4114 6338
334 236 446 300 513

1391 235 1623 304 Ε’ῘΑἮΙ
1663 237 1848 308 LUCII
1888 235 2146 304 DEXTBI
2185 241 2604 302 CHRONICON.

337 357 472 418 ΑΒ.
495 356 621 418 584.
699 356 954 416 Priamus
985 370 1084 430 per
1109 357 1228 416 haec
1249 356 1444 416 eadem
1468 368 1716 432 tempora
1747 359 1804 417 in
1837 357 2012 417 Gallia
2050 369 2262 431 regnat.

3531 256 3643 320 δυ

3319 365 3642 434 5.3.1155.

705 453 1260 525 Emerita-Augustae
1281 454 1336 510 in
1360 452 1619 524 Hispania
1646 453 1844 510 ldatius
1866 453 2196 526 EpiscOpus,
2215 453 2674 527 Metropolitanus
2695 452 2946 514 Pontifex
2966 453 3284 530 Lusitaniae,

770 552 962 601 contra
989 542 1392 600 Priscillianum
1421 542 1730 624 Concilium
1760 544 2058 602 contrahit.

699 641 956 717 Synodus
981 642 1156 699 altera
1183 641 1243 698 fit
1270 641 1327 698 in
1353 641 1658 700 Lusitania.

698 735 1130 811 Czcsaraugustaa
1157 735 1394 795 alterum
1439 736 1742 796 Concilium
1784 735 2011 796 contrah

2145 691 2189 699 -..η

2017 691 2412 813 ζρῐωῐιιὶι
2444 740 2774 815 Pliacgadius
2801 741 3107 818 Episcopus
3126 786 3142 805 .
3160 779 3176 804 .
3193 785 3208 804 .
3231 786 3248 804 .
3265 783 3284 807 .

1563 897 1630 957 B1
1641 899 1825 958 VARII
1865 898 2437 964 COMMENTARIUS.
2466 909 2468 912 ’

343 1039 473 1104 nam
507 1020 677 1104 epist.
715 1017 786 1104 βξ
813 1034 937 1104 eum
968 1015 1246 1104 Ifameliq;
1272 1025 1362 1104 ,δι’
1386 1015 1785 1104 apudhc'oncilii.
1806 1017 1947 1090 Aga-
1977 1017 2025 1078 A
2051 1031 2327 1104 cessarem
2350 1019 2764 1104 Cennchaldum
2791 1040 2804 1078 :
2829 1023 3647 1104 uthabes_apud_Tri_themium,

342 1090 696 1152 thensis‘acta
713 1093 942 1161 15,dist.
980 1093 1070 1160 15,
1105 1090 1249 1146 unde
1271 1091 1324 1146 in
1351 1090 1466 1146 haec
1492 1090 1568 1145 ait
1586 1090 1854 1146 Baronius
1875 1104 1935 1161 se

344 1183 452 1224 non
483 1167 662 1222 obniti
689 1183 704 1220 :
735 1159 906 1236 quare
932 1164 1108 1219 multo
1133 1164 1324 1236 minus»
1351 1177 1474 1236 nos.
1496 1161 1659 1236 Quod
1699 1161 1847 1236 addit
1872 1159 1942 1217 de

343 1238 610 1296 natalitiis
640 1232 940 1317 martyrum
970 1235 1195 1291 minime
1221 1232 1627 1317 diebusjejunii
1651 1233 1940 1317 celebran-

343 1311 452 1375 dis.
482 1325 590 1365 non
628 1323 759 1366 vere
783 1305 1056 1373 refertur;
1090 1321 1199 1363 non
1227 1305 1370 1362 enim
1400 1305 1601 1360 dicitur
1637 1306 1716 1361 sic
1741 1307 1792 1360 in
1825 1305 1942 1374 epi-

342 1383 484 1438 stola
528 1381 845 1445 lleliodori;
882 1378 977 1435 sed
1025 1379 1171 1448 quod
1210 1379 1276 1432 iis
1315 1377 1478 1434 etiam
1512 1376 1707 1432 diebus
1746 1378 1942 1433 missas

342 1453 634 1511 celebrans
669 1451 964 1508 multorum
1008 1459 1307 1522 martyrum
1348 1448 1564 1522 nomina
1608 1462 1942 1522 commento.

343 1531 528 1593 raret,
568 1525 709 1592 quod
750 1538 854 1596 ego
898 1520 1617 1596 decommemorationibus
1660 1521 1936 1596 intelligo,

341 1597 462 1652 sive
495 1593 941 1665 collectisfqute
965 1593 1040 1649 ita
1070 1593 1258 1665 vocari
1296 1601 1725 1658 consueverunt,
1758 1593 1841 1648 vel
1872 1594 1941 1648 de

345 1668 658 1724 nominibus
687 1664 1018 1731 sanctarum,
1050 1665 1142 1735 qui
1171 1664 1225 1720 in
1252 1677 1462 1735 canone
1489 1665 1845 1731 invocantur;
1875 1679 1941 1720 eo

342 1741 490 1795 enim
524 1739 706 1795 forsan
735 1738 856 1793 loco
881 1733 1149 1809 martyres
1177 1733 1453 1809 illiusdiei
1477 1743 1700 1809 sanctus
1723 1735 1938 1809 Grego-

342 1812 465 1868 rius
491 1813 798 1867 invocabat.
829 1809 889 1864 4ο
919 1805 1126 1862 Forsan
1155 1807 1223 1860 ab
1254 1807 1365 1878 alio
1386 1805 1605 1878 additus
1635 1818 1720 1860 est
1747 1808 1798 1861 in
1827 1805 1941 1878 epi-

343 1884 484 1938 stola
513 1882 817 1938 sanctitatis
844 1880 1058 1945 titulus,
1089 1879 1180 1949 qui
1210 1877 1659 1949 Eusebiordatur;
1687 1879 1806 1949 quis
1837 1877 1939 1934 hoc

344 1963 510 2025 neget
535 1953 792 2022 possibile
815 1953 870 2008 in
897 1948 1175 2025 codicibus
1203 1959 1348 2004 tanta
1377 1948 1596 2025 refertis
1627 1948 1939 2025 vetustate?

343 2025 404 2081 Id
420 2019 632 2095 passim
657 2026 708 2079 in
734 2032 1046 2080 sanctorum
1065 2023 1366 2095 Doctorum
1386 2019 1706 2095 scrijiticht
1728 2023 1780 2074 in
1805 2021 1940 2091 ipsis

344 2092 521 2154 sacris
548 2097 740 2153 Bibliis
762 2095 1029 2151 videmus.
1061 2093 1244 2148 Potuit
1281 2104 1338 2165 et_
1363 2093 1432 2146 ab
1461 2093 1578 2161 ipso
1609 2092 1940 2165 Hieronymo

343 2169 576 2238 apponi;
608 2183 730 2223 nam
761 2183 876 2221 aevo
909 2165 1027 2230 illo,
1059 2163 1412 2238 utiBaronius
1438 2178 1653 2238 quoque
1679 2162 1937 2238 affirmat,

346 2235 696 2296 communior
733 2238 834 2293 fuit
873 2236 1174 2293 sanctitatis
1213 2236 1433 2297 titulus,
1485 2235 1627 2288 unde
1669 2245 1724 2290 et
1768 2237 1939 2293 cuivis

344 2314 605 2383 episcopo
650 2311 814 2383 tribui
867 2309 1060 2364 solitus
1103 2315 1239 2363 erat.
1291 2307 1347 2361 5°
1394 2305 1507 2361 Nec
1554 2306 1750 2383 stylus_
1779 2308 1943 2365 valde

345 2379 630 2438 discordat
655 2398 686 2438 a
730 2381 1097 2451 Hieronymo,
1129 2393 1456 2451 quamquam
1489 2391 1594 2451 non
1624 2387 1708 2451 est
1730 2379 1939 2451 impro-

345 2455 551 2520 babile,
583 2448 968 2524 Hieronymum
1001 2448 1230 2524 primum
1261 2448 1534 2524 elotptenti
1564 2448 1707 2520 style
1729 2449 1938 2506 litteras

344 2527 670 2596 scripsisse,
719 2522 814 2581 sed
851 2539 878 2577 a
918 2523 1228 2596 Sophronio
1272 2522 1619 2596 in_Gr:ceum_
1652 2535 1942 2596 conversas

346 2591 544 2652 iterum
577 2591 867 2652 Latinitate
894 2591 1123 2650 donatas
1151 2606 1274 2648 esse
1302 2591 1423 2646 sine
1453 2591 1620 2662 priori
1653 2591 1837 2662 lepore
1877 2610 1941 2649 ac

345 2669 484 2724 sale.
511 2669 570 2724 6°
601 2669 668 2726 Et
690 2666 831 2722 falso
851 2665 1148 2735 imponitur
1167 2663 1434 2733 epistolae.
1460 2663 1602 2732 quod
1628 2662 1680 2718 in
1704 2681 1763 2717 ea
1793 2681 1942 2720 asse-

347 2750 522 2811 ratur,
572 2737 819 2796 kalendis
859 2737 1102 2811 Januarii
1135 2735 1348 2811 nullum
1392 2745 1688 2811 martyrum
1723 2749 1938 2811 passum

347 2803 520 2867 fuisse
537 2828 553 2878 ;
597 2811 922 2888 nam_solum
952 2808 1153 2863 dicitur
1183 2808 1330 2876 quod
1372 2803 1687 2888 nullusOdies
1716 2803 1821 2888 est,
1852 2810 1944 2888 qui

345 2900 454 2937 non
485 2885 622 2938 intra
646 2884 1054 2952 quingentorum
1068 2894 1338 2952 nutrierunt
1362 2879 1574 2952 reperiri
1594 2879 1756 2952 possit
1777 2881 1942 2952 ascri-

343 2965 490 3025 ptus,
523 2949 736 3026 excepto
765 2949 850 3007 die
870 2951 1213 3026 kalendarum
1230 2949 1628 3026 Ianuariarum.
1661 2949 1814 3017 Quod
1846 2966 1944 3005 au-

349 3022 459 3081 tem
494 3027 547 3081 in
583 3022 827 3080 Roiiiano
865 3022 1254 3094 Martyrologio
1285 3022 1499 3091 triginta
1531 3030 1765 3094 quatuor
1797 3037 1944 3078 mar-

349 3107 499 3161 tyres
536 3096 785 3152 kalendis
825 3092 1069 3152 Januarii
1119 3102 1470 3159 annoteutur,
1513 3092 1640 3161 quid
1684 3093 1752 3147 ad
1791 3096 1942 3150 rem?

398 3180 592 3240 egetur
617 3169 796 3240 solum
810 3182 887 3240 reo
904 3166 1006 3240 die
1031 3165 1351 3240 quingentos
1374 3165 1604 3240 occisos,
1637 3165 1724 3240 qui
1759 3176 1939 3221 tamen

348 3235 614 3296 numerus
643 3241 694 3294 in
725 3238 950 3307 reliquis
979 3236 1107 3291 anni
1135 3237 1328 3290 diebus
1353 3236 1492 3304 apud
1523 3235 1814 3307 Eusebium
1838 3281 1852 3305 ,
1890 3240 1940 3293 in

347 3327 452 3367 suo
479 3313 618 3366 libro
641 3311 708 3366 de
730 3306 1056 3382 Mariyribus
1077 3307 1398 3382 reperiatur,
1425 3316 1564 3382 teste
1587 3306 1938 3382 Hieronymo.

352 3383 510 3449 Vide,
540 3399 696 3452 rogo,
725 3378 885 3452 quani
931 3382 1076 3450 parvi
1116 3379 1370 3452 ponderis
1408 3378 1516 3452 sint
1543 3380 1724 3433 omnia
1756 3378 1875 3450 qua:
1912 3397 1943 3436 a

350 3445 809 3511 Baronio‘etint'ra
847 3445 1005 3506 fidem
1037 3445 1250 3506 illarum
1280 3451 1634 3519 epis-talorum
1673 3445 1943 3519 objiciun-

351 3535 480 3591 tur;
515 3538 576 3581 ιιι
605 3528 658 3580 in
687 3541 782 3581 eas
812 3523 1182 3578 Stomachatns
1209 3522 1497 3592 quinquies
1525 3523 1592 3576 de
1620 3523 1937 3592 impostura,

351 3607 439 3654 ter
466 3599 538 3653 de
565 3605 899 3660 commento,
927 3596 1010 3649 bis
1041 3595 1108 3649 dc
1136 3594 1442 3659 mendacio,
1474 3595 1638 3648 semel
1662 3594 1733 3650 de
1756 3611 1944 3650 errore

348 3685 446 3724 eas
489 3671 771 3740 arguerit;
814 3668 976 3722 modo
1021 3665 1276 3729 frivolas,
1329 3665 1492 3719 modo
1532 3666 1730 3729 falsas,
1779 3668 1942 3722 modo

352 3743 651 3797 mendaces
669 3754 900 3803 vocans;
925 3752 1020 3791 sua
1045 3745 1227 3792 autem
1251 3747 1578 3803 commenta,
1608 3753 1732 3808 qua:
1756 3748 1944 3793 aucto-

2051 1089 2149 1174 l‘ib.
2188 1091 2508 1174 dheDrigirie
2543 1093 2902 1174 Franc_orum_,
2936 1089 3176 1174 ei_alio's.
3208 1100 3456 1174 Meminit
3499 1089 3646 1174 ejus:

2048 1159 2171 1238 dem
2202 1159 2668 1238 PriamiProsper
2695 1167 2842 1238 Tyro
2867 1159 2925 1224 in
2956 1168 3165 1228 Chron.
3194 1186 3316 1238 suo,
3347 1173 3415 1229 ad
3442 1159 3645 1233 annum

2047 1234 2080 1286 4
2119 1232 2366 1312 Cratiani
2397 1232 2644 1308 Augusti,
2692 1232 2834 1311 apud
2880 1239 3180 1312 Canisium,
3234 1232 3366 1300 tom.
3416 1244 3438 1302 I
3485 1232 3644 1306 Lect.

2047 1305 2258 1360 antiau.

2121 1319 2470 1456 Emeritag,
2519 1387 2626 1437 etc.
2662 1380 2849 1456 Iiefert
2879 1383 3133 1456 Severius
3161 1385 3444 1456 Sulpitius.
3476 1387 3574 1445 lib.
3607 1405 3646 1446 ιι

2046 1460 2218 1528 sacra:
2246 1450 2518 1528 Historiae,
2553 1454 2705 1528 quod
2713 1470 2848 1528 cum
2877 1454 3130 1528 paulatim
3158 1450 3396 1528 perfidia:
3425 1458 3646 1516 Priscil-

2046 1519 2183 1597 lian‘i
2224 1522 2362 1597 tabes
2404 1519 2647 1594 pleraque
2675 1519 2947 1596 Hispanico
2976 1528 3089 1581 loca
3137 1519 3465 1597 pervasisset,
3512 1548 3646 1586 non-

2046 1590 2358 1672 nullietiam
2384 1590 2744 1672 episcoporum
2765 1590 3028 1672 depravati
3057 1590 3179 1654 sunt
3199 1619 3218 1667 ;
3241 1603 3378 1656 inter
3403 1590 3532 1672 quos
3553 1602 3646 1658 In-

2045 1665 2268 1740 stantius
2295 1677 2342 1720 et
2372 1665 2654 1740 Salvianus
2697 1684 2799 1722 non
2829 1665 2998 1723 Solum
3027 1665 3380 1740 consensione,
3415 1665 3524 1729 'sed
3544 1676 3640 1730 sub

2045 1735 2273 1804 quadam
2315 1738 2468 1791 etiam
2499 1739 2863 1811 conjuratione
2890 1757 3002 1794 eam
3033 1751 3226 1797 sectam
3264 1735 3644 1811 defendendam

2044 1819 2396 1884 susceperant.
2451 1811 2564 1875 Quo
2590 1809 2865 1884 ‘lliginius
2898 1814 3175 1882 episcopus
3207 1809 3574 1884 Cordubensis,
3617 1835 3647 1874 ε

2043 1878 2388 1956 uicino‘agens
2408 1878 2776 1956 εριηρενιοξαά
2799 1878 3029 1936 Idatium
3047 1896 3387 1955 cognomento
3407 1878 3642 1956 Claram,

2046 1944 2479 2024 Emeritérwtatis
2509 1944 2824 2008 sacerdotem
2849 1956 3022 2024 refert.
3056 1944 3213 2013 Tunc
3234 1971 3366 2013 sane
3397 1961 3462 2015 ad
3497 1944 3646 2015 Pris;

2043 2018 2249 2098 cil_liani
2301 2023 2552 2078 haeresim
2617 2018 3085 2098 condemnandam
3148 2031 3646 2098 comprovinciales

2045 2093 2332 2173 episcopos
2361 2109 2691 2173 convocans,
2722 2096 2982 2173 Emerita:
3022 2093 3311 2156 concilium
3343 2103 3542 2173 coegit,
3573 2101 3643 2159 de

2043 2176 2152 2238 quo
2177 2163 2229 2218 in
2253 2166 2506 2238 praesenti
2533 2167 2731 2222 Devtcr
2750 2169 2882 2234 agit.
2916 2169 3078 2238 quue
3108 2174 3242 2225 satis
3265 2173 3402 2228 ratio
3429 2163 3642 2229 suadet.

2046 2232 2174 2310 Erat
2222 2232 2420 2291 etenim
2461 2238 2576 2310 ipse
2614 2232 2905 2294 Lusitania:
2954 2232 3429 2310 metropolitanus,
3479 2253 3536 2300 et
3579 2259 3644 2300 ea

2045 2306 2629 2381 pollensauctoritate,
2663 2309 2950 2381 acingenti
2988 2306 3218 2368 ornatus
3262 2306 3531 2381 doctrina,
3569 2316 3650 2372 fa-

2043 2376 2280 2452 cileipsi
2324 2389 2459 2452 erat,
2511 2379 2768 2436 lizcresitn
2810 2376 2965 2437 illam
3019 2385 3427 2452 quamprimum
3467 2376 3642 2444 a'suis

2049 2448 2249 2525 liniims
2288 2451 2708 2525 eliminareaeo
2739 2448 3047 2523 praesertim
3078 2448 3222 2525 quod
3265 2456 3644 2520 Priscillianus

2049 2519 2100 2596 i_n
2130 2519 2384 2596 Gallsceia
2429 2532 2580 2596 ortus
2612 2519 2808 2596 fuerat,
2861 2519 3106 2596 ejusque
3138 2526 3366 2583 hmresis
3397 2529 3527 2586 inibi
3558 2546 3646 2586 ar-

2045 2589 2263 2668 dentius
2291 2594 2574 2668 serpebat;
2624 2589 3071 2668 cujusnimirum
3120 2597 3238 2666 ipse
3288 2599 3512 2668 ldatius,
3564 2612 3650 2656 ut-

2047 2663 2550 2738 potepracarensis
2595 2666 2886 2735 episcopus
2914 2678 3032 2723 erat
3059 2663 3544 2738 metropolitanus;
3593 2681 3651 2728 ct

2044 2732 2111 2812 aid
2179 2735 2330 2812 illum
2390 2732 2663 2812 praecipue
2719 2732 2997 2812 daninaiio
3057 2732 3280 2805 haeresis
3339 2732 3646 2812 spectabat.

2045 2804 2224 2882 Quare
2257 2806 2339 2859 his
2368 2804 2500 2882 qum
2534 2810 2586 2862 in
2629 2810 2864 2882 concilio
2895 2810 3224 2867 Emeritensi
3257 2804 3470 2882 egerat,
3505 2831 3645 2870 nova

2043 2875 2275 2945 adjecit;
2311 2878 2529 2945 scripsit
2561 2881 2758 2935 ctenim
2799 2892 2990 2935 contra
3023 2897 3242 2938 errores
3272 2875 3467 2940 omnes
3497 2885 3645 2940 illius

2047 2947 2260 3020 insigne
2306 2949 2583 3016 volumen,
2629 2951 2698 3006 de
2741 2966 2848 3020 quo
2892 2953 2950 3008 S.
2987 2951 3226 3009 Isidorus
3265 2954 3360 3009 lib.
3406 2956 3474 3011 dc
3504 2957 3651 3012 Viris

2042 3017 2348 3076 illustribus
2379 3020 2603 3099 hmcait
2633 3040 2649 3099 ς
2686 3017 2898 3099 ldatius
2939 3023 3643 3099 Hispaniarumepiscopus,

2043 3101 2381 3167 cognomento
2403 3101 2450 3167 et
2475 3093 2676 3167 eloquio
2698 3093 2906 3167 Clarus.
2935 3093 3142 3167 scripsit
3159 3093 3434 3167 quemdam
3458 3093 3650 3154 librum

2044 3162 2141 3235 sub
2167 3163 2490 3235 Apologetici
2516 3162 2716 3235 specie;
2760 3166 2815 3218 in
2839 3182 2941 3234 quo
2983 3162 3290 3222 detestanda
3319 3168 3649 3226 Priscilliani

2045 3234 2312 3314 dogmata,
2331 3234 2384 3314 et
2406 3235 2778 3304 maleﬁciorum
2805 3239 2918 3314 ejus
2940 3238 3514 3314 artes,_libidinumque
3535 3245 3650 3314 ejus

2045 3306 2245 3378 probra
2306 3307 2666 3370 dentonstrat;
2734 3308 3007 3364 ostendens
3069 3309 3309 3364 Marcum
3371 3306 3652 3378 quemdam

2046 3374 2473 3450 Mempltiticum,
2511 3379 2696 3450 magia:
2742 3379 3142 3435 scientissimum
3167 3423 3181 3442 .
3230 3374 3423 3438 Nianis
3449 3394 3498 3438 et
3526 3383 3651 3440 Pri-

2045 3448 2274 3501 scilliam'
2307 3448 2635 3520 nmgistruni.
2671 3451 2769 3506 l-lic
2801 3461 2982 3506 tantus
3012 3455 3096 3506 vir
3122 3454 3191 3509 de
3231 3453 3336 3509 fide
3382 3457 3650 3512 catholica

2045 3528 2234 3574 contra
2263 3521 2685 3593 Priscillianum,
2715 3532 2770 3578 et
2796 3522 2912 3593 ejus
2952 3537 3212 3593 sequaces
3238 3525 3441 3593 optime
3480 3528 3646 3583 meri-

2047 3598 2155 3656 tus,
2181 3605 2371 3666 passus
2387 3591 2745 3666 estSeverum
2758 3591 3149 3666 detractor—em,
3171 3597 3260 3666 qui
3278 3591 3426 3653 inter
3445 3597 3548 3653 alia
3581 3599 3650 3656 de

2046 3677 2113 3717 co
2140 3663 2359 3739 scripsit
2379 3665 2544 3739 ritate
2573 3665 2691 3739 loco
2712 3663 2890 3739 :Certe
2916 3663 3302 3739 ldatiumnihil
3323 3671 3490 3739 pensi,
3520 3670 3654 3726 nihil

2046 3734 2215 3788 sancti
2239 3733 2479 3790 habuisse
2506 3734 2735 3804 deﬁnio;
2766 3736 2863 3805 fuit
2902 3739 3037 3791 enim
3060 3736 3259 3805 audax,
3290 3733 3501 3806 loquax,
3553 3743 3653 3796 int-

352 3814 508 3868 ribus
539 3814 700 3882 plane
737 3801 1184 3883 destitutasunt,
1231 3819 1342 3863 toto
1371 3809 1514 3863 coelo
1546 3801 1680 3883 lucis
1720 3810 1948 3865 veritate
1977 3801 2022 3864 C
2053 3801 2775 3883 pudens,prwgmntp'tuosus.
2813 3808 2920 3883 Sed
2946 3809 3036 3883 cui
3070 3801 3254 3883 potius.
3291 3801 3540 3883 (lector)
3563 3829 3652 3868 as-

352 3880 646 3954 perspicua
676 3882 893 3939 dixerit.
922 3880 1026 3936 Sed
1060 3881 1658 3954 placettempcrantius
1683 3896 1808 3936 cum
1834 3883 1950 3953 ipso

352 3952 540 4027 agerc,
571 3965 628 4010 et
656 3955 900 4027 modeste
925 3967 1140 4027 semper
1163 3952 1442 4027 scribere._
1514 4012 1526 4023 ,

437 4023 532 4082 De
549 4037 796 4097 tempore
823 4024 1207 4097 celebrationis
1248 4023 1679 4097 Mediolanensis
1703 4025 1947 4097 concilii,

354 4098 638 4169 aliquanto
663 4095 944 4169 difﬁcilius
974 4105 1058 4169 est
1075 4096 1351 4169 judicare,
1379 4111 1503 4149 nam
1528 4095 1682 4148 multi
1705 4096 1797 4169 bis
1828 4105 1948 4150 tan-

361 4166 475 4225 tum
508 4170 741 4226 credunt
762 4167 1128 4223 Theodosium
1160 4166 1213 4221 in
1238 4166 1441 4221 Italiam
1468 4167 1834 4232 concessisse,
1866 4182 1953 4223 se-

358 4243 465 4297 mel
497 4242 718 4310 quidem
741 4254 886 4294 anno
910 4239 1123 4306 imperii
1154 4238 1188 4293 9
1213 4237 1393 4309 (quod
1425 4238 1772 4292 Marcellinus
1793 4239 1954 4295 habet

360 4315 413 4367 in
447 4309 758 4382 Chronico)
790 4321 980 4367 contra
1013 4309 1303 4364 Maximum
1337 4319 1729 4380 pugnaturum:
1753 4313 1951 4365 iterum

361 4401 510 4439 anno
540 4384 629 4452 l6,
662 4392 846 4439 contra
880 4382 1182 4451 Eugenium
1212 4397 1366 4450 tuque
1397 4393 1686 4451 tyrannum
1715 4401 1727 4434 :
1760 4393 1953 4437 neutro

359 4467 546 4512 autem
591 4468 837 4524 tempore
876 4455 992 4507 fieri
1038 4454 1277 4524 potuisse
1319 4453 1606 4508 contendit
1649 4453 1952 4518 Baronitts,

361 4545 485 4598 cap.
516 4529 550 4582 7
594 4528 661 4584 de
703 4523 1093 4596 Martyrologio
1123 4523 1322 4598 diem“
1369 4525 1491 4592 quia
1534 4524 1790 4598 videlicet
1837 4524 1954 4598 ejus

361 4595 586 4654 concilii
628 4614 736 4653 non
782 4595 1078 4652 meminere
1122 4595 1484 4667 Hieronymus
1521 4606 1573 4650 et
1608 4596 1951 4662 Ambrosius,

363 4673 458 4742 qui
498 4685 589 4725 res
615 4680 798 4741 gestas
841 4667 1131 4722 Theodosii
1182 4668 1454 4742 prosecuti
1503 4675 1651 4722 sunt.
1701 4668 1807 4722 Sed
1852 4668 1956 4724 hoc

364 4741 583 4814 quoque
610 4745 986 4814 argumentum
1037 4749 1225 4814 inpete
1270 4741 1580 4814 negativum
1614 4753 1812 4814 nocere
1860 4754 1957 4795 ne-

365 4811 509 4886 qua:
535 4811 726 4886 altero
763 4813 926 4881 igitur
956 4825 1023 4866 ex
1048 4811 1161 4886 illis
1191 4811 1522 4886 temporibus
1554 4811 1820 4886 accidisse
1864 4826 1958 4880 po-

371 4881 492 4940 t'nit.
539 4883 812 4939 Caeterum
863 4897 985 4936 cum
1045 4881 1246 4936 Dexter
1283 4882 1570 4936 concilium
1622 4883 1955 4937 celebratum

371 4959 504 5013 velit
529 4971 673 5011 anno
703 4953 918 5009 Domini
940 4954 1068 5015 584,
1091 4956 1203 5023 qui,
1229 4955 1370 5021 apud
1393 4953 1603 5023 ipsum,
1630 4955 1820 5008 tertius
1841 4962 1962 5008 erat

372 5027 587 5098 imperii
611 5024 942 5092 Theodosii;
973 5022 1220 5096 cogimur
1245 5022 1406 5098 fateri
1434 5028 1595 5098 terit:
1625 5024 1834 5080 Italiam
1869 5040 1961 5080 vc-

2052 3877 2434 3952 sentiendum?
2476 3879 2738 3952 Sulpitio,
2783 3895 2851 3933 an
2891 3877 3136 3952 Isidoro?
3178 3877 3556 3952 Cognomento
3597 3894 3654 3940 et

2053 3948 2273 4019 eloquio
2302 3948 2548 4016 Clarum,
2577 3948 2803 4004 ldatium
2837 3961 2992 4005 vocat
3023 3948 3300 4018 Isidorus";
3331 3963 3387 4007 et
3418 3953 3506 4011 hic
3534 3963 3653 4011 tan-

2051 4027 2164 4094 tus,
2205 4020 2404 4094 audax,
2437 4021 2641 4091 loqth
2685 4021 2841 4094 criti
2879 4020 3014 4094 nihil
3061 4023 3239 4094 pensi,
3293 4022 3432 4079 nihil
3474 4028 3654 4083 sancti

2054 4091 2277 4147 habuit?
2308 4093 2423 4147 lloc
2453 4107 2618 4147 unum
2645 4094 2790 4159 scio,
2825 4091 3225 4149 Priscillianum
3266 4103 3381 4150 toto
3407 4097 3543 4154 orbe
3584 4099 3654 4154 ab

2054 4165 2172 4230 ipso
2203 4162 2529 4236 insectatum
2561 4181 2574 4218 :
2603 4172 2752 4236 eteo
2779 4174 2974 4234 agente
2995 4165 3065 4219 ab
3097 4167 3216 4236 ipso
3255 4166 3476 4224 tandem
3517 4169 3653 4228 orbe

2053 4236 2356 4302 repulsum,
2391 4244 2450 4289 ut
2474 4235 2586 4306 jam
2619 4235 2818 4290 dicam.

2127 4310 2180 4364 6.
2214 4306 2464 4378 Synodus
2481 4305 2669 4373 altera,
2695 4319 2802 4364 etc.
2836 4305 2954 4362 Non
2983 4315 3276 4365 contentus
3301 4308 3502 4366 ldatius
3539 4312 3660 4369 sola

2053 4379 2270 4453 concilii
2307 4379 2660 4453 litucritensis
2688 4379 3072 4453 damnatione,
3124 4381 3270 4453 aliud
3303 4398 3520 4453 quoque
3561 4389 3676 4439 co-'

2055 4467 2184 4521 gere
2218 4452 2342 4504 fecit
2370 4452 2422 4504 in
2458 4449 2733 4504 Lusitania
2759 4468 2773 4505 :
2809 4449 2878 4505 de
2904 4452 3096 4521 quibus
3128 4449 3336 4507 ldatius
3363 4449 3528 4518 alter,
3555 4454 3661 4510 La-

2059 4524 2329 4578 macensis
2357 4521 2647 4589 episcopus
2676 4535 2848 4588 agens
2879 4522 2931 4576 in
2973 4522 3246 4578 Chronico
3273 4539 3399 4589 suo,
3446 4524 3511 4580 ad
3557 4542 3660 4581 an-

2059 4610 2186 4648 num
2217 4591 2508 4664 Theodosii
2536 4593 2715 4660 Magni
2735 4594 3047 4664 septimum,
3072 4592 3275 4664 inquit:
3293 4593 3662 4654 Priscillianus

2058 4667 2340 4741 declinans
2355 4666 2410 4741 in
2438 4663 2677 4741 [tiercsim
2717 4663 3344 4741 Gn_0st_icorum,ialiqugt
3387 4668 3661 4741 episcopo-

2058 4754 2175 4791 rum
2196 4737 2429 4790 conciliis
2448 4737 2746 4809 judicatus,
2782 4735 2995 4809 Italiam
3012 4737 3179 4809 petiit,
3207 4735 3257 4792 et
3280 4735 3521 4807 Romam,
3550 4735 3661 4797 etc.

2063 4809 2163 4864 Ubi
2198 4824 2305 4863 non
2335 4808 2497 4862 unum
2527 4808 2831 4875 dumtaxat,
2862 4808 2960 4862 sed
2982 4808 3191 4878 aliquot
3218 4819 3405 4865 contra
3435 4808 3663 4867 Priscil-

2061 4879 2268 4934 liauum
2312 4880 2540 4934 concilia
2573 4889 2762 4934 coacta
2810 4879 2978 4947 fuisse
3023 4878 3246 4935 fatetur.
3277 4879 3333 4935 In
3374 4895 3588 4938 canone
3629 4885 3655 4939 1

2061 4951 2282 5024 concilii
2315 4967 2331 5005 ι
2363 4950 2610 5024 'I‘oletani
2658 4949 2716 5003 fit
2750 4951 2972 5024 mentio
3002 4949 3072 5004 de
3099 4951 3333 5024 quadam
3375 4954 3587 5024 synodo
3629 4969 3663 5010 a

2063 5023 2340 5078 Lusitanis
2368 5021 2641 5092 episcopis
2680 5020 2953 5093 celebrata
2997 5032 3127 5093 ante
3157 5023 3359 5092 ipsum,
3405 5020 3532 5093 qua:
3557 5025 3663 5080 alia

371 5091 556 5167 uisse;
598 5100 859 5166 reliquias
899 5091 1224 5151 idololatriae
1270 5104 1328 5151 et
1355 5095 1650 5169 Arianismi
1709 5106 1956 5166 proslra-
2063 5109 2188 5169 esse
2237 5109 2342 5149 non
2390 5091 2589 5164 potest,
2631 5107 2792 5163 quam
2824 5091 2943 5148 haec
2985 5092 3055 5149 de
3094 5091 3198 5166 qua
3245 5108 3388 5151 nunc
3425 5091 3669 5169 loquitur

372 5182 580 5250 turum,
603 5179 660 5226 et
686 5169 1054 5250 Valentiniani
1085 5168 1434 5250 imperatoris
1463 5183 1662 5250 corpus
1693 5173 1962 5250 Constan~
1987 5189 2042 5250 D
2070 5167 2292 5250 Deiter.
2582 5244 2593 5250 _
2733 5244 2744 5250 _
2837 5236 2878 5250 η
3130 5238 3143 5250 ο

2139 5238 2192 5320 7..
2226 5238 2664 5320 (ἐρεδᾳιοᾳιιειιιδςωε
2695 5244 2802 5292 etc.
2837 5236 2952 5320 Iloc
2978 5238 3254 5310 prmcipue
3284 5236 3527 5320 concilio
3553 5235 3671 5320 hac:

2074 5310 2212 5367 resis
2254 5308 2586 5365 Priscilliani
2635 5309 2887 5364 damnata
2933 5308 3054 5376 est,
3101 5308 3558 5366 cenvenientibns
3601 5309 3670 5366 ad

2072 5387 2253 5452 ipsum
2300 5381 2486 5434 multis
2523 5378 2796 5450 episcopis
2837 5396 2944 5436 non
2993 5381 3169 5436 solum
3218 5379 3518 5450 llispanite,
3567 5381 3666 5437 sed

2074 5454 2235 5510 etiam
2268 5452 2819 5520 Gallianprtefuitque
2840 5453 3179 5522 Agennensis
3203 5453 3493 5522 episcopus
3529 5452 3672 5508 Phe-

2076 5526 2290 5596 gadius.
2323 5523 2566 5578 Meminit
2597 5523 2755 5593 hujus
2785 5525 2976 5594 synodi
3013 5522 3269 5587 Severus,
3304 5523 3398 5579 lib.
3436 5539 3472 5578 ιι
3501 5539 3676 5596 sacra:

2080 5595 2247 5661 llist.,
2299 5611 2367 5652 ex
2397 5612 2506 5663 quo
2537 5596 2863 5652 Ambrosius
2907 5596 3161 5661 Morales,
3201 5596 3294 5650 lib.
3325 5610 3380 5661 ι,
3426 5611 3548 5663 cap.
3581 5595 3674 5660 44,

2087 5670 2337 5736 Vaszeus,
2386 5668 2645 5732 Mariana,
2680 5677 2734 5722 et
2769 5669 2974 5723 etcteri.
3012 5668 3200 5722 Exstat
3227 5667 3282 5721 in
3311 5675 3460 5722 tomo
3487 5666 3684 5725 Conci-

2089 5741 2290 5798 liorum
2321 5738 2600 5808 Hispania:
2629 5738 2919 5810 concilium
2943 5738 3214 5810 quoddam
3239 5738 3684 5810 Caesaraugusta-

2090 5828 2243 5882 num,
2292 5812 2626 5872 celebratum
2675 5811 2767 5884 (ut
2811 5808 2868 5868 in
2910 5809 3030 5881 ejus
3070 5810 3251 5882 capite
3299 5808 3535 5885 dicitur)
3572 5825 3684 5872 tera

375 5243 661 5314 tinopolim
684 5240 1200 5314 delaturumtqucrn
1221 5247 1437 5314 consiat
1463 5253 1606 5314 anno
1622 5241 1658 5314 it
1687 5241 1962 5295 Antonino

373 5323 432 5369 et
472 5311 691 5385 Siagrio
723 5327 868 5368 coss.
909 5314 961 5368 in
1001 5311 1265 5385 Grzeciam
1297 5328 1327 5366 a
1357 5311 1672 5368 Theodosio
1713 5322 1967 5382 asporta-

377 5397 514 5452 tum,
548 5384 845 5440 lienorilice
873 5384 1145 5454 sepultum
1179 5384 1368 5438 fuisse.

447 5459 502 5513 4.
540 5457 809 5518 Priamus,
845 5467 949 5511 etc.
978 5455 1035 5510 In
1066 5469 1269 5527 excuso
1294 5455 1479 5510 Dextri
1503 5456 1692 5512 codice
1716 5466 1971 5527 corrupte

379 5529 687 5600 legebatur,
733 5527 1016 5598 Pyramus,
1051 5524 1449 5600 pro_Priamus.
1491 5527 1762 5598 Regnavit
1793 5524 1896 5583 hic'
1917 5529 1971 5584 in

379 5597 607 5656 Francia
651 5597 897 5654 orientali
941 5614 1110 5669 super
1151 5597 1424 5667 Francos,
1473 5597 1664 5654 tertius
1704 5617 1732 5653 a
1774 5599 1976 5655 Phara-

381 5672 609 5741 muudo,
659 5669 747 5726 cui
777 5668 1043 5741 successit
1070 5668 1238 5724 frater
1265 5670 1383 5739 ejus
1424 5671 1812 5741 Marcomerns,
1855 5672 1979 5727 huic

381 5755 567 5799 autem
609 5742 754 5797 filius
795 5741 965 5810 ipsius
1015 5740 1261 5795 Priamus
1295 5745 1534 5807 nomine,
1569 5744 1660 5812 qui
1706 5740 1852 5798 eirea
1879 5759 1979 5798 an-

383 5829 516 5874 num
549 5814 768 5876 Domini
792 5813 906 5873 425
931 5813 1132 5886 legitur
1169 5812 1430 5873 habuisse
1469 5814 1754 5887 imperium
1777 5823 1832 5875 et
1861 5829 1985 5875 suc-
