4114 6338
283 272 395 340 838

1329 277 1564 339 FLAVII
1602 278 1786 339 LUCII
1822 279 2083 341 DEXTRI
2119 281 2538 343 CHRONICON.

3482 292 3587 353 526

276 392 573 457 A.C.588.
646 394 705 458 ὃ.
754 395 1068 468 Augustalis
1107 393 1483 455 lliberritanus
1512 399 1801 471 episcopus
1831 399 2054 458 Arelate
2098 402 2353 474 moritur,
2392 418 2457 461 ac
2485 403 2542 461 in
2588 410 2909 463 sanctorum
2947 406 3589 484 numerumA.R._il§9.

710 488 919 546 relatus
948 497 1067 557 est,
1093 488 1250 561 cujus
1278 490 1541 547 memoria
1572 490 1771 547 colitur
1798 493 1830 546 7
1858 490 2222 563 Septembris.

637 584 862 656 Aliquot
888 583 1132 656 episcopi
1162 583 1523 641 Priscilliante
1549 584 1831 655 lactionis,
1875 585 1946 643 ad
1975 588 2343 660 Ambrosium,
2373 590 2832 650 Mediolanensem
2873 592 3185 669 episcopum
3209 639 3226 667 ,

705 678 978 751 Hispania:
1003 677 1283 752 episcopis
1317 680 1607 737 catholicis
1643 679 1773 737 ﬁdei
1794 725 1809 751 ,
1859 696 1925 738 ac
1963 682 2219 741 amicitiai
2262 684 2469 743 findere
2503 688 3009 758 conjunctissimum
3039 694 3230 752 conin-

709 777 863 848 giunt
906 793 918 830 :
967 776 1061 845 qui
1102 784 1371 833 anteactae
1425 775 1553 832 vitae
1599 787 1656 833 et
1701 790 1924 833 suorum
1974 792 2222 837 errorum
2243 780 2401 837 valde
2454 780 2705 839 dolentes
2752 783 3101 843 confessione
3151 787 3222 843 ad

706 870 973 943 gremium
999 869 1260 927 Ecclesiae
1284 870 1465 926 redire
1493 878 1769 942 satagunt.
1802 870 1858 927 ln
1884 871 2079 942 quibus
2103 873 2366 929 Dictinius
2390 884 2518 930 tunc
2541 876 2846 948 presbyter,
2878 886 3064 948 postea
3089 893 3221 939 vero

705 965 995 1036 episcopus
1017 964 1409 1033 Asturicensis,
1431 963 1791 1037 Sympbosius
1814 966 2104 1038 episcopus
2120 981 2189 1022 ex
2215 967 2488 1036 Callaecia,
2511 980 2565 1024 et
2587 971 2748 1025 etiam
2774 970 2865 1025 alii
2889 973 3222 1043 complures.

633 1057 915 1128 Augustali
941 1057 994 1111 in
1023 1056 1155 1112 sede
1180 1054 1382 1112 Baetica
1414 1055 1753 1114 llibcrritana
1780 1057 2019 1115 succedit
2040 1057 2337 1130 Gregorius
2360 1075 2426 1115 ex
2451 1061 2710 1131 praelecto
2729 1063 2985 1133 prastorio
3010 1064 3223 1135 Gallia},

698 1149 812 1220 jam
833 1147 1099 1204 conlecta:
1123 1157 1177 1204 et
1196 1147 1467 1220 gravioris
1488 1148 1703 1215 astatis;
1734 1151 1816 1205 vir
1846 1150 2095 1220 apprime
2130 1151 2272 1222 pius,
2296 1160 2350 1207 et
2380 1153 2598 1224 egregie
2630 1153 2798 1209 bonas
2829 1163 2976 1212 artes
3006 1156 3222 1215 doctus.

636 1241 870 1301 Severus
910 1241 1199 1313 episcopus
1241 1240 1598 1298 Malzicitanus
1645 1238 1771 1315 [AL
1805 1239 2229 1316 Lamacitanus]
2258 1243 2480 1314 scripsit
2517 1243 2714 1305 librum
2757 1245 2825 1302 ad
2866 1260 3108 1306 sororem
3156 1250 3225 1308 de

704 1334 1031 1407 virginitate.

1498 1412 1756 1488 amrin
1794 1431 2364 1515 COMMENTARIUS.

266 1559 391 1626 post
425 1565 621 1605 annum
650 1549 1071 1626 transtulit_eu_m
1104 1561 1343 1626 matrona
1361 1554 1474 1626 ejus
1518 1550 1771 1626 Aeliantia
1798 1552 1868 1607 ad
1897 1554 1946 1615 A
1975 1549 2195 1626 Dictinii
2226 1553 2538 1617 confessoris
2560 1552 2637 1606 tui
2666 1561 2817 1624 atque
2843 1556 3108 1626 pontificis
3134 1558 3280 1615 nobis
3320 1563 3582 1623 celebrare

268 1623 566 1693 Hispanias
622 1621 877 1694 pedestre.
921 1622 1126 1679 Eadem
1174 1623 1287 1677 fere
1333 1621 1395 1677 in'
1431 1624 1702 1678 Chronico
1756 1624 1871 1693 ipso

263 1710 417 1766 anno
443 1694 549 1749 588
578 1693 645 1749 de
670 1693 916 1766 Cynegio
943 1696 1175 1750 dixerat.
1208 1696 1282 1750 De
1306 1695 1523 1749 Maximi
1556 1705 1611 1750 et
1637 1694 1870 1750 Victoris

266 1768 365 1821 lilii
393 1765 767 1822 internecione
798 1767 907 1836 agit
956 1766 1141 1822 itidem
1189 1767 1533 1821 Marcellinus
1572 1767 1626 1821 in
1656 1766 1864 1822 Chron.

260 1837 461 1893 iisdem
485 1852 629 1892 coss.
648 1846 703 1893 et
722 1838 872 1892 addit
894 1855 908 1892 :
934 1837 1329 1909 Andragathius
1348 1854 1542 1899 comes.
1568 1846 1730 1893 morte
1752 1839 1871 1892 31a-

264 1910 402 1982 εἰμί
426 1910 655 1982 cognita,
692 1912 1009 1981 praecipitem
1030 1925 1140 1964 sese
1159 1927 1184 1964 e
1207 1911 1323 1964 navi
1354 1909 1407 1963 in
1430 1910 1600 1965 undas
1621 1909 1785 1976 dedit,
1808 1927 1869 1965 ac

261 1981 553 2050 suﬁ‘ocatus
581 1988 674 2035 est.

333 2054 393 2109 2.
420 2051 481 2108 8.
512 2052 835 2124 Augustalis,
860 2061 970 2108 etc.
1023 2053 1287 2123 Superius
1316 2052 1382 2107 ad
1414 2068 1615 2108 annum
1641 2053 1747 2110 582
1772 2070 1872 2112 no-

264 2133 480 2181 taverat
512 2123 712 2180 Dexter
734 2125 789 2178 S.
825 2123 1139 2195 Augustalis
1170 2125 1374 2180 obitum
1403 2124 1456 2178 in
1489 2124 1697 2180 Gallia:
1725 2142 1870 2182 nunc

258 2197 456 2252 urbem
490 2196 763 2268 designat,
786 2204 841 2251 ct
865 2198 1271 2253 venerationem
1306 2197 1352 2251 ei
1380 2210 1407 2249 a
1439 2196 1726 2252 catholicis
1748 2200 1863 2268 epi-

255 2267 705 2343 scopisimpcndi
730 2267 959 2343 iussam.
1018 2268 1344 2343 l‘lrstabejus
1361 2268 1638 2343 _tite_ntoria
1660 2268 1713 2323 in
1730 2341 1741 2343 _
1759 2267 1869 2343 Rio-

260 2354 428 2410 mano
451 2340 858 2410 Martyrologio,
876 2351 929 2394 et
952 2340 1092 2409 apud
1119 2338 1315 2395 Bedani
1342 2339 1428 2395 die
1448 2338 1480 2393 7
1500 2338 1861 2408 Septembris.

255 2409 532 2466 Baronius
554 2409 623 2466 de
652 2410 793 2467 Sede
840 2411 959 2481 ejus
1000 2411 1278 2481 dubitans,
1322 2426 1420 2481 pro
1449 2425 1518 2466 eo
1544 2412 1688 2480 quod
1717 2412 1862 2468 Beda

255 2482 448 2549 habet,
480 2483 685 2554 Arelate
732 2482 795 2537 S.
837 2482 1137 2554 {Augustalis
1168 2482 1394 2554 episcopi
1429 2491 1478 2536 et
1522 2484 1861 2550 confessoris,

254 2554 519 2628 mutavit,
541 2555 597 2608 in
625 2552 812 2608 Galliis
838 2553 900 2609 S.
923 2552 1244 2628 Augustalis,
1272 2552 1401 2628 etc},
1438 2569 1503 2609 co
1525 2554 1672 2628 quod
1700 2554 1761 2628 in
1786 2566 1867 2611 ta-

252 2625 405 2681 bulis
424 2624 1231 2698 episcoporumArelatensium
1252 2641 1285 2698 ει
1318 2624 1657 2698 Demochare
1678 2626 1859 2693 editis,

254 2698 442 2752 nullus
471 2698 589 2766 ejus
620 2696 857 2768 nominis
887 2698 1216 2766 reperiatur.
1251 2696 1473 2768 Indigne
1498 2706 1703 2763 tamen,
1736 2700 1860 2767 quia

251 2768 419 2839 Beda
438 2786 544 2823 non
576 2770 772 2825 asserit
800 2767 966 2823 fuisse
995 2767 1741 2839 Arelatensemepiscopum,
1765 2771 1860 2825 sed

254 2840 370 2896 illic
402 2838 596 2896 festum
619 2840 688 2896 de
714 2855 783 2896 eo
828 2839 1120 2907 celebrari,
1150 2841 1278 2909 quia
1312 2840 1565 2894 nimirum
1596 2838 1675 2894 ibi
1717 2842 1859 2896 diem

252 2910 455 2968 clausit
484 2921 812 2977 extremum,
834 2920 890 2965 et
909 2926 1108 2980 corpus
1137 2910 1415 2965 humatum
1442 2920 1546 2966 est.
1576 2911 1731 2979 Quod
1762 2928 1847 2967 au-

256 2991 370 3038 tem
403 2983 593 3053 adjicit
636 2983 778 3039 idem
827 2982 1127 3050 Duronius,
1160 2983 1413 3053 ireperiri
1463 2983 1858 3052 subscripsisse

256 3052 500 3111 concilio
525 3054 863 3110 Arausicano
893 3069 909 3107 ι
940 3053 1040 3107 sub
1072 3054 1129 3107 S.
1155 3052 1339 3108 Leone
1371 3068 1505 3124 papa
1534 3071 1547 3107 :
1582 3069 1692 3124 quo
1726 3067 1858 3110 tem-

257 3140 396 3195 pore
423 3135 656 3197 prmerat
678 3126 1094 3181 Arelatensibus
1143 3126 1200 3179 S.
1232 3126 1495 3197 llilarius,
1523 3140 1629 3179 non
1660 3134 1744 3180 est
1789 3128 1854 3181 ad

257 3214 402 3264 rem,
428 3196 576 3266 uitia
606 3196 769 3267 longe
821 3197 957 3253 alter
1006 3197 1325 3266 Augustalis
1371 3207 1453 3251 est
1486 3196 1571 3251 hic
1600 3213 1630 3251 a
1671 3208 1857 3252 nostro

256 3268 664 3333 Iliberritano;
721 3285 845 3324 eum
909 3278 1122 3324 conStet
1189 3267 1585 3323 Iliberritanum
1656 3268 1856 3325 obiisse

256 3356 408 3395 anno
428 3341 558 3403 582.
581 3339 842 3411 Sanctum
865 3354 1047 3395 autem
1075 3339 1313 3395 Leonem
1337 3355 1511 3411 usque
1532 3338 1599 3394 ad
1619 3337 1728 3396 440
1749 3357 1856 3398 non

256 3413 452 3468 iniisse
481 3411 641 3466 Rom.
696 3410 1095 3466 Pontiﬁcatum.

326 3485 387 3540 3.
415 3484 625 3556 Aliquot
651 3483 898 3556 episwpi,
928 3492 1034 3556 etc.
1076 3481 1133 3539 Id
1162 3497 1231 3556 ex
1277 3482 1415 3556 actis
1443 3482 1659 3556 concilii
1690 3481 1853 3539 Tole-

255 3557 371 3610 tani
402 3554 562 3623 primi
594 3554 723 3610 dicti
772 3554 1117 3609 manifestum
1159 3554 1260 3608 ﬁt:
1304 3554 1358 3609 in
1386 3555 1655 3609 sententia
1710 3558 1855 3611 enim

254 3635 451 3682 contra
475 3625 889 3696 Symphosium,
918 3636 973 3682 et
1007 3624 1293 3680 Dictininm
1316 3625 1438 3680 data
1471 3629 1553 3680 sic
1582 3626 1810 3695 legimus
1837 3646 1849 3682 :

250 3696 466 3753 Litteris
487 3695 679 3753 sancta:
707 3699 967 3752 memoriae
996 3695 1273 3763 Ambrosii,
1296 3713 1422 3767 quas
1437 3707 1551 3762 post
1581 3698 1854 3753 concilium

252 3770 779 3841 Ctzsarangustannm
797 3769 867 3822 ad
886 3786 980 3824 nos
998 3770 1242 3832 miserat;
1265 3779 1318 3821 ut
1339 3769 1383 3822 si
1407 3769 1851 3837 condemnassent,

250 3856 374 3912 qua
408 3856 679 3912 perperam
701 3851 932 3911 egerant,
959 3850 1005 3894 et
1026 3840 1322 3912 implessent
1351 3841 1693 3905 conditiones,
1724 3857 1853 3910 quas

251 3910 583 3983 prmeriptas
607 3910 791 3967 littera:
807 3910 1163 3976 continebant,
1176 3919 1548 3965 reverterentur
1560 3912 1630 3963 ad
1646 3927 1848 3979 pacem,

251 3999 501 4054 magnam
547 4001 642 4039 nos
698 3995 896 4039 constat
943 3984 1238 4052 prwstitisse
1285 3984 1583 4051 patientiam
1610 3992 1703 4037 :et
1751 3985 1854 4038 nisi

248 4056 398 4127 prius
415 4055 672 4127 indictum
692 4056 748 4109 in
778 4054 1028 4111 Toletana
1066 4057 1188 4109 urbe
1208 4055 1501 4127 concilium
1526 4054 1852 4110 declinarunt

251 4124 325 4198 ad
344 4126 486 4198 quod
514 4124 638 4181 illos
661 4142 1009 4192 evocaremus,
1036 4136 1082 4179 et
1106 4125 1482 4198 audivissemus
1508 4141 1602 4198 cur
1623 4142 1727 4181 non
1754 4128 1849 4181 im-

250 4195 481 4269 plessent
508 4198 849 4264 conditiones,
877 4215 1005 4268 quas
1048 4197 1303 4270 sibitiptsi,
1333 4196 1395 4252 S.
1420 4195 1687 4251 Ambrosio
1716 4214 1851 4270 pra:-

250 4266 397 4342 sente
426 4279 475 4342 et
499 4269 761 4342 audiente,
794 4266 1101 4342 posuissent.
1138 4266 1348 4335 Quibus
1369 4269 1553 4342 _verbis
1583 4266 1845 4337 innuitur,

1975 1625 2215 1702 concedis
2239 1640 2259 1678 :
2287 1634 2500 1702 prwsta,
2547 1625 2873 1702 qutesuntus,
2894 1637 2947 1681 ut
2978 1625 3091 1701 ejus
3119 1631 3359 1702 gloriosis
3385 1640 3581 1694 meritis

1973 1697 2297 1775 assiduisque
2327 1696 2777 1775 intercessionibus
2807 1701 2875 1752 ad
2904 1696 3245 1775 reginarum
3271 1707 3465 1775 gaudia
3491 1751 3506 1773 ,
3532 1720 3580 1764 te

1973 1766 2217 1835 ducente,
2265 1770 2527 1836 pervenire
2583 1785 2886 1824 mereamur.
2929 1770 3029 1826 Per
3075 1771 3146 1826 ι).
3196 1766 3363 1832 ΝῘΙιι
3395 1766 3577 1836 litania

1975 1839 2122 1894 velut
2156 1848 2437 1907 patronus,
2486 1838 2631 1895 inter
2676 1843 2965 1910 episconos
3008 1844 3356 1904 confessores
3405 1852 3578 1907 notui-

1972 1917 2166 1975 natur;
2219 1911 2488 1981 habetque
2534 1911 2812 1981 antiquam
2867 1914 3169 1971 Ecclesium
3216 1935 3318 1973 suo
3364 1917 3599 1978 nomini'

1972 1981 2230 2049 dicatam,
2282 1998 2407 2053 quin
2455 1998 2597 2053 nunc
2641 1984 2869 2040 fratrum
2929 1987 3347 2053 praedicatorum
3375 1992 3573 2049 domus

1973 2064 2079 2128 est.
2113 2053 2245 2108 Cum
2291 2052 2783 2128 audis_Dictinium
2827 2066 2882 2112 et
2912 2052 3300 2128 Symphosium
3331 2062 3389 2119 S.
3435 2069 3573 2121 Am-

1971 2122 2211 2205 brosium
2242 2126 2567 2205 cuii\_eiiisse
2590 2165 2607 2191 ,
2660 2141 2764 2205 non
2796 2145 2863 2205 eti
2904 2122 3070 2184 sensu
3090 2135 3368 2205 accipias;
3417 2137 3573 2205 quasi

1968 2196 2154 2268 sedem
2173 2198 2525 2268 apostolicam
2541 2198 2691 2265 parvi
2708 2200 3005 2267 penderent
3022 2218 3037 2266 ;
3054 2201 3202 2258 absit
3220 2196 3331 2260 Ῑιυε
3354 2196 3369 2264 ἐ
3394 2196 3488 2261 sed
3513 2223 3571 2264 nt

1968 2266 2493 2341 eisiera'dogntata
2518 2266 2839 2336 exponeret,
2865 2286 2932 2325 co
2959 2274 3101 2341 quod
3134 2274 3275 2330 fama
3305 2277 3570 2334 doctrina:

1970 2338 2143 2408 ipsius
2192 2339 2647 2418 totas‘llispanias
2674 2338 3020 2418 pervaserat;
3072 2360 3181 2398 non
3206 2346 3367 2418 aliter
3396 2360 3563 2418 atque

1969 2413 2313 2486 postmodum
2336 2412 2564 2486 Orosius
2595 2413 2827 2486 nomine
2871 2416 3256 2484 episcOporum
3288 2412 3562 2486 Hispania:

1965 2482 2030 2556 ad
2054 2482 2420 2556 Augusdnum
2447 2485 2506 2556 _in
2539 2482 2776 2556 Africam
2813 2482 3104 2556 perrexit,
3158 2496 3215 2544 ct
3249 2482 3420 2545 multo
3440 2504 3568 2549 ante

1965 2551 2073 2606 duo
2096 2551 2184 2607 alii
2217 2554 2457 2621 episropi
2494 2553 2725 2608 AStttt‘in:
2775 2551 2831 2612 et
2873 2551 3128 2613 Emerita:
3151 2560 3204 2614 in
3234 2575 3397 2617 causa
3431 2564 3570 2619 Mar-

1967 2623 2112 2679 tialis
2140 2636 2191 2679 et
2224 2624 2475 2680 Basilidis
2506 2624 2939 2697 S.'Gypriannm
2989 2642 3383 2687 convenerunt.

2035 2696 2088 2750 4.
2119 2697 2421 2768 Augustali,
2451 2704 2556 2750 etc.
2592 2696 2709 2763 Quo
2743 2708 2989 2768 tempore
3037 2701 3355 2759 Priscilliani
3390 2720 3556 2761 causa

1967 2770 2321 2843 tractabatur,
2338 2777 2534 2843 agente
2554 2768 2719 2843 idatio
2744 2772 3001 2840 episc0po
3032 2773 3438 2843 praecipuocjus
3466 2779 3564 2832 ad-

1965 2840 2222 2898 versario.
2245 2850 2379 2917 e_rat_
2382 2838 2442 2894 in
2469 2838 2913 2917 Galliaprmtorio
2928 2838 3217 2917 praefectus
3238 2838 3563 2917 Gregorius,

1965 2919 2020 2986 ut
2049 2910 2321 2986 expressit
2347 2910 2581 2986 Severus
2610 2909 2702 2966 lib.
2737 2928 2775 2966 ιι
2817 2909 3005 2986 Sacra:
3046 2913 3187 2986 Hist.
3220 2909 3565 2986 duni'ioqnit

1962 2981 2030 3059 de
2062 2980 2324 3059 ltlatioad
2353 2982 2552 3059 Galtias
2580 2985 2890 3059 projieranti
2920 2983 3036 3039 :Ibi
3070 2984 3382 3059 Gregorium
3410 2980 3560 3045 Prw-

1961 3052 2158 3131 {ectum
2181 3054 2348 3118 adiit;
2378 3054 2467 3122 qui
2493 3056 2787 3131 compertis,
2820 3072 2937 3125 quae
2976 3067 3120 3131 gesta
3149 3052 3319 3131 erant,
3346 3062 3461 3131 rapi
3491 3065 3561 3118 ad

1960 3140 2013 3177 se
2056 3123 2321 3177 turbarum
2365 3134 2598 3178 auctores
2612 3124 2783 3196 jubet,
2830 3123 3069 3193 iitque'de
3099 3123 3335 3186 omnibus
3365 3123 3435 3184 ad
3463 3134 3559 3187 int-

1959 3207 2247 3272 peratorem
2291 3195 2467 3272 refert,
2512 3195 2849 3272 utAIiazreticis
2878 3200 3012 3272 viam
3041 3201 3301 3256 ambiendi
3328 3205 3553 3272 prmclu-

1960 3267 2116 3344 deret.
2151 3266 2304 3344 Quod
2331 3265 2854 3344 ttutemGrrgorins
2892 3269 3021 3344 inde
3067 3271 3145 3344 ad
3185 3265 3557 3344 episcopatum

1959 3338 2013 3393 in
2050 3338 2297 3408 llispania
2330 3339 2394 3392 iis
2433 3338 2627 3393 diebus
2656 3338 2840 3410 raptm
2885 3341 3068 3409 fuerit,
3115 3340 3172 3398 S.
3209 3338 3558 3404 Innocentius

1961 3424 2094 3479 papa
2129 3414 2177 3462 in
2231 3410 2459 3481 epistola
2488 3410 2554 3464 ad
2586 3412 2877 3481 episcopos
2916 3414 2967 3467 in
3006 3412 3271 3471 Tuletano
3323 3418 3556 3473 concilio

1958 3481 2283 3538 constitutos
2310 3480 2525 3548 scribit,
2554 3481 2662 3536 illis
2693 3480 2983 3553 olij’ieiens,
3035 3486 3179 3553 quod
3208 3488 3453 3543 nonnulli
3484 3505 3553 3545 ex

1956 3554 2308 3637 saeuiat-ibus
2339 3553 2706 3622 prmf'10lttri5,
2768 3557 2855 3608 ubi
2874 3554 3337 3637 trregularitatem
3359 3563 3552 3629 procul

1957 3623 2122 3680 dubio
2151 3627 2783 3698 saipiustcontraxerant,
2819 3626 2893 3698 ad
2920 3623 3269 3698 episcopatus
3306 3623 3555 3686 assume-

1958 3706 2165 3763 reotur,
2184 3693 2455 3766 inquibus
2472 3693 2775 3767 Gregorius
2795 3706 2852 3754 et
2878 3693 3345 3755 Ru'linus'luerant
3369 3717 3384 3756 :
3406 3701 3552 3759 Nam

1955 3768 2018 3820 de
2039 3768 2451 3839 ordinationibus
2468 3768 2686 3839 (inquit)
2711 3785 2840 3837 quas
2862 3785 3036 3838 prava:
3061 3773 3451 3827 consuetudinis
3478 3774 3554 3828 vi-

1955 3839 2023 3893 tio
2076 3839 2341 3912 episcopos
2399 3836 2775 3912 Hispanienses
2827 3836 3086 3912 celebrare
3135 3845 3492 3912 coynoscimus
3530 3861 3552 3900 :

1954 3917 2169 3986 quantos
2195 3926 2256 3964 er
2284 3909 2381 3986 eis,
2424 3910 2510 3986 qui
2537 3918 2649 3978 post
2688 3920 2949 3986 acceptam
2992 3909 3232 3986 baptismi
3250 3916 3471 3986 gratiam
3494 3917 3552 3972 in

1954 3981 2149 4057 forensi
2178 3981 2540 4035 exercitatione
2563 3983 2751 4057 versati
2779 3981 2918 4057 sunt,
2949 3992 3005 4057 et?
3021 3981 3283 4057 obtinendi
3312 3989 3546 4057 pertina-

1954 4052 2086 4106 i'iam
2117 4060 2467 4123 susceperant,
2496 4053 2689 4106 accitos
2722 4052 2797 4127 ad
2814 4055 3171 4127 sacerdotium
3201 4052 3549 4127 esse'contpe-

1952 4127 2134 4201 rimus,
2160 4141 2191 4201 _e
2222 4122 2437 4196 quorum
2466 4123 2932 4201 numeroRuﬁnus
2983 4133 3031 4179 et
3052 4122 3335 4201 Gregorius
3372 4122 3549 4201 perhi-

1952 4198 2176 4250 bentur?
2199 4194 2420 4265 quantos
2446 4210 2511 4250 ea:
2548 4194 2755 4267 militia,
2786 4194 2874 4266 qui
2904 4212 3023 4251 cum
3051 4194 3383 4267 potestatibui
3427 4201 3548 4256 obe-

1952 4267 2158 4322 dierunt
2186 4308 2201 4335 ,
2248 4266 2788 4341 se_vera__neressario_
2819 4276 3075 4341 prmeepta
3129 4272 3354 4341 exsecuti
3380 4273 3547 4328 sunt?

251 4339 667 4411 Sympbosium,
717 4350 773 4396 et
795 4333 1137 4411 Dictininm,
1164 4333 1231 4411 et
1269 4338 1471 4405 socios,
1505 4342 1560 4394 in
1587 4355 1725 4409 quos
1756 4333 1842 4397 illa
1874 4333 1918 4397 C
1949 4333 2255 4411 quantosea:
2278 4336 2593 4404 Curialibus,
2617 4347 2726 4392 etc.
2751 4333 2829 4411 Egi
2856 4333 3047 4411 militia
3074 4340 3140 4394 ad
3174 4344 3547 4409 pontiﬁcatum

254 4410 433 4467 fertur
460 4413 753 4477 sententia,
776 4414 1098 4468 convenisse
1119 4410 1176 4469 S.
1209 4410 1589 4477 Ambrosium,
1622 4412 1846 4482 ejusque

255 4482 483 4541 monitis
513 4498 622 4539 non
650 4482 827 4538 solum
856 4483 925 4539 ad
949 4484 1146 4539 bonum
1177 4491 1410 4539 mentem
1443 4482 1693 4537 reductos
1715 4482 1849 4538 luis-

252 4568 341 4620 se,
362 4569 558 4627 verum
581 4556 769 4627 etiam,
799 4555 909 4627 ipso
940 4565 1185 4625 prtesente
1213 4565 1262 4608 et
1299 4554 1558 4621 audiente,
1585 4553 1685 4609 sibi
1718 4557 1847 4624 ipsis

254 4625 637 4695 penitentiam
665 4625 899 4682 debitam
926 4627 1265 4696 imposuisse,
1294 4635 1348 4681 et
1368 4628 1545 4680 certas
1574 4627 1840 4681 conditio-

156 4699 162 4703 ⁴
254 4711 356 4753 nes
388 4698 617 4767 implere
648 4697 986 4767 promisisse,
1023 4713 1160 4768 quas
1189 4706 1368 4753 tamen
1398 4697 1573 4768 adhuc
1605 4705 1847 4766 tempore

253 4768 406 4823 illius
434 4769 688 4841 Tolumni
709 4770 946 4837 concilii,
979 4770 1132 4841 cujus
1161 4768 1503 4839 pra’sentiam
1536 4767 1847 4824 declinave-

254 4848 400 4910 [ειη.
426 4855 533 4895 noli
558 4840 934 4910 impleverant.
958 4840 1193 4897 Inferius
1219 4841 1433 4895 additur
1460 4840 1509 4893 in
1534 4843 1802 4895 sententia
1828 4858 1843 4895 :

252 4909 505 4982 Craterum
527 4909 782 4967 extortum
822 4911 918 4966 sibi
948 4913 1011 4967 de
1054 4912 1380 4967 multitudine
1408 4912 1566 4979 plebis
1613 4912 1847 4982 probaret

251 4980 619 5054 Sympliosius,
665 4993 722 5036 ut
748 4984 1013 5038 ordinaret
1041 4982 1332 5038 Dictininm
1351 4980 1667 5054 episcopum,
1697 5000 1848 5052 quem

251 5054 315 5109 S.
342 5054 645 5127 Ambrosius
674 5055 995 5118 decrevisset,
1022 5054 1195 5110 locum
1217 5055 1515 5127 presbyterii
1538 5065 1725 5123 tenere,
1743 5071 1847 5109 non

250 5126 482 5198 accipere
506 5125 720 5180 honoris
747 5136 1099 5198 augmentum.
1137 5125 1289 5184 Unde
1340 5125 1510 5198 liquet
1535 5142 1695 5196 quam
1719 5142 1847 5183 vere

254 5195 456 5252 Dexter
501 5195 836 5263 asseveret;
876 5197 1172 5254 Dictininm
1212 5195 1449 5254 nonduin
1492 5195 1841 5269 episcopum,

254 5269 578 5326 convenisse
607 5278 854 5325 sanctum
895 5270 1266 5326 Ambrosium.
1316 5268 1689 5326 Confessionis'
1716 5286 1846 5326 vero

254 5337 426 5407 ipsius
452 5351 694 5405 verae,et
723 5340 986 5398 mirabilis
1009 5343 1327 5411 praeclarum
1355 5341 1560 5412 prmbet
1578 5341 1847 5398 conleSsio

256 5412 652 5478 testimonium,
698 5428 819 5484 quae
866 5414 920 5468 in
950 5412 1090 5469 actis
1145 5412 1263 5484 ejus
1292 5412 1509 5469 concilii
1554 5422 1761 5479 exstat;
1792 5423 1847 5469 et

256 5484 424 5537 multo
457 5481 812 5551 praestantius
839 5494 1027 5541 sancta
1058 5481 1204 5541 illius
1228 5484 1597 5551 conversatio,
1618 5493 1675 5541 et
1698 5501 1845 5542 mors

255 5554 533 5626 miraculis
561 5553 862 5622 illustrata;
890 5557 1044 5626 cujus
1076 5555 1267 5613 merito
1292 5557 1361 5613 ab
1391 5557 1633 5613 Ecclesia
1676 5563 1842 5613 Astu-

254 5624 450 5679 ricensi
475 5625 617 5679 inter
641 5636 859 5683 sanctos
905 5624 1107 5683 relatus
1161 5630 1465 5684 celebratur
1504 5644 1626 5685 cum
1659 5628 1842 5685 olticio

256 5694 816 5770 duplici_n_classis,
872 5699 1019 5756 5die
1070 5700 1257 5756 Junii:
1291 5699 1345 5754 in
1400 5701 1554 5768 cujus
1618 5702 1841 5770 antiquo

253 5764 533 5856 Dreviztt'io
558 5765 698 5851 hanc
744 5764 907 5856 tranet
935 5770 1267 5856 collectam:
1294 5764 1626 5856 Omnipotens
1657 5764 1846 5856 sem-pi-

253 5846 391 5895 terne
411 5836 578 5907 Deus,
608 5839 696 5911 qui
737 5839 1039 5899 hodiernam
1079 5841 1405 5913 festivitatem
1442 5836 1496 5899 in
1535 5842 1732 5899 honore
1768 5836 1842 5902 VB.

1952 4410 2313 4468 Uxamensem
2366 4418 2588 4481 evectus
2636 4419 2729 4481 est
2770 4409 2827 4464 S.
2878 4410 3315 4481 EAxuperantins;
3375 4424 3432 4477 et
3476 4432 3545 4472 ex

1953 4481 2184 4553 prmside
2210 4484 2468 4551 praetorio
2513 4478 2870 4553 Cappadocim
2892 4478 3195 4553 Gregorius
3224 4478 3543 4543 Corduben-

1948 4551 2021 4629 Sis
2047 4553 2350 4629 J_u_nior,_de
2372 4568 2478 4619 quo
2501 4551 2676 4629 dicam
2703 4567 2846 4605 nunt.
2879 4552 2931 4607 6.
2951 4551 3218 4609 Caeterum
3241 4554 3539 4629 Gregorius

1950 4626 2016 4680 ad
2066 4625 2469 4681 lliberritanam
2528 4624 2711 4677 sedem
2781 4634 3045 4694 evectus,
3102 4624 3429 4694 saueiitate,
3487 4640 3545 4685 et

1950 4696 2192 4752 doctrina
2224 4711 2333 4750 non
2365 4694 2713 4749 mediocriter
2736 4693 2878 4748 fulsit
2904 4710 2918 4758 ;
2952 4707 3009 4749 ut
3033 4712 3153 4751 cum
3182 4696 3384 4755 Dextro
3406 4693 3544 4756 infe-

1950 4769 2083 4837 rius,
2115 4768 2182 4823 ad
2216 4782 2414 4840 annum
2448 4765 2662 4820 Domini
2688 4766 2792 4840 407
2843 4775 2899 4821 et
2926 4766 3032 4822 425
3060 4782 3168 4840 quo
3194 4768 3349 4840 obiit,
3389 4772 3541 4828 dice-

1951 4856 2092 4895 mus.
2140 4837 2441 4909 Perpende,
2467 4850 2682 4909 qnaeso,
2727 4839 2931 4909 lectori,
2957 4854 3118 4908 quam
3150 4838 3290 4896 belle
3336 4837 3543 4902 tabella

1949 4911 2177 4967 conficta
2202 4908 2275 4982 sit
2301 4909 2368 4982 de
2393 4908 2702 4964 miserando
2723 4908 2875 4982 obitu
2888 4908 3060 4982 ﬂosii,
3090 4911 3173 4982 ad,
3191 4912 3538 4982 imprecatio-

1951 4998 2072 5038 nem
2096 4981 2271 5037 sancti
2298 4981 2542 5053 Gregorii
2572 4981 2813 5049 episcopi
2852 4978 3207 5037 Iliberritani:
3242 4978 3331 5053 qui
3355 4993 3536 5043 tamen

1948 5052 2463 5128 adolescensadliuc
2493 5049 2754 5128 forenses
2778 5066 2974 5128 causas
3007 5049 3293 5128 tractabat,
3327 5067 3384 5112 et
3412 5068 3536 5128 post

1948 5126 2017 5181 50
2046 5138 2099 5180 et
2133 5123 2367 5196 amplius
2396 5125 2604 5196 annos(
2628 5122 2828 5196 Christi
2874 5121 3023 5195 590)
3054 5121 3429 5196 episcopalem
3446 5143 3535 5184 ea-

1949 5196 2195 5269 tbcdram
2227 5193 2508 5269 ascendit.
2541 5194 2677 5269 Qua
2699 5193 2766 5269 de
2794 5193 3158 5269 re_anno_‘5_60
3202 5193 3445 5269 egimus,
3478 5210 3535 5256 et

1946 5269 2106 5342 docte
2130 5268 2396 5322 Baronius
2424 5265 2476 5320 in
2510 5266 2829 5342 Annalibus,
2858 5266 2977 5342 tceo
3020 5265 3149 5342 inibi
3180 5265 3367 5342 ciiato,
3409 5265 3536 5342 pro-

1947 5340 2037 5395 bat
2063 5339 2229 5394 fuisse
2270 5347 2633 5393 commentum
2679 5337 2977 5392 Marcellini
3008 5338 3246 5393 comitis.

2018 5416 2073 5468 5.
2110 5410 2352 5475 Severus,
2381 5420 2487 5465 etc.
2523 5407 2776 5478 Ejusdem
2801 5408 3049 5463 meminit
3090 5410 3159 5465 Μ.
3190 5410 3453 5466 Maximus
3481 5412 3539 5471 in

1943 5482 2148 5556 Gbron.
2173 5497 2317 5538 anno
2343 5481 2551 5536 Domini
2582 5481 2707 5556 4‘52,
2731 5479 2999 5556 inquiens:
3016 5480 3243 5556 Severus
3263 5483 3537 5556 episcopus

1946 5554 2275 5610 Lamacensis
2321 5555 2470 5625 floret
2520 5552 2745 5623 scriptis.
2800 5551 3047 5625 lnter[uit
3087 5553 3253 5621 primo
3293 5551 3534 5625 Concilio

1950 5628 2217 5682 Toletano.
2254 5621 2395 5681 Sane
2426 5626 2544 5695 ejus
2569 5621 2763 5680 numen
2792 5621 3059 5695 reperitur
3087 5626 3227 5678 inter
3250 5625 3314 5680 19
3343 5623 3536 5683 Patres

1951 5701 2089 5753 illius
2111 5694 2595 5767 subscriptnmpl?)
2622 5698 2771 5768 I_oco,_
2784 5694 2843 5768 in
2870 5694 3109 5768 editione
3136 5695 3533 5768 archiepiscopi
3626 5725 3639 5741 ι

1954 5770 2197 5842 Loaysaz;
2214 5770 2265 5824 in
2284 5763 2459 5842 vezeri
2471 5763 2600 5842 itero
2610 5763 3119 5842 Gouciliorttm,7.ln
3134 5763 3537 5826 codice’Dext'ri

1955 5836 2160 5900 excuso
2190 5850 2412 5897 vocatur
2441 5836 2791 5895 Malacitanus
2810 5836 3133 5908 episcopus;
3160 5846 3438 5898 atconstat
3465 5850 3546 5899 te-
