4114 6338
486 278 598 337 559

627 489 759 548 405.

914 586 1041 643 cilio
1065 587 1325 643 collectos
1349 589 1538 644 scribit
1569 588 1626 644 S.
1666 587 2041 646 Innocentius.

659 680 790 739 406.
861 681 1131 754 Leporius
1158 685 1450 755 episcopus
1490 684 1762 743 Uticensis
1809 687 1861 742 in
1893 688 2089 744 Baetica
2111 730 2127 757 ,
2159 688 2309 759 prius
2341 687 2645 746 monachus
2686 703 2718 744 e
2757 686 2963 743 familia
3013 688 3070 746 S.
3103 688 3427 758 Augustini,

1530 280 1763 340 FLAVI!
1801 282 1983 341 ιιιοη
2024 283 2286 340 DEXTRI
2326 247 2742 345 CHROUICON.
3175 286 3186 328 l

481 393 552 452 A.
571 394 765 454 (2.401.
793 460 797 465 ,
839 395 1211 467 Innocentius,
1247 398 1269 453 I
1301 397 1461 469 hujus
1487 399 1752 469 nominis,
1783 399 2029 456 succedit
2051 401 2362 460 Anastasio.

838 491 1105 551 Stilicone
1134 510 1171 551 ιι
1198 506 1252 550 et
1279 495 1364 551 Ft.
1394 495 1688 552 Anthemio
1704 511 1871 566 coss.,
1902 498 2113 568 cogitur
2132 499 2307 558 Toleti
2322 504 2613 561 concilium
2642 522 2657 561 :
2687 512 2742 561 et
2764 502 2832 560 ad
2861 503 3048 560 Patres
3078 502 3132 559 in
3160 504 3266 561 hoc
3292 517 3422 561 con-

3687 289 3792 355 840

3468 405 3787 465 Α.Β.11Ξο2.

3629 504 3789 561 1156.

2660 644 2676 675 ι

3630 693 3793 752 1157.

924 787 1096 833 mutat
1127 778 1391 849 perditam
1422 794 1574 835 suam
1607 781 1845 851 priorem
1871 780 2197 838 sententiam
2221 821 2237 849 ,
2267 780 2579 837 admonitus
2598 797 2631 838 a
2658 782 2718 837 S.
2753 781 3059 853 Augustino
3085 792 3424 854 praeceptore
3443 798 3565 840 stto.

1711 920 1964 976 BIVARII
2002 918 2567 976 COMMENTARIUS.

495 1032 601 1087 fert
628 1032 680 1087 in
709 1031 1108 1088 consultatione
1140 1048 1235 1086 sua
1280 1033 1507 1089 Orosius
1527 1078 1540 1097 ,
1570 1032 1706 1088 duos
1739 1032 1923 1088 Avitus
1953 1031 2080 1087 Tar-
2113 1035 2163 1094 Α
2191 1030 2417 1101 differri,
2449 1039 2557 1087 etc.
2589 1024 2851 1087 lucidisse
2878 1030 2932 1087 in
2979 1030 3123 1087 hunc
3168 1030 3369 1087 annum
3399 1030 3507 1090 405
3538 1035 3793 1091 consula-

495 1119 844 1171 raconenses,
865 1112 1013 1160 extra
1045 1106 1274 1174 patriam
1303 1116 1478 1171 actos,
1506 1121 1720 1160 errores
1747 1105 2007 1175 quosdam
2033 1106 2083 1157 in

496 1191 616 1233 eam
652 1177 953 1236 reduxisse.
989 1177 1078 1242 qui
1108 1177 1335 1232 Romam
1367 1179 1627 1245 petierat;
1656 1176 1915 1232 Victorini
1947 1193 1961 1242 ;
1995 1178 2085 1245 qui

500 1248 953 1318 Hierosolymam,
1004 1246 1296 1318 Origenis:
1351 1249 1604 1303 nimirum
1655 1248 1825 1303 libros
1876 1248 2086 1302 Periar-

498 1321 636 1372 chon
670 1316 919 1387 Origenis
946 1316 1132 1375 secum
1163 1320 1446 1376 deferebat
1472 1361 1486 1385 ,
1533 1332 1585 1374 et
1615 1320 2088 1390 crrtirequuibus

520 1390 699 1443 iassim
744 1398 978 1461 scatent,
1024 1392 1362 1461 praedicabat
1407 1401 1459 1445 et
1509 1391 1649 1445 inter
1693 1390 1817 1452 alia,
1850 1388 2087 1461 Verbum

544 1461 680 1515 atris
723 1460 1200 1531 dominum’prius
1241 1463 1547 1518 successive
1585 1464 1827 1515 onmium
1876 1460 2088 1515 hierar-
2144 1474 2145 1477 ‘

498 1532 724 1585 charum
777 1534 1095 1602 angelorum
1147 1535 1211 1587 ad
1268 1550 1421 1605 suam
1478 1533 1811 1605 hypostasim
1849 1544 2088 1605 naturas

500 1601 888 1673 assumpsisse,
928 1614 983 1661 et
1022 1606 1215 1660 ultimo
1247 1603 1461 1660 tandem
1492 1601 1802 1659 humanam.
1836 1603 1973 1659 Cum
2005 1601 2090 1658 his

499 1674 794 1747 advenerat
840 1676 894 1729 in
950 1676 1260 1740 Hispaniam
1312 1676 1529 1747 quidam
1585 1687 1806 1747 sanctus
1860 1674 2090 1747 Basilius

498 1744 721 1800 (ἶνα-επις
768 1747 848 1819 (ut
880 1748 993 1816 ipse
1034 1747 1256 1804 Orosius
1305 1744 1606 1819 nuncupat)
1656 1746 1948 1801 identidem
1987 1746 2089 1800 dn-

500 1832 682 1890 t'cns;
708 1818 801 1890 sed
849 1820 1095 1887 quisnam
1136 1819 1290 1873 fuerit
1334 1818 1879 1890 ignoratur._0mnes
1911 1829 2087 1890 tamen

500 1888 718 1960 scriptis
771 1889 831 1943 D.
880 1890 1163 1961 Augustini
1200 1887 1500 1954 convictos,
1543 1890 1612 1944 ab
1651 1888 1894 1961 inceptis
1923 1887 2092 1943 desti-

502 1959 633 2031 tisse
679 1962 811 2014 satis
852 1976 917 2031 cx
957 1959 1022 2016 eo
1060 1962 1402 2017 manifestum
1452 1963 1529 2025 lit,
1571 1959 1711 2031 quod
1747 1962 2087 2031 postmodum

501 2029 568 2083 ad
621 2045 821 2086 :titttttm
879 2030 1090 2086 Domini
1122 2033 1230 2088 4:29
1262 2029 1988 2089 eorumtleincum'honnre
2036 2046 2090 2084 rt

501 2099 660 2156 laude
694 2103 940 2157 meminit
971 2104 1170 2159 Dexter
1198 2124 1209 2160 :
1253 2116 1302 2159 et
1335 2107 1455 2171 quia
1507 2104 1771 2159 memoria
1820 2103 2091 2172 ejusmodi

498 2184 749 2246 errorum
786 2175 837 2228 in
867 2176 1015 2229 nullo
1043 2176 1203 2242 hujus
1228 2178 1402 2230 :rtatis
1428 2176 1666 2246 Hispano
1694 2175 1928 2229 concilio
1953 2175 2089 2229 facta

501 2254 603 2297 est.
641 2243 898 2318 Diversus
922 2248 988 2301 ab
1016 2246 1098 2301 his
1121 2246 1220 2301 fuit
1242 2249 1379 2302 alter
1412 2243 1625 2313 Avitus,
1662 2246 1862 2318 pariter
1883 2246 2089 2318 _llispa-

501 2329 602 2389 nus
632 2317 938 2389 presbyter,
986 2319 1074 2387 qui
1120 2321 1455 2374 revelatione
1489 2316 1837 2389 reliquiarum
1872 2316 1934 2389 S.
1964 2318 2088 2371 Ste-

501 2387 667 2460 phani
720 2387 1114 2460 Hierosolymis
1158 2390 1427 2459 interfuit,
1464 2400 1516 2444 et
1548 2387 1833 2460 epistolam
1866 2388 2088 2442 Luciani

501 2471 532 2509 ο
563 2455 754 2513 Graeco
802 2455 1094 2516 Latinitate
1127 2463 1369 2527 donavit,
1417 2455 1487 2516 ac
1536 2455 1729 2516 Urosiu
1762 2460 2000 2525 tradidit,
2037 2463 2086 2514 in

502 2528 850 2585 Occidentem
880 2547 1001 2586 cum
1027 2534 1272 2603 reliquiis
1302 2532 1674 2588 deferendam.
1706 2533 2086 2603 Diversitatem

502 2612 754 2670 arguunt,
791 2612 900 2656 tum
931 2606 1117 2672 patrim
1147 2601 1437 2661 diversitas
1466 2622 1477 2659 :
1512 2604 1592 2659 illi
1622 2601 2088 2674 namqueTarra-

501 2685 769 2742 concnses
807 2684 981 2742 crant,
1014 2674 1212 2733 Orosio
1242 2687 1294 2731 et
1339 2680 1537 2730 Dextro
1571 2672 1831 2741 testibus;
1860 2672 1949 2728 hic
1978 2673 2088 2729 Lu-

501 2740 732 2809 sitanus,
762 2754 815 2797 ut
845 2740 1103 2814 expresse
1129 2747 1334 2803 Idatius
1363 2747 1555 2802 scribit
1577 2749 1627 2800 in
1661 2740 1836 2801 FaStis
1861 2748 1923 2796 ad
1959 2762 2089 2800 cou-

501 2816 735 2868 sulatum
766 2816 988 2871 llonorii
1019 2833 1051 2872 x
1085 2829 1137 2873 et
1161 2819 1451 2874 Theodosii
1481 2819 1720 2875 Iunioris
1746 2832 1793 2870 ιι
1824 2835 1834 2871 :
1868 2815 2090 2874 Exstant

501 2884 720 2963 (ξίιλεπ
758 2890 843 2963 Itis
863 2890 1018 2963 gestis
1049 2890 1284 2959 epistolw
1332 2891 1625 2963 supradicti
1661 2890 1944 2963 presbyteri
1974 2888 2088 2943 Lu-

502 2956 664 3034 qiam’,
717 2968 762 3034 et
807 2956 877 3034 S.
914 2961 1051 3034 Aviti
1080 2956 1369 3034 presbyteri
1398 2956 1780 3034 'Bracaretisis,
1811 2956 1913 3031 ’(ιυὶ
1964 2968 2090 3014 tunc

504 3025 887 3104 Ilicrosolymis
904 3025 1155 3104 degebant
1180 3025 1379 3104 :q'nare
1415 3036 1602 3087 Avitus
1627 3025 1895 3104 dedicavit
1913 3040 2088 3086 trans-

503 3097 772 3173 lationem'
799 3118 951 3155 suam
969 3097 1244 3159 thlcottio'
1264 3107 1524 3173 CliiSCOIiO
1548 3103 1868 3159 Bracarensi
1887 3148 1900 3173 ,
1932 3107 2088 3172 cujus

502 3167 731 3243 habetur
759 3174 962 3227 mentio
993 3176 1043 3228 in
1069 3178 1202 3231 actis
1227 3167 1443 3232 concilii
1461 3167 1711 3231 Toletani
1742 3167 1903 3243 primi
1933 3167 2083 3240 dicti,

502 3247 558 3295 et
593 3239 941 3298 Bracarensis
974 3248 1177 3314 pariter
1205 3263 1241 3302 ι.
1277 3247 1412 3303 Tum
1455 3248 1653 3302 deinde
1685 3239 1896 3315 tempus
1926 3254 1980 3300 et
2010 3239 2091 3301 lo-

500 3326 618 3378 cus,
648 3329 768 3369 naut
791 3315 1007 3384 quando
1038 3319 1278 3385 reliquiae
1304 3318 1545 3375 inventa:
1575 3318 1723 3382 sunt',
1757 3325 1811 3371 et
1842 3318 1928 3371 hic
1962 3316 2090 3372 Avi-

503 3390 591 3458 tus
631 3385 841 3449 aderat,
893 3387 985 3443 alii
1017 3390 1107 3458 qui
1149 3389 1477 3446 Periarchon
1524 3390 1654 3445 inde
1693 3388 1987 3443 attulerant
2035 3389 2087 3444 in

502 3453 812 3524 Hispaniam
836 3459 903 3514 ab
928 3453 1197 3524 aliquibus
1224 3464 1382 3517 annis
1415 3462 1710 3518 redierant.

573 3525 638 3580 A.
673 3526 734 3582 Ο.
767 3528 893 3585 401.
921 3561 992 3572 —
1019 3525 1381 3598 Innocentius,
1412 3546 1521 3589 etc.
1556 3533 1671 3587 Non
1702 3540 1918 3587 constat
1946 3534 2087 3602 apud

504 3611 698 3670 omnes
749 3604 815 3657 de
843 3618 985 3657 anno
1032 3605 1317 3660 electionis
1347 3605 1681 3670 Innocentii;
1711 3619 1833 3658 nam
1883 3604 2088 3659 Idatius

504 3669 557 3722 in
581 3683 815 3744 annum”
840 3679 1089 3729 oetavum
1122 3676 1336 3731 Arcadii
1385 3687 1438 3731 ct
1477 3669 1700 3731 Honorii
1733 3691 1852 3728 eam
1886 3677 2085 3744 rejicit,

502 3742 591 3809 qui
628 3742 725 3797 fuit
757 3743 959 3799 ChriSti
999 3748 1136 3813 405;
1186 3749 1533 3804 Marcellinus
1562 3756 1616 3803 et
1647 3748 1829 3801 caeteri
1868 3745 1923 3800 in
1948 3742 2085 3803 con;

2196 1110 2306 1157 tum
2331 1102 2619 1160 Stilieonis
2643 1118 2681 1158 ιι
2705 1118 2862 1169 quem
2905 1102 3028 1157 iniit
3066 1119 3186 1157 cum
3224 1103 3306 1159 ιη.
3338 1106 3628 1162 Anthemio
3657 1109 3792 1164 seri.

2194 1183 2377 1243 ptorcs
2421 1190 2609 1251 omnes
2640 1174 2913 1251 afﬁrmant
2941 1193 2955 1229 :
3004 1185 3057 1230 et
3088 1173 3216 1251 hinc
3246 1175 3426 1251 forsan
3450 1188 3585 1251 acta
3635 1180 3795 1251 hujus

2192 1262 2321 1322 cuin
2344 1244 2643 1318 superioris
2665 1245 2926 1322 Toletani
2936 1248 3159 1322 concilii
3183 1247 3414 1322 confusa
3443 1249 3622 1322 fuere;
3648 1244 3794 1322 quod

2194 1320 2447 1371 nimirum
2499 1327 2792 1387 utrumque
2830 1318 3088 1372 Stilicoue
3131 1319 3360 1374 consule
3401 1318 3789 1379 habitum—sit.

2192 1388 2306 1443 Non
2338 1388 2523 1444 habito
2555 1387 2769 1443 delectu
2800 1389 2866 1444 de
2899 1405 3128 1444 numero
3154 1392 3488 1459 consulatus,
3521 1408 3643 1447 cum
3675 1408 3797 1451 cer-

2194 1467 2304 1514 tum
2337 1461 2405 1513 sit
2438 1459 2672 1529 primum
2699 1461 2981 1514 Stiliconis
3011 1462 3063 1515 in
3096 1477 3294 1515 annum
3326 1462 3539 1518 Domini
3573 1463 3681 1521 400
3704 1465 3798 1520 in-

2194 1531 2416 1605 cidisse,
2449 1531 2747 1587 secundum
2770 1533 2824 1587 in
2850 1534 2975 1592 405.
3005 1533 3146 1602 quod
3174 1532 3395 1602 Idatius,
3421 1532 3793 1605 Marcellinus,

2193 1602 2554 1679 Cassiodorus
2578 1612 2633 1659 et
2662 1606 2848 1659 caeteri
2879 1613 3168 1658 testantur.
3227 1605 3396 1679 Porro
3427 1602 3799 1679 subscriptio;

2197 1690 2292 1746 nes
2340 1676 2403 1728 19
2434 1674 2815 1744 episeoporum
2849 1691 2969 1746 qua:
3000 1682 3238 1746 exstant,
3275 1670 3437 1744 hujus
3481 1670 3797 1735 netessario
3887 1683 3891 1686 ’

2196 1744 2366 1800 fuisse
2399 1746 2459 1818 id
2480 1747 2780 1818 convincit,
2816 1744 2961 1816 quod
3005 1745 3263 1800 Pnternus
3303 1748 3546 1802 omnium
3586 1751 3800 1818 primus

2193 1815 2487 1891 subscribit
2514 1817 2533 1887 (
2558 1817 2815 1891 nimirum
2836 1815 3245 1891 'Biacarensis)
3276 1833 3343 1874 eo
3368 1821 3510 1889 quod
3542 1815 3799 1889 praesidis

2196 1889 2247 1941 in
2278 1904 2342 1941 eo
2378 1888 2592 1943 functus
2630 1888 2818 1960 officio
2856 1892 2962 1957 sit;
3004 1890 3096 1960 qui
3145 1888 3322 1946 tamen
3362 1893 3413 1944 in
3460 1888 3798 1960 praecedenti

2194 1960 2428 2014 concilio
2458 1961 2583 2014 anni
2614 1959 2722 2016 400
2751 1961 2815 2014 ad
2861 1959 3074 2030 tempus
3118 1963 3443 2017 srntentiam
3465 1959 3613 2018 levis
3644 1963 3801 2019 dant-

2196 2031 2430 2084 nationis
2460 2034 2905 2102 acceperat.'Qua
2935 2032 3002 2088 de
3034 2048 3123 2096 re,
3153 2042 3207 2088 et
3246 2034 3311 2087 de
3340 2034 3558 2088 czeteris
3589 2035 3657 2089 ad
3692 2035 3797 2090 hoc

2194 2103 2486 2156 concilium
2521 2104 2950 2173 pertinentibus,
2985 2104 3193 2173 egimus
3236 2103 3289 2159 in
3322 2106 3700 2174 superioribus
3727 2106 3795 2160 ad

2195 2188 2395 2226 aunuru
2429 2175 2639 2228 [)uinini
2667 2176 2793 2230 586.
2821 2174 3121 2230 Intermere
3151 2191 3272 2231 cum
3299 2176 3513 2230 cmteris
3548 2176 3607 2232 S.
3638 2176 3801 2231 Astu-

2192 2245 2301 2316 rius
2348 2245 2646 2299 Toletanus
2698 2248 2988 2316 epist-Opus
3039 2249 3228 2315 prim-ae
3279 2247 3459 2312 sedis;
3510 2247 3800 2301 Marcellus

2195 2315 2510 2387 Cauriensis
2534 2315 3062 2387 juxtajsententiam
3107 2318 3318 2384 Dextri,
3340 2317 3412 2375 ad
3441 2333 3642 2375 annum
3667 2317 3802 2387 121,

2121 2421 2167 2480 Β
2199 2389 2410 2480 uti???"
2433 2385 2804 2480 ξιιὲξζιέίςέοδτ
2824 2389 3134 2480 ﬁstulis
3153 2389 3377 2480 ,ίὲίρξιξξιν
3401 2385 3797 2480 -¹εξερ;·,¹;τξι,ε,ίδὲ

2198 2458 2675 2530 apudLriaysam:
2711 2458 2931 2516 Set-erus
2978 2460 3351 2526 Lamacensis,
3395 2476 3492 2517 seu
3528 2461 3803 2517 Malacet.-

2194 2531 2290 2597 sis,
2323 2529 2398 2606 de
2423 2529 2531 2606 quo
2554 2531 2667 2606 jam
2693 2530 2930 2606 diximus
2952 2548 3097 2606 anno
3118 2533 3249 2606 §88;
3285 2531 3556 2606 Olympius
3578 2533 3672 2604 qui
3695 2532 3802 2588 fuit

2194 2601 2468 2673 secundus
2492 2600 2654 2673 hujus
2684 2605 2921 2657 nominis
2951 2603 3095 2659 inter
3118 2600 3451 2671 Toletanos,
3473 2615 3527 2659 et
3555 2600 3802 2673 postmo-

2193 2671 2321 2727 dum
2359 2671 2628 2729 snccesSit
2650 2683 2839 2729 sancto
2865 2676 3084 2729 Asturio
3108 2690 3250 2730 anno
3278 2674 3408 2741 424,
3444 2671 3586 2730 nunc
3609 2686 3793 2730 autem

2193 2745 2420 2800 alterius
2449 2743 2735 2815 cujusdam
2760 2746 2904 2801 sedis
2935 2747 3224 2816 episcopus
3251 2758 3370 2801 erat
3404 2765 3417 2802 :
3452 2747 3513 2803 S.
3549 2747 3797 2801 Hilarius

2194 2816 2550 2886 Arelatensis,
2602 2826 2659 2869 ut
2702 2817 2891 2880 credo,
2926 2821 3013 2883 qui
3061 2815 3146 2871 his
3186 2815 3375 2873 diebus
3407 2817 3459 2872 in
3509 2819 3799 2886 Aquitania

2193 2884 2449 2959 florebat,
2485 2885 2718 2959 Ortigius
2743 2889 3030 2958 cpisc0pns
3058 2888 3391 2944 leenensis
3424 2891 3479 2945 in
3508 2884 3759 2946 Galltecia
3779 2933 3794 2957 ,

2193 2958 2283 3027 qni
2318 2959 2368 3011 in
2416 2960 2678 3013 'l‘oletano
2716 2960 2986 3029 superiori
3032 2960 3203 3014 fuerat
3232 2961 3554 3028 absolutus,
3585 2970 3641 3016 et
3679 2961 3798 3016 sedi

2191 3042 2304 3103 sum
2322 3033 2600 3103 restitutus
2620 3029 2967 3103 :Lampaditts
2981 3031 3535 3103 Barcinonensis,qni
3550 3031 3799 3086 Sanctum

2196 3098 2478 3174 [’anlinum
2520 3098 3234 3174 presbyteriodecoravit:
3290 3102 3352 3160 S.
3402 3098 3801 3173 Eiruperantius

2195 3166 2485 3245 Ravennas
2521 3166 2831 3245 episcopus,
2863 3172 2931 3229 de
2972 3188 3079 3244 quo
3111 3173 3281 3229 multa
3322 3174 3374 3228 in
3419 3166 3800 3245 superioribus

2194 3243 2336 3297 dicta
2366 3253 2527 3298 sunt:
2564 3243 2766 3298 Leonas
2788 3243 3051 3301 Lucensis
3081 3245 3333 3313 antiSIes,
3365 3256 3422 3301 ut
3449 3243 3651 3300 habent
3672 3245 3803 3300 sub-

2194 3316 2805 3388 scriptionesantiquze.
2834 3316 3009 3372 Sedes
3038 3327 3362 3388 cmterormn
3390 3319 3617 3372 minime
3644 3316 3800 3388 potui

2197 3387 2463 3460 reperire,
2494 3386 2744 3442 videlicet
2771 3388 3096 3460 Apltrodisji,
3143 3387 3368 3460 Liciani,
3420 3386 3669 3460 chorii,
3704 3389 3803 3460 ju-

2194 3457 2381 3529 cundi,
2436 3457 2732 3529 Lampadii,
2767 3455 2974 3520 sereni.
3009 3455 3192 3523 Flori,
3238 3455 3399 3516 Statii
3428 3471 3475 3514 ct
3497 3455 3799 3529 Aureliani.

2265 3532 2331 3582 A.
2352 3528 2414 3584 C.
2439 3528 2701 3585 ωδε-ι.
2723 3529 3000 3601 Leporius,
3024 3538 3129 3587 etc.
3151 3531 3283 3597 Quis
3320 3530 3368 3587 is
3402 3530 3661 3601 Leporius
3684 3528 3804 3586 fue-

2194 3599 2265 3654 rit
2287 3615 2390 3674 non
2415 3601 2667 3656 omnibus
2690 3599 2923 3674 constat.
2949 3618 3073 3657 nam
3092 3609 3221 3657 sunt
3238 3604 3328 3674 qui
3347 3599 3517 3658 velint
3541 3603 3639 3657 hoc
3665 3611 3801 3674 tem.

2195 3686 2323 3740 pore
2340 3672 2478 3726 duos
2503 3677 2619 3743 ejus
2648 3673 2881 3727 nominis
2906 3674 3185 3729 exstitisse
3211 3690 3225 3727 2
3247 3670 3477 3729 alterum
3503 3687 3571 3728 ex
3595 3670 3799 3728 familia

2193 3746 2363 3816 sancti
2384 3742 2695 3813 Augustini,
2719 3747 2871 3812 cujus
2898 3748 3011 3816 ipse
3034 3744 3279 3801 meminit
3309 3747 3485 3800 Serm.
3514 3745 3581 3799 50
3611 3743 3675 3797 de
3707 3744 3799 3816 Di-

506 3813 741 3893 snlatum
765 3817 987 3898 Arcadii
1039 3836 1071 3872 v
1108 3829 1161 3874 et
1188 3819 1412 3874 Honorii
1441 3833 1665 3898 v,_quos
1704 3817 1966 3898 Bironitts
1996 3833 2086 3874 se-
2117 3813 2163 3876 C
2195 3815 2355 3868 t‘l’rsis
2379 3831 2392 3879 ;
2418 3817 2676 3898 ξιιιυτιιζιι,
2710 3817 2798 3885 ⁸ιυὶ
2835 3813 3035 3889 Pelagii
3070 3818 3193 3898 lube
3220 3816 3669 3898 infccltuggraym
3702 3814 3799 3896 θεῖῖ

501 3886 708 3953 quitur.
763 3885 858 3941 Est
903 3890 948 3944 is
1002 3906 1175 3946 annus
1223 3891 1437 3946 Domini
1492 3885 1635 3945 102:
1687 3885 2093 3947 solus‘Drxtcr

502 3969 663 4029 quem
688 3958 910 4014 viderim
940 3961 1171 4017 electum
1214 3962 1383 4018 refert
1427 3977 1571 4016 anno
1609 3962 1820 4016 Domini
1860 3961 1988 4029 101,
2023 3963 2094 4017 ab

498 4024 651 4104 Urbe
694 4031 918 4104 condita
952 4031 1107 4088 1152.
1152 4033 1380 4089 lnvaluit
1424 4033 1568 4104 apud
1617 4042 1867 4104 auctores
1909 4024 2093 4102 opinio

502 4095 806 4178 Marcellini
831 4144 845 4169 ,
869 4106 969 4178 sed
997 4120 1119 4178 cum
1150 4105 1350 4161 Dexter
1383 4095 1609 4178 iis'ipsis
1636 4103 1827 4178 diebus
1860 4095 2094 4178 scripse-

503 4171 595 4236 rit,
620 4180 673 4247 et
696 4174 912 4247 cteteris
943 4177 1196 4231 omnibus
1225 4171 1515 4245 antiquior'
1531 4178 1625 4243 sit,
1654 4171 2093 4247 audiendus'prai

503 4244 758 4319 munibus
788 4245 1021 4301 videtur.
1056 4248 1117 4304 S.
1150 4249 1422 4305 Anasta-ii
1455 4264 1605 4319 papae
1633 4252 1869 4301 mortem
1899 4244 2089 4318 deplo-

505 4321 584 4390 rat
642 4312 1030 4390 Hieronymus
1051 4323 1212 4390 epist.
1268 4321 1335 4376 16
1377 4312 1467 4375 Μ’
1499 4312 1847 4388 Principiam,
1880 4312 2094 4390 cit—quo

503 4382 948 4462 Martyrologium
1003 4382 1305 4462 Roinanpm
1357 4390 1422 4462 ad
1482 4390 1552 4445 27
1602 4382 1774 4462 April.
1820 4382 1881 4444 ea
1927 4382 2093 4448 veiha

501 4453 834 4531 desumpsit?
879 4475 1029 4531 quem
1059 4462 1151 4515 diu
1192 4459 1360 4516 Roma
1398 4461 1587 4516 habere
1630 4453 1731 4516 n'oa
1764 4463 1983 4526 meruit,
2033 4480 2097 4518 ne

503 4527 641 4606 orbis
679 4543 834 4600 caput
863 4527 956 4606 sub
990 4532 1087 4606 tali
1129 4535 1371 4606 episcopo
1400 4543 1767 4606 truncaretur:
1805 4550 1924 4587 nam
1956 4535 2095 4588 haud

502 4597 662 4652 multo
694 4597 1484 4677 postejusobitumiliomaga
1532 4603 1718 4660 Gothis
1764 4614 1915 4677 capta
1955 4607 2094 4677 fuit:

500 4681 646 4743 anno
668 4670 924 4729 videlicet
946 4675 1053 4732 410
1072 4677 1175 4730 sub
1198 4676 1412 4733 Varane
1432 4674 1677 4732 Tertullo
1699 4670 2090 4743 solo'consule,

501 4748 558 4820 ut
597 4739 762 4820 habet
799 4745 1162 4820 Marcellinus,
1197 4763 1291 4804 seu
1322 4765 1465 4802 anno
1496 4750 1773 4820 sequenti,
1807 4759 1859 4801 ut
1902 4739 2093 4805 scribit

498 4808 701 4868 Idatius
729 4814 781 4870 in
814 4817 1107 4873 Chronico.

531 4952 545 4966 θ
569 4882 637 4938 A.
672 4887 730 4941 C.
762 4888 896 4966 405.
918 4919 989 4966 -ς
1010 4889 1280 4966 δέὶιίσοηε,
1312 4892 1618 4966 etc._ﬂujus
1640 4890 2097 4966 conciliimemo-

495 4958 578 5009 ria
610 4970 674 5035 ex
701 4960 932 5027 epistola
957 4961 1012 5017 S.
1046 4958 1347 5018 Innocvntii
1379 4965 1397 5018 l
1430 4958 1657 5018 Rtimani
1688 4961 1969 5019 Pontificis
2003 4981 2097 5035 pe-

498 5027 659 5105 tenda
692 5039 803 5097 est;
836 5047 908 5086 ex
943 5049 1045 5105 qua
1076 5043 1290 5089 constat
1321 5038 1491 5105 ipsum
1524 5035 1812 5105 scripsis-e
1839 5044 1963 5105 post
1989 5027 2094 5092 ali-

495 5099 640 5175 quod
666 5110 879 5175 tempus
909 5099 991 5158 sui
1033 5121 1064 5175 p
1089 5099 1400 5173 uitilicntus,
1434 5123 1541 5175 quo
1569 5099 1811 5162 scribere
1839 5099 2097 5163 dissimu-

497 5168 726 5250 laverat,
759 5168 825 5228 a—d
860 5168 1146 5232 universos
1188 5168 1473 5248 episcopos
1513 5179 1567 5234 in
1595 5179 1856 5233 'l‘oletana
1887 5182 2097 5250 synodo

494 5243 856 5315 constitutos;
914 5264 1083 5315 quare
1135 5243 1256 5303 cum
1313 5243 1521 5305 electus
1575 5250 1737 5305 fuerit
1794 5243 1939 5304 anno
1992 5250 2095 5309 401

494 5314 581 5392 vel
609 5315 736 5392 402,
766 5314 1110 5392 consenuenS
1155 5322 1233 5387 fit,
1263 5331 1322 5375 ut
1369 5336 1509 5392 anno
1552 5321 1659 5377 405
1700 5321 1783 5376 vel
1824 5337 1996 5392 prope
2036 5339 2099 5378 ea

494 5383 725 5466 epistola
758 5388 881 5466 data
908 5383 1010 5458 sit;
1045 5394 1118 5445 ait
1146 5383 1287 5446 enim
1322 5410 1335 5448 :
1365 5390 1698 5466 Innorentius
1722 5383 1972 5447 uniuersis
1995 5396 2101 5466 epi-

490 5459 663 5536 scopis
692 5458 745 5536 in
778 5459 1029 5536 Ioletana
1055 5466 1250 5536 synodo
1292 5466 1617 5531 constitutis,
1650 5463 1963 5518 dulrtssimis
1992 5458 2101 5536 fia-

491 5529 655 5609 tribus
688 5532 743 5584 in
785 5530 1009 5609 Domino
1034 5529 1278 5609 salutem.
1325 5536 1477 5609 Saepe
1517 5553 1593 5589 me
1608 5529 1667 5609 ct
1697 5536 1938 5609 nimium,
1985 5529 2101 5592 cum

491 5608 692 5677 {enaret
711 5617 838 5656 cura
882 5605 1164 5660 sollicitum
1192 5649 1206 5672 ,
1252 5604 1425 5677 super'
1445 5607 1778 5661 dissensionis
1826 5604 2100 5663 schismate

490 5667 869 5750 Ecclesiarum,
900 5679 1037 5750 quod
1068 5667 1262 5731 tantum
1294 5667 1383 5750 per
1414 5677 1696 5748 Hispanias
1727 5680 1880 5731 latius
1906 5680 1958 5733 in
1985 5680 2093 5735 dies

493 5746 837 5822 separationis
866 5748 1033 5819 gradu
1058 5746 1456 5822 incedere-fatim
1478 5746 1804 5822 proloquitur
1818 5767 1836 5815 ;
1861 5767 2093 5822 necesse-

491 5820 629 5869 rium
661 5824 858 5888 tempus
898 5820 1125 5892 emersit,
1154 5838 1258 5893 quo
1298 5839 1401 5879 non
1432 5820 1591 5894 pessit
1630 5821 1918 5879 cnwndatio
1948 5832 2093 5881 tanta

2197 3889 2502 3960 contrarius
2528 3888 2795 3960 existens,
2815 3886 3037 3960 pravum
3058 3888 3251 3960 dogma
3278 3890 3329 3944 in
3345 3886 3535 3960 Galliis
3557 3886 3802 3941 dissemi-

2197 3958 2372 4024 navit,
2396 3959 2490 4013 sed
2511 3960 2576 4012 ab
2595 3956 2902 4029 Augustino
2917 3956 3247 4023 admouiius,
3267 3958 3593 4028 palinodiam
3609 3972 3801 4029 recan-

2198 4031 2355 4095 tavit;
2390 4031 2455 4085 de
2476 4046 2586 4101 quo
2613 4028 2926 4086 Gennadius
2959 4032 3051 4085 lib.
3084 4034 3150 4085 de
3177 4030 3317 4087 Viris
3344 4031 3516 4086 illust.
3546 4042 3673 4101 cap.
3707 4028 3796 4094 59,

2198 4111 2248 4152 et
2272 4098 2566 4156 Cassianus
2588 4101 2654 4156 de
2678 4101 2893 4158 lucarn.
2924 4102 3017 4157 lib.
3045 4118 3060 4158 ι
3089 4111 3146 4157 et
3169 4117 3263 4157 vn.
3290 4102 3509 4158 Addunt
3538 4098 3674 4156 falso
3695 4101 3799 4155 dici

2201 4168 2510 4228 Uticensem
2571 4175 2883 4242 episcopum
2932 4175 2984 4227 in
3039 4174 3318 4241 HiSpania,
3370 4188 3493 4228 cum
3546 4172 3695 4228 Utica
3748 4174 3801 4226 in

2196 4244 2375 4297 At'rica
2409 4245 2507 4317 sit,
2536 4260 2639 4299 non
2669 4247 2719 4299 in
2752 4246 3027 4317 Hispania,
3051 4253 3115 4301 et
3143 4245 3408 4317 Leporius
3454 4260 3559 4299 non
3606 4244 3803 4317 li_ispa-

2200 4328 2321 4381 nus,
2352 4316 2444 4371 sed
2476 4316 2683 4385 GaliJS,
2716 4329 2812 4371 aut
2842 4313 3012 4371 Blitto
3045 4313 3312 4387 fuerit,'ut
3340 4317 3571 4372 Pitsmus
3611 4313 3702 4387 li_b.
3735 4315 3805 4369 de

2198 4388 2395 4456 Script.
2434 4388 2647 4458 Anglic.
2683 4390 2981 4442 contendit.
3024 4385 3235 4444 Excuso
3267 4386 3600 4458 cardinalem
3629 4385 3802 4440 Baro-

2200 4459 2369 4531 nium,
2397 4458 2491 4529 qui
2525 4456 2724 4513 Dextro
2751 4460 3057 4531 caruit,sed
3084 4475 3177 4515 eos
3205 4461 3453 4531 qui,viso
3474 4456 3807 4525 Dextro,re—

2200 4528 2492 4598 luctantur,
2517 4530 2776 4602 admiror.
2801 4528 2941 4586 Cum
2966 4531 3108 4587 enim
3138 4528 3399 4602 expresse
3426 4538 3654 4602 asserat,
3678 4543 3803 4583 eum

2199 4602 2290 4671 qui
2339 4601 2562 4656 mutavit
2603 4606 2928 4658 sententiam
2983 4618 3132 4658 suam
3184 4600 3253 4657 ad
3293 4617 3479 4659 sanam
3520 4600 3801 4657 redactum

2202 4679 2437 4746 mentem
2469 4672 2649 4740 fuisse,
2685 4688 2747 4727 ex
2778 4676 3062 4746 Augustini
3094 4672 3301 4746 familia
3335 4674 3685 4746 monachum,
3709 4672 3804 4726 ha-

2203 4744 2496 4815 buisseque
2524 4743 2912 4814 prmceptorern
2962 4747 3213 4801 eumdem
3257 4743 3660 4816 Augustinum,
3695 4757 3803 4816 non

2203 4828 2285 4870 est
2316 4814 2459 4870 unde
2491 4818 2630 4871 alter
2656 4818 2723 4870 ah
2755 4819 2926 4872 altero
2968 4817 3226 4887 distingui
3270 4814 3433 4887 queat
3462 4833 3475 4869 :
3507 4814 3804 4887 cumiaiias

2202 4888 2384 4942 nullus
2420 4903 2485 4960 ex
2509 4889 2747 4959 antiquis
2770 4900 2982 4960 promat
3006 4885 3670 4960 duos—ejusnominissub
3692 4885 3804 4960 Au-

2201 4963 2401 5030 gusuni
2430 4954 2713 5028 disciplina
2763 4954 3143 5016 monachatnm
3173 4954 3504 5014 exercuisse.
3554 4956 3658 5013 Sed
3694 4954 3805 5011 for-

2203 5046 2299 5085 san
2332 5032 2454 5102 quis
2483 5032 2704 5100 objiciat
2738 5031 2787 5085 id
2819 5048 2882 5087 ex
2916 5044 3073 5087 aetate
3104 5031 3237 5087 satis
3278 5031 3510 5097 deduci;
3543 5043 3666 5084 nam
3696 5042 3805 5098 quo

2203 5101 2449 5173 tempere
2478 5116 2617 5158 unus
2661 5106 2986 5158 sententiain
3032 5105 3083 5159 in
3112 5112 3273 5158 trtate
3314 5116 3521 5157 matura
3552 5101 3802 5173 mutavit,

2205 5171 2342 5230 alter
2364 5173 2664 5243 juventutis
2689 5190 2859 5232 annos
2884 5192 2987 5230 non
3016 5186 3329 5230 excesserat
3355 5191 3368 5227 :
3400 5171 3666 5242 siquidem
3691 5173 3803 5227 An-

2203 5247 2451 5317 gustinus
2486 5247 2639 5300 canis
2667 5261 2952 5316 respersus
2981 5251 3147 5303 relert
3184 5261 3240 5299 se
3271 5245 3561 5316 Leporiurn
3594 5243 3646 5297 in
3678 5259 3803 5317 mo-

2206 5314 2442 5389 nasterio
2486 5314 2794 5387 recepisse;
2828 5333 2935 5389 quo
2967 5334 3099 5374 sane
3150 5314 3396 5388 tempore
3437 5325 3560 5386 post
3588 5314 3805 5389 Amultos

2206 5388 2563 5460 nionachatus
2592 5386 2768 5446 annos
2792 5386 3003 5447 videtur
3026 5386 3322 5460 contigisse
3342 5390 3523 5458 lapsus
3554 5386 3798 5453 alterius,

2206 5458 2526 5539 praedicatio
2559 5464 2786 5528 erroris,
2821 5463 3018 5539 etejus
3049 5458 3265 5539 tandem
3299 5460 3620 5515 recantatio.
3678 5528 3690 5539 .
3759 5528 3771 5539 .

2276 5530 2564 5600 Perperam
2599 5540 2802 5601 tamen,
2838 5528 2975 5612 nihil
3000 5536 3204 5590 etenim
3236 5533 3429 5587 horum
3474 5546 3539 5586 ex
3583 5528 3805 5612 scriptis

2204 5612 2487 5661 auctorum
2529 5615 2773 5673 constat;
2818 5606 2910 5661 sed
2945 5606 3138 5661 demus
3168 5618 3474 5674 respersum
3504 5606 3656 5674 canis
3682 5615 3803 5674 ser-

2204 5675 2598 5748 monetnillum
2632 5677 2700 5732 50
2721 5678 3010 5748 scripsisse
3042 5672 3426 5745 Augustinum,
3459 5673 3715 5748 quoniam
3750 5672 3802 5748 in

2202 5764 2267 5805 eo
2308 5746 2468 5802 dicit:
2501 5746 2614 5818 Ego
2655 5744 2863 5818 quidem
2905 5766 3053 5822 quem
3087 5744 3197 5822 Deo
3226 5749 3456 5822 propitio
3486 5745 3667 5798 videtis
3695 5744 3805 5812 epi-

2201 5834 2411 5891 scopum
2436 5828 2685 5888 vestrum,
2701 5819 3044 5895 juvenis—veni
3067 5820 3134 5876 ad
3164 5819 3317 5877 ist—ant
3347 5819 3601 5873 ciuitatem
3625 5859 3639 5885 ,
3668 5825 3752 5871 ctc
3787 5855 3802 5884 ,
