4114 6338
399 289 506 351 διε

1451 287 1677 347 FLAVI]
1716 288 1893 348 LUCII
1936 286 2193 346 DEXTRI
2229 283 2642 345 CIIRONICUN.

1615 422 1880 481 BIVARII
1918 422 2488 481 COMMENTARIUS.

399 558 509 612 non,
531 540 680 599 decet
718 540 812 596 hos
841 555 1000 595 canos
1019 579 1037 608 ,
1060 547 1201 612 fetc.,
1229 545 1469 596 attamen
1500 538 1920 612 conversionem
1951 547 2005 595 et
2034 541 2083 601 Α
2111 536 2297 612 sbyter
2323 537 2596 612 ordinari,
2643 539 2988 608 postmodum
3032 539 3100 596 ad
3145 538 3512 612 episcopatum
3540 542 3704 600 etiam

400 611 615 670 initium
656 613 1014 668 monachatus
1054 611 1268 681 Leporii
1302 626 1408 667 non
1439 612 1603 667 refert
1632 611 1784 682 quasi
1815 622 2006 666 recen-

397 694 529 751 tem,
558 697 615 741 et
644 686 711 741 iis
738 683 871 754 ipsis
897 684 1091 738 diebus
1110 684 1314 754 factam
1334 724 1351 749 ,
1393 683 1644 754 sedante
1673 683 1878 754 multos
1904 697 2001 736 an-

397 772 519 812 nos.
548 757 628 812 En
654 751 819 811 verba
854 755 1026 825 ipsius
1056 771 1069 808 :
1096 753 1349 827 Leporius
1379 753 1589 824 quidam
1609 751 2006 827 fuitnoliilitate

397 829 638 900 steculari
668 824 997 900 conspicuus.
1029 834 1076 880 et
1103 824 1788 900 praedives,comparandus
1810 826 1864 878 in
1885 826 2003 895 plu-

396 901 539 954 ribus
562 896 809 953 Piniano.
835 896 941 952 Hic
962 914 1058 952 sua
1075 898 1250 951 omnia
1272 896 1529 952 dimittere
1553 897 1786 968 cupiens,
1808 908 1852 950 et
1874 914 2003 967 ρηαο

396 988 488 1041 per
529 987 648 1025 cum
692 968 887 1024 Christi
930 967 1562 1041 pauperibusgAugustini
1592 967 1842 1039 fratribus
1896 968 2001 1023 Deo

395 1039 623 1109 servire;
652 1056 757 1096 non
785 1050 906 1095 ante
934 1039 1048 1095 eum
1093 1039 1284 1109 recepit
1317 1040 1857 1112 Augustinus,qaani,
1889 1055 2000 1094 ero-

395 1115 527 1185 gatis
548 1113 782 1167 omnibus
813 1112 982 1174 bonis,
1011 1128 1227 1185 egenum
1252 1111 1465 1185 prorsus
1486 1111 1749 1165 redditum
1773 1111 1958 1164 viderit
1980 1126 2001 1166 :

396 1183 479 1238 cui
505 1195 555 1239 et
577 1191 926 1254 suggesserat,
957 1193 1013 1238 ut
1039 1183 1103 1238 de
1142 1183 1333 1237 divitiis
1359 1185 1578 1253 erigeret
1603 1186 1995 1254 monasterium,

395 1272 598 1310 net-non
620 1244 1043 1317 XEnodochium,
1087 1263 1136 1309 et
1159 1244 1776 1324 basilicanﬂlartyram.
1808 1244 1999 1310 Noone

392 1328 623 1383 verbum
655 1328 787 1383 illttd
820 1328 939 1398 fuit,
974 1341 1095 1381 cum
1122 1325 1336 1394 dicitur,
1372 1324 1622 1398 Leporius
1642 1325 1851 1396 quidam
1874 1326 1994 1397 fuit,

396 1407 610 1467 tempus
642 1402 999 1467 prmtcritum,
1032 1404 1086 1450 ct
1114 1411 1226 1452 rem
1273 1407 1398 1451 ante
1444 1413 1613 1467 annos
1655 1412 1760 1449 non
1793 1411 1995 1465 paucos

396 1470 589 1525 factam
622 1466 882 1524 denotat?
912 1468 1088 1524 Probe
1118 1482 1249 1538 ergo
1294 1483 1418 1523 cum
1464 1466 1803 1537 Augustinus
1844 1469 1996 1524 canis

392 1551 512 1595 erat
542 1555 851 1609 respersus,
896 1541 1062 1595 multa
1087 1540 1279 1594 fecisse
1310 1539 1484 1608 potuit
1507 1539 1804 1608 Leporius;
1838 1542 1991 1608 quin-

393 1611 565 1667 immo
616 1612 811 1665 modus
857 1611 1118 1675 lnquemli
1169 1610 1450 1665 absentem
1495 1611 1699 1666 indicat
1727 1652 1741 1676 ,
1803 1620 1861 1664 ut
1904 1611 1995 1667 ille

392 1691 534 1752 erat,
563 1682 655 1753 qui
683 1682 738 1737 in
760 1681 948 1737 Galliis
975 1683 1192 1752 aliquod
1226 1692 1438 1752 tempus
1461 1681 1658 1751 exegit.
1676 1682 1766 1749 At,
1794 1681 1991 1753 inquit,

394 1755 446 1808 in
478 1770 730 1809 sermone
758 1754 857 1809 illo
886 1754 1071 1808 laudat
1101 1768 1224 1808 eum
1247 1798 1261 1824 ,
1307 1762 1364 1809 et
1392 1754 1704 1809 luereticum
1738 1768 1849 1807 non
1878 1757 1994 1809 lau-

392 1825 569 1879 daret.
603 1825 778 1891 Bene,
824 1828 1125 1896 assentior;
1155 1825 1248 1880 sed
1280 1833 1483 1896 quanto
1529 1833 1774 1895 tempore
1818 1826 1991 1881 errori

392 1897 682 1952 immersus
711 1892 869 1952 erat?
900 1896 1117 1965 quando
1148 1911 1278 1949 vero
1299 1892 1371 1951 ad
1405 1898 1601 1952 bonam
1628 1892 1865 1952 mentem
1898 1911 1986 1953 re-

393 1969 605 2039 tiacIus,
625 1968 901 2034 exemplar
916 1967 1248 2038 poenitentia:
1268 1968 1430 2022 dabat
1456 1969 1522 2039 de
1544 1984 1625 2035 se,
1647 1984 1765 2035 cur,
1780 1983 1989 2039 qua'so,

392 2038 600 2094 laudari
634 2055 741 2093 non
773 2039 1029 2094 deberet?
1070 2044 1370 2107 prae~ertim
1400 2038 1523 2107 quia
1554 2054 1622 2096 eo
1663 2040 1782 2095 loco
1800 2038 1991 2096 solum

391 2113 505 2177 agit
535 2111 601 2166 de
647 2111 1011 2166 conversione
1041 2111 1161 2177 eius
1192 2126 1221 2165 a
1268 2110 1514 2166 saeculari
1548 2111 1652 2165 vita
1708 2110 1772 2165 ad
1806 2125 1993 2165 mona-

392 2182 627 2253 elialem,
669 2197 788 2253 quae
819 2184 938 2236 sine
970 2180 1135 2235 dubio
1175 2181 1349 2235 luerat
1397 2181 1734 2253 exemplaris
1764 2181 1991 2253 :Alapsus

391 2267 528 2309 vero
559 2251 786 2309 nihilad
818 2252 1151 2324 propositum
1198 2253 1346 2307 illius
1391 2251 1662 2308 sermonis
1701 2251 1987 2308 attinebat.

392 2326 546 2389 Quod
575 2324 788 2379 additur
814 2323 882 2396 die
913 2323 1152 2379 Uticensi
1185 2325 1519 2393 episcopatu,
1553 2341 1621 2380 ex
1652 2325 1988 2396 ignoratione

391 2396 593 2452 veteris
637 2395 908 2467 llispanire
955 2396 1329 2467 topographia:
1373 2397 1574 2450 dictum
1612 2395 1699 2452 est
1729 2413 1742 2467 ς
1777 2406 1991 2451 constat

390 2469 660 2537 siquidem
694 2464 1265 2537 testimonio'Appiani
1311 2467 1663 2523 Alexandrini
1715 2465 1885 2522 fuisse
1932 2468 1985 2523 in

389 2536 651 2609 HiSpania
685 2540 874 2594 urbem
911 2536 1142 2604 Uticam,
1175 2555 1204 2593 a
1232 2553 1333 2609 qua
1368 2539 1496 2594 olim
1528 2538 1763 2609 Viriatus
1790 2537 1991 2593 Roma-

390 2608 585 2665 norum
611 2611 858 2680 praesidia
886 2610 1108 2680 fugavit,
1138 2608 1418 2680 postquam
1445 2610 1563 2677 ipse
1585 2627 1611 2662 a
1636 2610 1701 2678 ρ.
1725 2608 1988 2679 Pompeio

388 2683 566 2736 victus
608 2690 928 2736 recesserat.
967 2679 1046 2735 Ex
1094 2679 1289 2736 ordine
1335 2698 1468 2736 vero
1500 2682 1827 2736 narrationis
1853 2696 1985 2737 conc

387 2754 626 2808 vincitur
647 2752 857 2809 Uticam
886 2751 1099 2806 Bmticaa
1126 2756 1311 2808 urbem
1340 2751 1534 2819 fuisse;
1561 2768 1683 2807 nam
1707 2767 1825 2808 eam
1850 2752 1988 2807 assi-

429 2833 519 2878 nat
551 2826 690 2879 inter
719 2823 951 2879 Eboram
987 2821 1279 2879 Lusitania:
1307 2834 1360 2879 et
1386 2823 1709 2880 Bastetanos
1758 2826 1987 2894 populos

438 2898 821 2950 arraconensis
845 2895 1138 2964 llispaniae,
1170 2911 1276 2966 quo
1308 2895 1428 2950 loco
1468 2895 1743 2951 borealior
1772 2894 1986 2951 Bi-tica:

386 2967 541 3037 regio
568 2970 669 3021 sita
701 2975 804 3036 est,
834 2974 891 3020 ut
920 2969 970 3020 in
1003 2967 1199 3021 tabulis
1232 2967 1509 3022 Ptolomaei
1540 2966 1807 3022 videmus.
1842 2966 1987 3037 Lege

389 3040 557 3093 etiam
608 3038 676 3093 de
727 3053 789 3093 ea
840 3037 992 3093 Utica
1041 3038 1388 3093 AmbrOsium
1423 3038 1681 3094 Moralem
1735 3037 1828 3096 lib.
1887 3054 1982 3102 vn,

382 3124 509 3179 cap.
539 3110 629 3175 49,
652 3117 707 3165 et
732 3123 852 3180 qua:
877 3124 974 3163 nos
1001 3110 1066 3163 ad
1089 3124 1291 3163 annum
1321 3108 1523 3164 Christi
1556 3110 1625 3165 66
1654 3112 1984 3169 notavimus.

382 3181 467 3235 De
489 3186 663 3250 patria
679 3181 890 3251 Leporii
917 3180 1048 3234 niliil
1068 3195 1222 3245 curo,
1246 3182 1459 3251 tametsi
1479 3180 1792 3236 Africanum
1818 3181 1987 3241 fuisse

379 3254 631 3325 credam,
659 3250 971 3325 testimonio
1002 3250 1312 3323 Augustini,
1345 3250 1473 3308 dum
1498 3260 1676 3308 tamen
1710 3255 1763 3308 in
1792 3253 1987 3325 HiSpa-

382 3325 478 3379 nia
500 3324 794 3393 episcopus
826 3324 1008 3379 fuerit.
1026 3340 1047 3359 ·

460 3392 629 3451 Paulo
658 3394 936 3451 difficilius
980 3392 1194 3449 videtur
1219 3393 1363 3465 quod
1399 3394 1597 3451 Dexter
1634 3397 1850 3462 asserit,
1878 3397 1984 3455 Le-

377 3467 602 3536 porium
659 3467 972 3536 episcopum
1037 3476 1278 3522 mutasse
1332 3466 1595 3536 perditam
1660 3473 1984 3525 sententiam

379 3551 541 3592 suam
562 3553 579 3604 ;
598 3538 910 3614 Gennadius
932 3538 1302 3614 siquidem,_et
1325 3538 1593 3614 Casianus
1610 3550 1738 3595 ante
1762 3541 1989 3614 presby-

379 3617 619 3663 teratum
662 3609 928 3664 cecidisse
959 3606 1163 3663 dicunt.
1218 3606 1471 3676 Leporius
1502 3608 1673 3664 adhuc
1701 3606 1988 3669 monachus

381 3679 490 3751 (ait
518 3678 880 3754 Gennadius),
908 3689 1086 3754 postea
1113 3678 1396 3752 presbyter,
1412 3697 1729 3753 praesumens
1755 3685 1818 3736 de
1845 3687 1988 3754 puri-

375 3759 491 3805 tate
518 3753 657 3826 vitio,
701 3768 856 3826 quant
886 3752 1101 3826 arbitrio
1130 3760 1374 3826 tantum,
1416 3752 1471 3826 et
1508 3762 1702 3826 conatu
1746 3752 1983 3826 proprio,

376 3838 488 3896 non
531 3821 629 3878 Dei
652 3821 994 3893 se‘adjutorio
1036 3823 1318 3896 obtinuisse
1347 3823 1605 3896 credebat,
1636 3821 1986 3896 Pelagianam

380 3895 576 3965 dogma
601 3892 822 3962 coeperat
852 3897 1018 3965 sequi,
1045 3896 1134 3948 sed
1161 3911 1194 3948 a
1226 3892 1521 3950 Gallicanis
1548 3892 1862 3965 Doctoribus
1892 3901 1961 3954 ad
1972 3933 1986 3941 -

378 3963 633 4031 monitus,
661 3975 710 4021 et
733 3967 785 4020 in
810 3968 850 4019 Α
858 3963 993 4035 frica
1017 3982 1112 4035 per
1130 3966 1485 4035 Augustinum
1501 3984 1531 4020 a
1556 3963 1669 4021 Deo
1688 3968 1987 4028 emendatus

376 4037 593 4107 scripsit
618 4040 997 4092 emendationis
1033 4054 1143 4092 sua:
1164 4037 1420 4103 libellum,
1453 4049 1560 4095 etc.
1595 4037 1860 4094 Casianus
1888 4058 1986 4097 au-

380 4116 516 4174 tem,
545 4108 833 4186 Leporius,
878 4111 1227 4186 inquit,_tunc
1257 4110 1564 4186 monachus,
1597 4109 1988 4186 modogpresbg-

376 4187 480 4243 ter,
514 4182 604 4255 qui
629 4197 695 4255 etc
734 4180 940 4252 Pelagii
967 4180 1291 4236 institutione
1319 4181 1399 4236 vel
1417 4184 1590 4255 potius
1618 4184 1874 4255 pravitate
1896 4180 1988 4242 de-

376 4252 878 4323 scendens(quoad
930 4267 1199 4318 errorem,
1250 4268 1356 4307 non
1404 4254 1578 4322 quoad
1620 4252 1987 4313 'monachatus

377 4320 753 4394 disciplinam,
785 4333 846 4378 ut
872 4339 1148 4380 nonnemo
1172 4323 1303 4379 milii
1323 4320 1456 4396 dixit
1476 4340 1491 4391 ;
1513 4333 1784 4396 quatenus
1812 4328 1987 4393 Lepo-

383 4397 527 4471 rium
556 4396 984 4471 iiouAugustini
1005 4395 1586 4471 monacliuurfaceret,
1611 4395 1707 4452 sed
1732 4396 1980 4471 Pelagii),

376 4467 525 4530 apud
555 4465 762 4543 Gallias
790 4464 1018 4543 assertor
1047 4468 1311 4543 praedictio
1331 4464 1588 4543 haereseos
1613 4479 1700 4543 aut
1723 4464 1987 4543 inter'prii-

378 4555 514 4604 mos,
545 4547 637 4592 aut
669 4540 796 4593 inter
817 4540 1068 4594 maximos
1090 4539 1222 4606 fuit;
1246 4556 1278 4592 a
1301 4538 1447 4593 nobis
1477 4541 1794 4608 admonitus,
1822 4560 1854 4596 α
1875 4538 1986 4600 Deo

379 4610 686 4693 emendatus
719 4612 837 4682 (per
861 4610 1268 4693 A‘ugusunum),
1286 4609 1518 4693 itamale
1546 4623 1846 4693 conceptam
1866 4632 1986 4687 per-

378 4682 676 4776 suasionem
708 4682 980 4766 magniﬁce
1017 4682 1394 4776 condemnavit,
1429 4692 1629 4776 utqrton
1661 4682 1832 4776 minus
1858 4682 1986 4756 pene
2011 4715 2063 4776 ι)

376 4752 698 4825 admiranda
728 4752 809 4809 sit'
825 4755 1075 4808 correctio
1104 4754 1249 4809 illius
1269 4795 1283 4816 ,
1311 4769 1469 4825 quam
1496 4754 1667 4811 illtesa
1698 4752 1982 4815 multo—rum

379 4824 530 4894 ﬁdes.
575 4825 633 4880 Is
653 4842 772 4898 ergo
803 4827 855 4879 in
886 4842 940 4879 se
968 4841 1220 4888 reversus,
1254 4824 1339 4900 ubi
1368 4835 1486 4880 tunc
1518 4838 1626 4882 erat
1658 4838 1813 4900 atque
1844 4848 1981 4886 nunc

376 4904 476 4961 est,
509 4904 615 4950 tam
657 4913 1062 4970 erroremgsuum
1097 4913 1212 4970 cum
1236 4897 1435 4970 dolore,
1463 4917 1618 4969 quam
1644 4897 1755 4954 sine
1784 4904 1983 4970 pudore

376 4971 650 5038 confessus
675 4978 749 5024 est
776 5010 791 5034 ,
814 4968 904 5023 sed
925 4970 1081 5023 etiam
1101 4966 1172 5021 ad
1198 4984 1370 5024 omnes
1392 4966 1585 5025 Gallice
1605 4966 1838 5027 civitates
1858 4991 1982 5029 con—

379 5041 622 5110 fessionis
648 5057 710 5095 ac
748 5040 992 5106 planctus
1032 5041 1112 5095 sui
1155 5039 1356 5097 litteras
1396 5043 1559 5108 dedit,
1586 5052 1695 5099 etc.
1747 5044 1983 5101 Exstant

376 5111 522 5180 apud
556 5112 1037 5186 Baroniunigto‘m.
1061 5110 1104 5166 V
1134 5112 1200 5164 ad
1241 5126 1441 5167 annum
1475 5114 1687 5186 Domini
1718 5112 1826 5171 4ἓο
1846 5132 1982 5186 qua-

376 5198 497 5237 rum
522 5185 830 5240 exordium:
854 5182 994 5249 Quid
1023 5185 1073 5237 in
1098 5198 1178 5238 me
1199 5185 1448 5251 primum.
1469 5202 1499 5239 ο
1526 5185 1741 5240 Domini
1769 5182 1878 5241 mei
1899 5205 1979 5243 ve-

378 5256 621 5329 nerandi,
650 5266 758 5329 etc.
782 5254 918 5311 Cum
950 5269 1079 5323 ergo
1106 5262 1232 5309 ante
1260 5259 1696 5329 presbyter-alunt
1721 5259 1902 5329 lapsus
1924 5268 1979 5316 et

378 5327 700 5401 emendatus
730 5328 1361 5401 fueritpquonampacto
1388 5327 1652 5401 a‘Dextro
1688 5327 1978 5401 episcopus

379 5399 641 5475 vocatur?
662 5398 806 5475 Sane
832 5399 997 5454 verba
1027 5400 1137 5475 illa,
1172 5398 1466 5475 EpiscOpus
1500 5398 1981 5475 Uticensis,rappo—

379 5468 536 5547 sitiye
571 5472 770 5547 scripta
799 5478 968 5547 ‘sunt,
1000 5479 1057 5525 tit
1087 5473 1156 5527 sit
1176 5468 1402 5547 sensus,
1432 5472 1680 5547 Leporius
1695 5474 1797 5547 _qui
1837 5468 1979 5532 nunc

380 5542 667 5616 scripturae
720 5541 880 5613 hujus
931 5553 1177 5616 tempore
1229 5541 1514 5616 episcopus
1550 5554 1637 5601 est
1691 5543 1974 5616 Uticensis,

380 5610 523 5689 prius
558 5610 841 5689 monac/tus
869 5630 934 5689 ea:
970 5610 1176 5689 familia
1219 5610 1280 5669 S.
1312 5610 1611 5689 Augustini,
1643 5624 1753 5672 etc.
1792 5610 1979 5689 Neque

383 5684 536 5760 aliter
576 5701 740 5760 quam
772 5683 1030 5743 Casianus
1055 5686 1143 5760 _de
1191 5683 1452 5760 condixit,
1488 5686 1629 5760 Tunc
1670 5683 1975 5760 monachus,

383 5754 538 5807 modo
594 5754 900 5829 presbyter;
948 5764 1001 5811 et
1042 5757 1399 5829 Gennadius,
1447 5758 1621 5813 adhuc
1666 5754 1976 5829 monachus,

382 5835 557 5896 postea
581 5827 863 5900 presbyter.
898 5829 1030 5885 Nam
1078 5829 1170 5902 qui
1201 5835 1324 5900 post
1360 5827 1571 5902 lapsum
1616 5832 1819 5890 meruit
1849 5827 1976 5903 pre?

2022 1934 2069 1994 B

2108 608 2301 683 dignus
2327 620 2410 683 est
2440 608 2657 667 habitus
2684 622 2742 666 ut
2763 614 3113 669 ascenderet.
3146 608 3282 669 Hinc
3308 608 3495 683 procul
3534 614 3702 672 dubio

2106 680 2199 756 lit,
2227 692 2284 736 ut
2313 682 2453 737 alter
2483 686 2554 738 sit
2581 683 2648 737 ab
2679 698 2745 739 eo
2777 685 3011 756 Leporio
3033 680 3319 756 episeopo,
3342 686 3433 753 qui
3465 687 3701 743 concilio

2106 700 2188 750 ιιι,
2227 700 2284 736 Ill.
2313 700 2453 737 διιεῖ
2483 700 2554 738 Sil
2581 700 2648 737 an
2679 700 2745 739 CO
2777 700 2850 740 Le
2892 700 3011 740 OI‘IO
3033 700 3317 756 οριεοορο,
3342 701 3433 753 qut
3465 700 3700 743 COIICIIIO

2106 744 2371 826 Toletano
2402 764 2712 824 nuncupato
2743 772 2758 810 ι
2788 700 3110 826 subscripsit
3140 770 3284 812 anno
3318 756 3528 812 Domini
3569 756 3700 821 405,

2107 825 2348 898 nondum
2374 826 2640 897 siquidem
2669 828 2956 883 ordinatus
2982 825 3159 884 fuerat
3181 829 3227 883 is
3247 828 3316 884 de
3335 844 3443 897 quo
3465 828 3699 898 agimus.

2106 895 2218 951 Nisi
2267 898 2392 966 quis
2438 895 2570 953 relit
2608 906 2775 955 totam
2822 900 2959 957 hanc
2982 900 3311 955 sententiam
3355 895 3546 954 Dextri
3596 900 3700 956 hoc

2104 982 2246 1021 anno
2274 970 2342 1042 ab
2372 982 2438 1042 eo
2460 970 2748 1042 assignari,
2782 973 2924 1040 quod
2953 973 3229 1042 ignoraret
3258 985 3447 1025 verum
3475 981 3692 1039 tempus

2103 1039 2457 1111 correctionis
2485 1040 2627 1095 illius
2651 1057 2665 1106 ;
2696 1039 2857 1111 quam
2888 1039 3065 1097 tamen
3089 1051 3215 1096 ante
3237 1043 3527 1098 concilium
3555 1044 3700 1099 acci-

2102 1108 2248 1183 disse
2292 1111 2461 1180 liquet
2488 1127 2550 1165 ex
2595 1108 2869 1180 prmdicus
2898 1114 3413 1183 subscriptionibus.
3456 1117 3699 1168 Annota-

2100 1182 2201 1256 riui
2230 1183 2417 1256 etiam,
2449 1182 2611 1256 verba
2645 1184 2731 1239 illa
2771 1184 3004 1246 Casiani.
3038 1182 3273 1240 Asscrtor
3299 1184 3561 1256 praedicta:
3588 1186 3696 1240 lue-

2100 1254 2229 1306 resis
2258 1254 2389 1306 inter
2430 1253 2624 1327 primos
2653 1257 2774 1323 fuit,
2829 1258 3037 1311 ratione
3072 1253 3372 1325 prtesertim
3405 1259 3689 1327 temporis,

2099 1338 2205 1398 quo
2248 1334 2395 1398 ante
2425 1326 2560 1398 alios
2608 1342 2848 1382 errorem
2896 1328 3096 1398 Pelagii
3143 1326 3686 1398 praedicavit,’dieta

2099 1392 2288 1453 fuisse.
2339 1396 2598 1469 Nimirum
2644 1399 2767 1468 quia
2814 1392 3052 1469 quando'
3081 1392 3200 1467 ipse
3245 1399 3429 1466 lapsus
3472 1392 3587 1462 est,
3635 1410 3693 1455 et

2096 1469 2437 1535 emendatus,
2467 1468 2711 1532 Pelagius
2742 1468 2921 1526 adhuc
2952 1473 3007 1525 in
3039 1470 3273 1527 cencilio
3314 1471 3495 1538 aliquo
3536 1470 3692 1525 dam-

2099 1545 2257 1592 natus
2287 1554 2393 1613 non
2425 1538 2632 1613 fuerat;
2665 1542 2896 1611 primum
2927 1543 3127 1613 quippe
3157 1557 3299 1611 anno
3330 1542 3544 1597 Domini
3584 1542 3690 1597 M6

2094 1620 2289 1684 agente
2317 1610 2511 1684 Oresio
2540 1612 2591 1665 in
2625 1610 2874 1669 coni-iliis
2917 1610 3265 1682 Milevitano,
3309 1621 3365 1667 et
3410 1613 3692 1684 Carthagi-

2097 1682 2249 1755 iiensi
2281 1683 2385 1736 sub
2403 1682 2635 1755 Silvano
2654 1684 2911 1755 episcopo
2938 1685 3338 1741 condemnatus
3363 1683 3481 1739 fuit.
3508 1682 3690 1751 Quare

2096 1751 2362 1827 Leporius
2394 1752 2603 1809 facilius
2634 1751 2920 1827 Augustini
2951 1756 3191 1826 magistri
3232 1756 3315 1810 sui
3342 1756 3688 1827 correctione

2094 1825 2414 1879 emendatus
2444 1834 2641 1892 est,et,
2674 1825 2737 1882 ut
2759 1839 3007 1897 apparet,
3035 1825 3327 1883 contumax
3352 1826 3686 1882 non‘fuerat.

2168 1897 2362 1969 Adhuc
2398 1899 2638 1953 nonnulli
2671 1901 2942 1955 sustinere
2974 1915 3078 1955 nou
3126 1908 3382 1969 possunt,
3413 1898 3552 1968 quod
3582 1898 3686 1969 Le-

2100 1966 2283 2041 porius
2307 1969 2518 2023 dicatur
2544 1970 2842 2041 monachus
2867 1986 2930 2027 ex
2957 1966 3154 2026 familia
3181 1971 3351 2025 sancti
3377 1966 3687 2041 Augustini,

2096 2040 2347 2110 quoniam
2390 2040 2770 2097 monachatum
2804 2043 2869 2097 ali
2904 2041 3204 2110 Augustino
3250 2040 3548 2097 institutum
3592 2055 3691 2094 au-

2094 2110 2499 2183 i‘lire_nolunt,
2548 2113 2643 2167 sed
2695 2116 2986 2168 canonicos
3049 2115 3328 2169 dumtaxat
3386 2112 3684 2183 regulares.

2094 2178 2251 2254 Quod
2281 2181 2501 2254 quidem
2534 2198 2630 2252 pro
2655 2186 3032 2249 contentione,
3066 2202 3172 2241 non
3201 2199 3296 2254 pro
3326 2178 3548 2239 veritate
3581 2183 3687 2238 dici

2094 2250 2498 2335 dubiumuiulli
2537 2250 2639 2310 Vsit.
2687 2254 2830 2335 Nihil
2875 2259 3022 2312 enim
3066 2273 3133 2312 ex
3173 2250 3389 2335 scriptis
3439 2254 3688 2310 Doctoris

2093 2325 2422 2397 sanctissimi
2444 2340 2609 2397 teque
2640 2327 2979 2396 persnicuum
3024 2339 3136 2391 est,
3171 2342 3331 2395 quam
3366 2328 3539 2397 ipsum
3567 2341 3687 2397 mo:

2094 2392 2328 2447 naclium
2380 2395 2583 2461 fuisse,
2637 2392 2691 2452 et
2739 2397 3103 2455 institutorem
3160 2392 3570 2453 monachorum.
3626 2394 3685 2452 Id

2092 2463 2235 2540 quod
2263 2463 2561 2540 Petilianus
2586 2469 2983 2525 Donatistarum
3009 2470 3252 2540 petulans
3276 2469 3685 2538 antesignanus,

2091 2536 2256 2610 quiin
2282 2536 2462 2610 Agl'rica
2488 2536 2848 2607 Augustinum
2880 2536 3019 2597 bene
3046 2551 3302 2603 noverat,
3334 2540 3409 2595 illi
3442 2536 3643 2610 objecit
3666 2578 3684 2609 ,

2092 2617 2150 2660 ut
2178 2607 2642 2681 ipseAugustinus
2669 2613 2835 2669 refert
2857 2614 2952 2668 lib.
2976 2629 3032 2669 ut
3055 2621 3245 2669 contra
3273 2613 3479 2667 litteras
3500 2607 3684 2681 Petil.,

2091 2692 2211 2758 cap.
2246 2679 2338 2758 lt),
2373 2680 2622 2750 inquiens
2652 2701 2663 2735 :
2693 2681 2953 2758 Deinceps
2986 2686 3323 2758 perrexitore
3350 2684 3603 2738 maledico
3633 2679 3690 2738 in

2090 2752 2397 2826 vituperium
2428 2752 2905 2826 monasteriorum,
2932 2752 2995 2811 εί
3020 2757 3387 2823 monachorum
3410 2797 3425 2820 ,
3462 2771 3687 2826 arguens

2091 2823 2245 2899 etiam
2280 2839 2377 2886 me,
2408 2824 2546 2899 quod
2570 2826 2664 2879 hoc
2684 2842 2846 2898 genus
2877 2829 2993 2883 vita:
3017 2845 3047 2880 a
3075 2844 3153 2881 me
3180 2828 3336 2899 fuerit
3358 2823 3687 2899 institution;

2089 2895 2227 2970 quod
2248 2896 2546 2970 genusvittc
2574 2895 2780 2952 omnino
2809 2900 2963 2967 quale
2985 2900 3048 2953 sit
3071 2895 3227 2955 nescit
3244 2939 3258 2963 ,
3286 2899 3363 2952 νει
3389 2896 3560 2970 potius
3582 2906 3687 2970 toto

2092 2963 2210 3039 orbe
2240 2966 2560 3039 notissimum
2583 2972 2777 3024 nescire
2802 2963 2856 3025 se
2882 2971 3051 3039 ﬁnxit.
3084 2963 3569 3038 Petilianus'igitnr
3587 2968 3683 3023 ob~

2086 3034 2216 3111 jeeit
2253 3034 2577 3108 Augustino,
2601 3043 2743 3111 quod
2773 3034 3158 3096 monachorum
3192 3048 3338 3095 esset
3368 3034 3679 3111 institutor;

2090 3108 2173 3159 cui
2197 3114 2375 3181 tamen
2399 3123 2518 3163 cum
2549 3108 2844 3181 respondet
2867 3114 2925 3167 S.
2956 3114 3172 3178 Doctor,
3201 3127 3304 3166 non
3330 3110 3520 3181 abnuit
3542 3111 3685 3181 ίμιοά

2093 3177 2393 3253 monachus
2432 3182 2531 3246 sit,
2560 3194 2609 3237 et
2645 3177 3035 3238 ittonachorttm
3065 3193 3237 3251 pater,
3268 3180 3362 3239 sed
3390 3181 3534 3253 quod
3566 3180 3687 3251 ipse

2090 3246 2304 3303 dicatur
2346 3253 2704 3309 monacltismi
2754 3271 2928 3311 novus
2967 3246 3349 3310 inventor'sen
3383 3246 3684 3319 institutor,

2011 3326 2056 3389 C
2092 3329 2413 3397 cumtamen
2426 3324 2526 3379 hoc
2539 3327 2662 3381 vitae
2680 3341 2850 3397 genus
2874 3336 2988 3382 toto
3006 3326 3138 3381 orbe
3162 3326 3499 3397 notissimum
3514 3330 3683 3397 esset,

2090 3391 2232 3468 quod
2262 3391 2555 3451 Petilianus
2576 3391 3000 3468 autignorabat,
3025 3406 3119 3452 aut
3141 3399 3397 3467 ignorare
3420 3395 3680 3468 fingebat.

2090 3460 2211 3538 Ipse
2232 3478 2446 3534 quoque
2462 3460 2791 3538 Augustinus
2821 3469 2869 3522 id
2899 3460 3400 3538 expresse'fatetur.
3426 3460 3540 3522 tum
3563 3465 3685 3520 aliis

2090 3532 2376 3610 locis,'t_um
2403 3532 2671 3607 praecipue
2696 3544 2747 3596 in
2772 3532 3108 3609 expositione
3132 3540 3320 3610 psalmi
3342 3537 3686 3610 cxxxttzEcce

2088 3621 2243 3681 (Ιαζιηι
2270 3606 2453 3681 bonum
2472 3652 2487 3675 ,
2514 3606 2644 3677 etc.,
2678 3613 2785 3667 illis
2812 3606 2994 3668 verbis
3022 3629 3036 3668 :
3071 3606 3208 3678 Quid
3232 3626 3352 3681 ergo
3378 3610 3554 3681 dicunt
3578 3607 3684 3675 illi,

2089 3679 2176 3745 qui
2226 3678 2373 3732 nobis
2413 3682 2475 3734 de
2511 3685 2715 3738 nomine
2755 3684 3125 3738 monachorum
3157 3678 3453 3737 insultant?
3483 3679 3680 3735 Verum

2089 3751 2484 3825 quamvisipse
2517 3769 2625 3808 non
2658 3757 2817 3810 fuerit
2858 3757 3066 3825 primus
3110 3755 3361 3825 inventor
3391 3751 3687 3807 monacha-

2093 3828 2176 3871 tus
2208 3822 2259 3873 in
2286 3821 2439 3892 orbe,
2462 3825 2666 3892 primus
2696 3821 2874 3881 tamen
2901 3842 3023 3881 eum
3045 3828 3247 3881 invexit
3271 3827 3320 3878 in
3337 3823 3602 3892 Africam,
3624 3832 3683 3877 ut

2090 3903 2158 3969 ex
2182 3891 2663 3969 vari-isAugustini
2687 3898 2905 3969 scriptis
2934 3897 3241 3963 deducitur,
3276 3897 3505 3969 etinter
3545 3894 3685 3969 alios

2090 3961 2250 4018 docte
2272 3961 2495 4019 deduxit
2525 3961 2816 4024 cardinalis
2845 3970 3107 4024 Baronius
3139 3961 3270 4023 tom.
3295 3967 3361 4023 IV
3390 3966 3585 4022 Annal.
3614 3961 3682 4020 ad

2090 4046 2288 4112 annum
2311 4035 2526 4112 Domini
2559 4034 2684 4105 591,
2719 4042 2967 4109 inquiens
2995 4059 3007 4092 ε
3042 4040 3102 4097 S.
3138 4039 3453 4112 Augustinus
3480 4039 3682 4112 primus

2091 4106 2193 4174 fuit
2216 4147 2231 4171 ,
2258 4109 2347 4173 qui
2372 4112 2665 4167 monasticae
2688 4106 2806 4167 vine
2847 4114 3083 4168 instituta
3110 4106 3295 4166 inventu
3334 4113 3387 4165 in
3414 4106 3680 4174 Africam,

2089 4176 2367 4254 eademque
2393 4196 2606 4254 servare
2653 4185 2832 4252 erepit,
2873 4184 3095 4254 aliisque
3139 4184 3395 4238 servanda
3436 4176 3684 4254 tradidit;

2088 4248 2209 4303 inde
2254 4251 2478 4326 accidit,
2522 4265 2579 4309 ut
2621 4248 2911 4311 Donatist
2951 4248 3190 4326 putarent
3232 4253 3529 4325 hujusmodi
3569 4253 3685 4306 vitm

2088 4336 2250 4399 genus
2288 4323 2353 4399 ab
2384 4324 2499 4393 ipso
2532 4328 2693 4399 fuisse
2736 4323 3106 4398 excogitatum.
3151 4323 3302 4382 Sane
3332 4325 3591 4399 habemus
3614 4337 3684 4378 ex

2090 4391 2281 4449 eodem
2305 4391 2608 4464 Augustino
2632 4398 2725 4454 lib.
2752 4415 2789 4455 ll
2815 4391 3437 4465 Butractationum,cap.
3465 4395 3557 4459 2|,
3584 4408 3683 4449 suo

2090 4470 2334 4534 tempore
2357 4469 2497 4536 apud
2516 4468 2900 4538 Carthaginem
2925 4468 3251 4525 monasteria
3282 4481 3405 4523 esse
3424 4472 3681 4536 cmpisse,

2089 4538 2242 4604 quasi
2274 4545 2401 4593 ante
2445 4541 2623 4610 ipsum
2665 4541 2799 4598 inibi
2842 4542 3233 4598 monasterium
3273 4539 3479 4594 nullum
3508 4547 3682 4601 esset;

2129 4622 2195 4660 uo
2235 4618 2487 4683 tempore
2526 4613 2745 4682 scripsit
2779 4629 2915 4681 onus
2956 4614 3024 4669 de
3062 4627 3228 4683 opere
3270 4610 3683 4666 monachorum.

2133 4694 2260 4736 orro
2288 4695 2357 4737 es
2390 4681 2447 4737 S.
2472 4681 2682 4739 Paulini
2710 4685 2939 4741 redditis
2958 4684 3026 4739 ad
3055 4681 3290 4754 Alipium
3320 4683 3517 4738 litteris
3544 4686 3687 4754 (quae

2090 4751 2231 4807 inter
2277 4753 2536 4824 epistolas
2584 4758 2868 4828 Augustini
2910 4751 3272 4811 exstant'sub
3318 4768 3551 4828 numeri}
3590 4752 3683 4828 55)

2090 4823 2779 4885 constatmonacliisnfum
2833 4830 2889 4884 in
2935 4827 3161 4893 Africa,
3218 4842 3376 4897 quem
3413 4841 3480 4881 ex
3529 4823 3686 4881 Italia

2089 4897 2421 4965 Augustinus
2439 4938 2461 4971 ,γ
2510 4904 2740 4969 patrium
2787 4901 2963 4957 solum
3005 4911 3261 4971 repetens
3304 4897 3440 4971 illuc
3482 4898 3688 4966 primus

2090 4972 2404 5036 invexerat,
2422 4970 2558 5044 jam
2601 4971 2759 5042 longe
2790 4974 3004 5044 lateque
3031 4969 3261 5029 fecunda
3293 4969 3459 5025 fuisse
3486 4981 3685 5037 propa-

2088 5046 2307 5114 gatione
2355 5044 2643 5111 diffusum,
2692 5047 2867 5114 spatio
2918 5045 3201 5100 dumtaxat
3251 5057 3346 5097 sex
3396 5052 3685 5114 annorum,

2089 5112 2180 5184 qui
2231 5113 2300 5167 ab
2350 5115 2578 5169 introitu
2624 5112 2909 5186 Augustini
2951 5115 3005 5171 in
3051 5116 3323 5186 Africam,
3363 5112 3431 5167 ad
3479 5122 3690 5180 tempus

2090 5183 2364 5258 praedictae
2419 5186 2664 5258 epistolae
2714 5183 3037 5244 interfuere.
3101 5187 3236 5258 Nam
3290 5183 3436 5258 inter
3489 5191 3686 5258 caetera

2087 5253 2344 5331 Paulinus
2393 5253 2474 5314 sic
2504 5257 2798 5329 alloquitur
2841 5259 3077 5331 Alipium
3112 5278 3124 5313 :
3158 5253 3688 5331 Benedictossancti-

2088 5330 2206 5385 tatis
2236 5340 2338 5385 tute
2366 5331 2605 5399 comites,
2641 5341 2687 5385 et
2724 5329 3052 5388 mattulatores
3082 5332 3135 5386 in
3167 5329 3390 5383 Domino
3414 5368 3429 5393 ,
3466 5329 3691 5399 fratres.

2088 5403 2133 5456 si
2165 5402 2473 5470 dignantur,
2500 5398 2706 5458 nostros
2726 5446 2742 5468 ,
2770 5415 2874 5459 tam
2908 5405 2963 5459 in
2993 5402 3241 5460 Ecclesiis
3263 5442 3277 5467 ,
3307 5415 3461 5470 quant
3486 5398 3539 5451 in
3572 5412 3689 5452 mo-

2088 5475 2324 5548 nasteriis
2347 5472 2655 5548 Carthagine
2676 5518 2690 5543 ,
2727 5476 2969 5548 Tagaste,
2999 5475 3244 5548 ippone
3263 5473 3444 5548 _regio,
3476 5474 3526 5548 et
3560 5470 3687 5548 totis

2087 5544 2344 5616 parochiis
2377 5546 2499 5612 luis,
2525 5540 2685 5615 atque
2707 5540 3060 5601 omnibustibi
3078 5540 3299 5616 cognitis
3332 5540 3687 5616 perAAfricam

2087 5612 2247 5684 locis,
2285 5615 2508 5670 Domino
2557 5612 2805 5673 catholice
2848 5618 3119 5672 servientes
3142 5612 3341 5669 "multo
3370 5612 3595 5681 affectu,
3638 5620 3689 5668 et

2088 5689 2326 5759 obsequio
2374 5688 2590 5741 salutari
2640 5705 2913 5759 rogamus,
2964 5696 3070 5743 etc.
3109 5686 3368 5756 Idemque
3411 5686 3585 5807 liquet
3619 5699 3689 5739 ex

2088 5759 2335 5807 Possidio
2367 5759 2417 5807 in
2453 5758 2570 5807 Vita
2619 5760 2673 5807 Si.
2708 5760 2989 5807 Augustini
3022 5774 3145 5807 can.
3180 5758 3240 5807 Η
3272 5774 3285 5807 :
3320 5754 3387 5807 Ut
3419 5776 3451 5807 υ
3478 5771 3581 5807 ane
3611 5755 3688 5807 vi-

2086 5754 2335 5815 Possidio
2367 5759 2417 5812 in
2453 5758 2570 5829 Vita
2619 5760 2675 5810 Si.
2705 5754 2991 5829 Augustini
3022 5774 3145 5829 cap.
3180 5758 3241 5812 ll
3272 5754 3291 5812 ἑ
3320 5754 3387 5811 Ut
3419 5754 3581 5829 plane
3611 5755 3688 5829 vi-

2088 5830 2210 5889 deas
2237 5832 2334 5904 (ait
2366 5828 2650 5901 Batonius)
2676 5848 2739 5888 ex
2767 5826 2871 5887 uno
2895 5826 3174 5903 Augustini
3212 5828 3526 5886 monasterio
3569 5826 3688 5882 uni-

3599 288 3707 347 ω
3768 331 3773 337 .
