4062 6340
389 277 509 338 56‘)

1469 275 1694 333 FLAVII
1731 273 1915 333 LUCll
1954 271 2214 332 DEXTRI
2251 272 2665 333 CllRONlCON.

3601 277 3710 339 570

390 395 476 452 Δ.
505 392 571 453 C.
594 395 722 453 450.
788 392 1110 451 Cohortium
1131 408 1252 466 quas
1273 392 1326 450 in
1357 391 1614 464 Hispania
1637 402 1764 448 sunt
1782 390 2226 462 przestantissima
2253 390 2358 448 hoc
2377 402 2628 462 tempore
2646 391 3044 452 Celtiberorum
3067 404 3346 466 censetur,
3395 395 3709 455 A.R.HSI.

840 490 1103 562 sedetque
1153 486 1436 560 Brigantii,
1471 485 1638 542 habet
1667 487 1884 542 Snellos
1925 483 2256 555 iaculatores
2283 501 2351 542 ex
2394 484 2598 558 oppido
2623 487 2782 555 Gelo,
2811 500 3067 561 corrupte
3096 489 3242 548 dicto
3271 491 3340 546 ab

834 584 965 654 ipsis
989 581 1256 638 militibus
1278 579 1502 646 Suellis,
1530 579 1620 647 qui
1657 587 1915 648 praestant
1938 585 2055 633 arte
2075 576 2377 647 jaculandi.

762 675 1020 748 Epistolas
1053 676 1114 729 Β.
1151 671 1383 744 Virginis
1415 671 1484 726 ad
1515 671 1575 727 S.
1609 669 1898 740 lgnatium,
1929 677 1984 726 et
2013 667 2260 739 ejusdem
2289 669 2357 727 ad
2385 670 2800 729 Sanctissimam
2837 671 3138 745 Virginem,
3173 673 3354 732 maui-

835 771 937 826 bus
960 767 1204 825 fidelium
1234 779 1379 821 nunc
1407 773 1680 820 teruntur.

759 863 968 920 Eodem
1014 872 1258 934 tempore
1301 860 1356 915 in
1406 857 1698 914 Tabulario
1747 855 2081 912 Messanensi
2129 862 2345 925 reperta
2375 863 2461 910 est
2505 853 2752 924 quaedam
2796 856 3026 926 epistola
3076 857 3345 917 llebraice

831 967 1061 1014 exarata
1091 972 1120 1011 a
1168 956 1229 1011 Β.
1274 953 1498 1026 Virgine
1527 953 1594 1008 ad
1635 952 1857 1008 eosdem
1889 949 2039 1006 cives
2080 950 2483 1018 Messanenses,
2517 959 2571 1005 et
2597 950 2820 1006 maximi
2855 951 3092 1008 ducitur.

763 1050 970 1108 Eodem
999 1059 1244 1120 tempore
1283 1047 1461 1102 allatae
1510 1045 1577 1100 ad
1611 1044 1900 1113 Hispanias
1949 1044 2194 1114 reliqui:e
2239 1039 2409 1098 sacra:
2441 1043 2682 1112 Virginis
2709 1045 3033 1102 Theodosia:
3063 1047 3129 1102 ad
3167 1046 3352 1104 Caesa-

843 1160 992 1200 ream
1016 1141 1324 1198 Palmslitim
1347 1153 1520 1212 passm
1550 1139 1651 1195 Sub
1681 1139 2040 1205 Maximiano,
2073 1148 2128 1196 et
2157 1139 2222 1194 ad
2255 1140 2514 1211 oppidum
2548 1141 2713 1197 llacid
2749 1143 2985 1214 ignobile
3015 1143 3344 1214 Cantabriae,

831 1237 1035 1294 dictum
1069 1236 1305 1294 Salvium
1335 1245 1557 1302 terram,
1590 1250 1712 1290 cum
1745 1236 1980 1292 maximo
2009 1235 2217 1291 honore
2246 1235 2508 1291 derectae.

761 1333 829 1391 Et
853 1331 1048 1389 eodem
1093 1331 1257 1386 etiam
1283 1343 1427 1384 anno
1456 1337 1689 1399 reperta:
1717 1339 1844 1385 sunt
1871 1329 2123 1399 reliquiae
2151 1329 2212 1386 S.
2245 1329 2464 1386 Memnii
2497 1329 2692 1386 Mancii
2720 1330 3018 1386 Eborensis
3047 1332 3099 1386 in
3134 1332 3348 1391 Lusita-

831 1424 918 1480 nia
943 1422 1234 1496 pontiticis,
1264 1433 1319 1480 et
1343 1423 1504 1494 primi
1533 1423 1678 1479 illius
1708 1422 1858 1478 urbis
1883 1423 2115 1494 apostoli
2149 1443 2160 1478 :
2191 1425 2282 1494 qui
2310 1439 2578 1482 converso
2615 1427 2764 1497 prius
2799 1427 3000 1498 popqu
3049 1428 3342 1485 Cathalau-

830 1521 992 1579 nensi
1033 1521 1085 1577 in
1117 1519 1316 1587 Gallia,
1347 1529 1533 1592 postea
1584 1520 1638 1576 in
1672 1519 1960 1590 Hispanias
1992 1518 2289 1589 trajiciens,
2320 1520 2514 1576 Eborae
2545 1519 2882 1590 praidicavit,
2919 1521 3008 1578 ubi
3039 1529 3095 1577 et
3125 1533 3334 1594 niartyo

825 1615 968 1670 rium
999 1627 1192 1684 passus
1219 1620 1326 1667 est.
1363 1611 1486 1665 Fuit
1515 1610 1650 1666 civis
1680 1611 1977 1678 Romanus,
2009 1621 2064 1666 et
2091 1609 2292 1667 Christi
2325 1611 2660 1681 discipulus,
2695 1623 2745 1669 et
2780 1613 2848 1669 ab
2872 1628 3016 1670 anno
3045 1614 3114 1671 56
3139 1613 3345 1671 Christi

823 1708 892 1763 ad
937 1722 1138 1762 annum
1173 1706 1274 1762 106
1326 1705 1378 1760 in
1407 1703 1603 1771 Gallia,
1647 1715 1701 1759 et
1729 1703 1984 1776 llispauia
2017 1705 2365 1776 praedicavit,
2400 1715 2453 1762 et
2483 1707 2584 1764 sub
2629 1706 2864 1778 Trojano
2894 1708 3211 1782 martyrium
3242 1707 3352 1782 (nti

831 1800 970 1869 dixi)
1003 1815 1100 1872 pro
1129 1797 1330 1854 Christi
1365 1795 1584 1852 nomine
1615 1811 1806 1868 passus
1832 1807 1940 1852 est.

758 1895 865 1950 Per
905 1892 1193 1962 Hispanias
1237 1889 1476 1946 celebris
1505 1899 1624 1946 erat
1646 1889 1910 1946 memoria
1943 1889 2232 1960 Pomponii
2265 1890 2501 1956 Paulati,
2535 1889 2805 1946 Calidonii
2834 1891 3208 1960 Bracarcnsis,
3239 1891 3350 1948 Lu-

829 1988 972 2044 ciani
1001 1984 1469 2056 Cmsarangustani
1493 1984 1758 2054 episcopi,
1788 1983 1876 2048 qui
1910 1991 2270 2054 pra-terquam
2305 1983 2524 2038 fuerunt
2553 1984 2854 2054 scriptores
2881 1985 3125 2056 egregii,
3158 1985 3341 2041 conci-

839 2082 916 2137 lio
954 2080 1169 2137 cuidam
1202 2077 1614 2147 Carthaginensi
1644 2091 1766 2131 cum
1797 2076 1921 2130 aliis
1949 2074 2224 2132 Africanis
2257 2075 2650 2141 interfuerunt,
2684 2086 2738 2132 et
2767 2075 3236 2146 Sitbscripseruiit.

756 2172 1053 2231 Florebant
1081 2184 1246 2240 opera
1280 2168 1471 2224 lsidori
1501 2167 1744 2223 Junioris
1773 2167 2014 2238 episcopi
2043 2165 2418 2221 Cordubensis
2448 2181 2613 2236 super
2639 2167 2838 2222 Lucam
2867 2177 2921 2222 et
2953 2167 3152 2238 lleges.
3187 2169 3352 2224 Mori-

832 2279 918 2320 tur
941 2279 1084 2320 anno
1115 2260 1328 2317 Domini
1357 2260 1484 2316 £30.
1513 2259 1696 2316 Micnit
1726 2259 1942 2331 egregia
1971 2260 2243 2327 doctrina,
2276 2271 2326 2316 et
2347 2261 2606 2332 opinione
2642 2262 2912 2317 mirabilis
2943 2261 3343 2320 sanctimoniae.

831 2357 1108 2415 Successit
1138 2356 1195 2412 in
1240 2355 1371 2410 sede
1404 2354 1702 2425 pontificali
1735 2353 2080 2410 Cordubensi
2109 2355 2376 2425 Gregorio
2429 2356 2546 2412 viro
2589 2357 2960 2422 sanctissimo,
2995 2355 3346 2414 doctissimo-

827 2466 932 2522 que
957 2465 1102 2505 anno
1129 2448 1348 2504 circiter
1382 2446 1508 2503 400.
1541 2445 1664 2502 Fuit
1693 2445 1930 2515 pontifex
1963 2448 2120 2503 annis
2149 2449 2241 2504 50.

755 2546 890 2602 Cum
903 2543 1019 2602 hmc
1034 2543 1334 2600 scriberem
1349 2541 1673 2614 rcgnabatin
1691 2542 1946 2612 lliSpani.i
1963 2541 2357 2599 Theodorcdus
2371 2560 2466 2600 rex
2481 2586 2490 2598 .
2507 2542 2878 2618 Currebatqne
2891 2545 3008 2617 ejus
3020 2560 3195 2602 annus
3211 2562 3342 2616 xxtt,

1611 2679 1865 2736 DIVARII
1906 2679 2481 2738 COMMENTARIUS.

389 2816 598 2856 annum
624 2802 656 2857 ι
685 2799 981 2872 Theodosii
1007 2797 1271 2872 Iunioris,
1304 2795 1658 2872 Gensericuin
1687 2795 1989 2872 Wandalo-
2018 2800 2065 2859 A
2096 2813 2214 2872 rum
2241 2797 2620 2872 llispaleiisem
2654 2808 3021 2868 agnoverunt,
3054 2799 3208 2872 cujus
3258 2809 3506 2867 respectu
3551 2802 3700 2872 prior

390 2889 519 2928 rum
565 2888 774 2944 regem,
797 2871 1074 2929 Catholica
1107 2870 1234 2944 fide,
1265 2885 1426 2941 quam
1455 2871 1686 2944 primum
1705 2868 1990 2944 coluerat,

391 2939 651 3012 deserta,
677 2946 742 3000 ad
774 2944 1098 3000 Arianorum
1131 2939 1325 3011 dogma
1381 2941 1674 3012 transisse:
1704 2939 1830 2994 inde
1861 2954 1993 3012 vero

400 3011 842 3087 persecutionem
877 3011 1600 3087 ipsiusicontracatholicos
1625 3011 1852 3067 duxisse
1876 3011 1992 3087 ori-

437 3089 612 3154 inem;
641 3087 710 3144 de
739 3103 846 3156 qua
877 3081 996 3142 fuse
1029 3086 1211 3140 Victor
1241 3083 1515 3140 Uticensis
1564 3091 1806 3156 tractat,
1843 3091 1895 3136 et
1925 3081 1994 3138 de

438 3103 612 3154 tnem;
641 3102 710 3144 ue
739 3103 846 3156 qua
877 3102 996 3142 tttse
1034 3102 1211 3140 VlClOl‘
1245 3102 1515 3140 UllcellSIS
1564 3102 1788 3149 tractat,
1843 3102 1895 3136 et
1925 3102 1994 3138 ue

393 3102 671 3216 gructibus
730 3161 852 3230 ejus
900 3158 1207 3214 Romanum
1264 3155 1708 3228 Martyrologium
1759 3155 1994 3210 diversis

394 3231 613 3286 diebus.

558 3303 887 3372 Cohortium,
920 3310 1026 3358 etc.
1061 3298 1263 3356 Eadem
1299 3297 1411 3372 fere
1439 3297 1602 3372 verba
1636 3298 1884 3365 reperies
1925 3296 1993 3353 ad

399 3373 836 3429 annum'Chi-iSti
875 3370 952 3430 ’δϐ
974 3418 987 3441 ,
1017 3388 1138 3442 quae
1170 3371 1357 3427 nescio
1407 3385 1474 3424 an
1509 3370 1642 3424 vitio
1697 3384 1995 3442 amanuen-

399 3447 540 3500 sium
567 3447 762 3502 iterum
789 3446 891 3500 hoc
935 3441 1059 3501 loco
1099 3444 1298 3498 iuSerta
1328 3443 1466 3504 sint,
1503 3457 1570 3494 an
1604 3456 1737 3495 vero
1787 3449 1845 3494 nt
1875 3441 1993 3503 eius

400 3519 646 3572 cohortis
694 3520 899 3572 mentio
932 3518 1024 3571 fiat
1045 3559 1059 3578 ,
1091 3515 1245 3586 quasi
1289 3513 1392 3567 hoc
1420 3515 1585 3568 etiam
1619 3521 1867 3582 tempore
1894 3513 1995 3568 flo-

400 3589 574 3644 rentis
599 3601 787 3644 contra
820 3587 1122 3644 Wandalos
1147 3598 1203 3640 et
1230 3588 1456 3640 SlIthts.

473 3660 528 3715 6.
564 3659 847 3731 Epistolis,
897 3670 1003 3715 etc.
1053 3657 1297 3731 Consule,
1326 3673 1452 3731 _qu;e
1503 3655 1571 3710 de
1615 3656 1698 3711 cis
1743 3655 1993 3726 superius

402 3729 640 3788 diximus
670 3732 735 3786 ad
768 3747 965 3786 annum
1003 3730 1212 3784 Domini
1245 3729 1367 3783 116.

475 3804 530 3857 7.
562 3801 758 3857 Eodem
785 3815 1045 3872 tempore,
1069 3813 1175 3856 etc.
1211 3802 1298 3854 Bis
1329 3800 1396 3852 tle
1425 3815 1486 3853 ea
1518 3798 1747 3872 epistola
1779 3798 1838 3853 Β.
1875 3799 1992 3872 νίιᾏ

400 3874 544 3945 ginis
574 3876 641 3930 ad
673 3870 1048 3931 Messanenses
1097 3889 1126 3928 a
1178 3873 1387 3945 Dextro
1435 3872 1638 3926 mentio
1691 3870 1790 3945 fit,
1822 3871 1990 3945 semel

399 3943 620 4016 quidem
673 3947 890 4016 quando
936 3945 1202 4014 divulgari
1247 3943 1988 4016 (-mpitrecenssrriptaad

399 4014 604 4072 annum
639 4014 848 4071 Domini
881 4016 982 4080 86;
1029 4018 1222 4070 iterum
1246 4015 1467 4084 quando
1490 4015 1541 4069 in
1570 4014 1864 4069 Tabulariu
1892 4014 1989 4068 dc-

400 4103 510 4142 nuo
542 4098 757 4156 reperta
785 4099 902 4152 est,
927 4088 1070 4158 quod
1103 4087 1204 4141 hoc
1237 4089 1352 4141 loco
1387 4086 1463 4140 fit.

470 4160 523 4214 8.
578 4155 776 4214 Eodem
807 4155 1034 4229 tempore
1059 4157 1271 4222 aliaue,
1322 4169 1428 4211 etc.
1477 4156 1554 4229 De,
1597 4155 1715 4223 ejus
1750 4155 1988 4229 transla—

398 4232 550 4286 tione
575 4231 768 4286 scribit
789 4227 1026 4286 Joannes
1059 4230 1277 4284 Marieta
1305 4230 1395 4284 lib.
1450 4244 1501 4283 tv
1527 4228 1594 4283 de
1635 4227 1851 4283 Sanctis
1905 4228 1997 4282 lli-

398 4303 627 4370 spania',
660 4318 780 4370 cap.
815 4305 882 4358 67
902 4344 916 4366 ,
946 4303 1248 4371 asseritque
1277 4302 1392 4366 ejus
1423 4315 1606 4355 sacras
1654 4299 1908 4371 reliquias
1941 4303 1992 4354 in

397 4376 578 4445 pretio
609 4373 798 4430 haberi
834 4390 1002 4444 prope
1033 4370 1219 4428 urbem
1258 4371 1632 4445 Victoriamin
1666 4370 1954 4445 Cantabria
1976 4412 1990 4436 ,

396 4441 626 4516 ejusque
653 4441 952 4500 EccleSiatii
975 4445 1130 4500 sitam
1159 4459 1280 4499 esse
1307 4444 1456 4516 inter
1469 4443 1787 4516 Snlvatt’erra
1809 4441 1903 4513 (qu
1923 4459 1992 4498 sm

397 4512 603 4572 Dexter
629 4515 870 4572 Salviam
901 4527 1098 4572 terrain
1123 4516 1319 4586 vocat)
1347 4525 1392 4568 et
1417 4514 1669 4569 Sanctum
1689 4512 1902 4586 Crucem
1930 4516 1994 4568 de

395 4586 685 4660 Campezo,
719 4589 771 4642 in
799 4589 940 4643 Saltu
973 4588 1261 4649 Alahensi,
1293 4587 1459 4660 vulgo
1480 4586 1658 4660 Sierra
1707 4585 1770 4638 de
1807 4586 1987 4660 Alobn.

467 4657 620 4714 9.151
649 4660 828 4713 eodem
869 4660 1023 4714 etiam
1072 4675 1241 4721 anno,
1276 4667 1380 4711 etc.
1417 4657 1578 4711 Multa
1605 4697 1620 4723 ,
1651 4672 1822 4722 eaque
1854 4659 1988 4712 scitu

393 4730 717 4799 dignissima
749 4733 990 4787 diximus
1019 4730 1088 4785 de
1107 4738 1296 4782 sancto
1329 4728 1584 4782 Memmio
1616 4730 1664 4781 in
1693 4727 1992 4799 superiori-

392 4798 497 4859 bus
525 4802 592 4857 ad
618 4819 819 4856 attnum
846 4801 1052 4856 Domini
1078 4801 1147 4856 90
1168 4816 1286 4868 qum
1319 4810 1372 4852 tu
1408 4801 1681 4855 causulas.
1715 4798 1772 4852 lu
1796 4801 1987 4855 Codice

393 4888 601 4928 excuso
656 4873 1087 4943 Caesaraugusta:
1135 4881 1250 4940 post
1305 4871 1397 4943 illa
1442 4871 1608 4943 verba
1666 4881 1880 4943 textus,
1919 4873 1988 4925 ad

389 4961 588 4999 artuum
626 4943 728 5000 106
758 4941 988 5000 deerant
1013 4943 1296 5014 sequentia
1324 4984 1338 5008 ,
1370 4942 1424 4995 in
1447 4941 1660 5014 Callia,
1712 4951 1756 4995 et
1791 4941 1989 5014 Hispa-

387 5017 480 5070 nia
510 5017 842 5082 pmnficaril,
870 5033 988 5084 qua:
1017 5013 1116 5070 nos
1146 5031 1214 5069 ex
1247 5014 1367 5067 aliis
1394 5013 1715 5081 :Idjecitlttts.

463 5089 551 5143 10.
580 5087 686 5141 Per
700 5085 1002 5159 Hispanias,
1035 5097 1140 5141 etc.
1162 5088 1351 5159 Actum
1376 5085 1586 5159 anoliis
1609 5085 1797 5159 estde
1827 5085 1986 5159 Pom-

386 5160 556 5229 ponio
598 5155 825 5214 Paulato
855 5160 920 5213 ad
945 5174 1144 5213 annum
1177 5157 1388 5212 Domini
1416 5158 1553 5220 2&5;
1589 5155 1657 5212 de
1685 5155 1984 5212 Caledonia

387 5246 521 5286 vero
550 5231 615 5284 ad
646 5247 845 5284 annum
872 5231 997 5286 263.

458 5305 548 5359 11.
581 5299 897 5366 Florebant,
924 5314 1030 5357 etc.
1059 5299 1195 5356 Vide
1218 5315 1338 5370 quin
1366 5299 1432 5354 de
1476 5297 1682 5353 Isidoro
1712 5299 1816 5353 isto
1838 5299 1982 5353 dixi-

384 5390 508 5430 mus
537 5375 603 5428 ad
633 5390 760 5428 ann.
794 5375 1007 5428 Domini
1030 5373 1137 5431 49.5
1163 5383 1217 5426 ct
1251 5373 1399 5441 prius
1427 5371 1493 5425 ad
1521 5387 1722 5425 annum
1755 5371 1882 5426 584.
1912 5373 1984 5428 lle

382 5455 752 5513 cognomento
781 5454 962 5500 autem
1017 5444 1185 5515 ipsius
1239 5446 1500 5498 nonnulla
1533 5443 1827 5497 difficultas
1859 5455 1976 5500 est:

381 5519 556 5572 codex
616 5517 810 5571 Dextri
853 5533 1087 5572 exensus
1117 5524 1272 5570 vocat
1297 5531 1418 5568 eum
1446 5555 1462 5579 ,
1496 5517 1726 5584 primum
1760 5515 1978 5585 quidem

379 5587 693 5651 Juninrem,
739 5591 1081 5658 postmodum
1129 5603 1256 5641 vero
1305 5587 1590 5642 Seniorem
1623 5603 1634 5640 :
1665 5588 1805 5652 quod
1837 5601 1964 5640 sane

381 5677 568 5713 eri-ore
597 5661 950 5729 exscriploris
983 5663 1182 5715 factum
1216 5668 1328 5721 est.
1364 5668 1421 5712 nt
1449 5675 1549 5727 ego
1584 5659 1710 5713 mihi
1745 5673 1966 5726 persua-

380 5745 501 5789 sum
545 5733 719 5788 habeo
762 5749 776 5790 :
812 5748 933 5788 nam
987 5730 1196 5789 tametsi
1245 5730 1479 5800 potuerit
1513 5730 1669 5786 facile
1711 5744 1740 5781 a
1774 5746 1962 5786 i-eeen.

383 5802 608 5868 tioribus
637 5804 955 5870 auctoribus
981 5804 1206 5876 variari,
1253 5802 1360 5866 illis
1391 5802 1646 5867 nimirum
1673 5804 1765 5881 qui
1794 5800 1964 5866 laido~

2101 2869 2188 2924 hic
2231 2867 2602 2926 Cordubensis
2639 2872 3018 2938 proculdubio
3069 2867 3257 2928 senior
3303 2872 3409 2928 dici
3464 2867 3696 2930 debuit:

2097 2953 2358 3014 caeterum
2393 2940 2632 3009 Dexter,
2661 2943 2753 3010 qui
2794 2943 2944 2997 illum
2981 2945 3287 3014 ignoravit,
3341 2944 3406 2998 ad
3439 2960 3561 2999 eum
3609 2962 3699 3003 re-

2097 3013 2312 3080 snicere
2337 3028 2444 3066 non
2474 3018 2643 3082 potuit
2669 3055 2684 3078 ,
2714 3022 2769 3069 et
2795 3029 2855 3068 ei
2884 3013 3107 3084 propter
3136 3017 3382 3071 absolute
3404 3015 3548 3071 hunc
3571 3016 3702 3072 Cor-

2098 3085 2398 3140 dubensem
2441 3084 2726 3140 Juninrcm
2761 3101 2984 3140 vocasse
3015 3099 3223 3142 certum
3273 3097 3375 3142 est.
3411 3089 3589 3143 Aliter
3631 3089 3701 3146 de

2098 3155 2168 3228 hi.
2205 3155 2455 3228 Maximo
2473 3157 2592 3224 eju's
2625 3157 3006 3212 continuatore
3039 3159 3416 3224 sentiendum,
3445 3159 3533 3228 qui
3575 3175 3697 3216 cuni

2096 3226 2361 3283 lsidorum
2416 3227 2792 3299 Hispalensem
2846 3231 3173 3299 agnoverit,
3209 3232 3378 3284 multo
3429 3226 3700 3286 recentio-

2099 3243 2361 3283 Istuorum
2418 3243 2792 3355 rtisgatensem
2846 3243 3173 3299 agnoverit,
3209 3243 3378 3284 mmto
3429 3243 3696 3286 recentio-

2099 3314 2248 3364 rem,
2303 3301 2449 3355 hunc
2551 3300 2915 3372 ordnbensein
2967 3301 3088 3370 jure
3152 3304 3362 3372 optimo
3409 3301 3696 3358 Seniorent

2097 3372 2428 3439 nuncupavit
2452 3412 2468 3434 .
2503 3371 2567 3426 ad
2593 3389 2793 3427 annum
2824 3370 3029 3426 Chriin
3059 3373 3182 3428 452.

2170 3441 2259 3516 12.
2293 3441 2421 3498 Cum
2444 3441 2554 3500 Itwc
2581 3444 2855 3499 scriberem
2883 3485 2896 3509 ,
2929 3458 3035 3500 etc.
3067 3443 3230 3501 Multa
3261 3461 3382 3516 qua:
3430 3443 3534 3500 hoc
3581 3446 3699 3502 loco

2095 3514 2201 3587 dici
2231 3525 2486 3584 poterant
2514 3519 2564 3570 in
2592 3516 2849 3586 Apologia
2878 3531 2975 3585 pro
3009 3517 3113 3571 isto
3137 3514 3303 3587 opere
3333 3527 3517 3570 nntata
3541 3527 3690 3584 sunt,

2097 3586 2188 3641 ubi
2239 3587 2620 3659 restiondimus
2664 3587 2731 3642 ad
2773 3602 2870 3651 ea,
2908 3603 3030 3659 quae
3077 3586 3478 3643 ltinc'nonnnlli
3506 3589 3698 3644 existi-

2097 3657 2466 3730 mantdeduei
2514 3669 2704 3714 contra
2757 3657 2945 3730 operis
2989 3663 3441 3726 germanitatem;
3491 3675 3611 3730 qua:
3642 3671 3695 3715 ιιι

2097 3730 2372 3784 consulas.
2421 3729 2759 3798 [inposuerat
2816 3729 3090 3788 Chronico
3144 3746 3245 3785 suo
3292 3732 3452 3785 linem
3503 3729 3700 3788 Auctor

2096 3801 2472 3874 anno‘Christi
2503 3801 2643 3874 450,
2671 3817 2794 3857 cum
2830 3802 2959 3856 illud
3006 3803 3204 3874 dicavit
3240 3801 3601 3874 Hieronymo.
3635 3811 3695 3857 ut

2095 3887 2162 3926 ex
2183 3869 2406 3938 episwla
2452 3872 2518 3926 ad
2541 3874 2798 3928 Orosinm
2833 3874 2987 3937 data,
3017 3873 3171 3928 initio
3199 3876 3384 3934 oneris
3423 3869 3691 3930 constitit.

2093 3941 2364 4016 Caeterum
2393 3943 2458 3996 ad
2483 3960 2674 4016 manus
2699 3945 3009 4016 Hieronymi
3043 3946 3333 4012 pervenire
3361 3959 3466 3999 non
3491 3946 3690 4015 potuit,

2094 4015 2186 4086 qui
2217 4030 2364 4069 anno
2401 4015 2506 4070 426
2553 4017 2618 4069 ad
2655 4018 2820 4070 Deum
2855 4015 3172 4082 transierat;
3216 4017 3284 4070 de
3312 4016 3466 4084 Cujus
3509 4025 3689 4072 tamen

2095 4093 2270 4141 morte
2293 4102 2436 4141 anno
2468 4086 2642 4142 adhuc
2669 4088 2898 4156 455,qni
2928 4087 3025 4140 fuit
3057 4087 3272 4142 Arcadii
3301 4087 3536 4153 H,nihil
3559 4090 3693 4143 certi

2106 4158 2160 4212 in
2190 4159 2442 4227 Hispania
2477 4160 2789 4223 dicebatur,
2827 4167 2882 4211 nt
2929 4158 3129 4212 ldatius
3158 4160 3212 4214 in
3241 4159 3518 4214 Chronico
3558 4161 3696 4214 scri-

2105 4229 2308 4298 bit,ne
2336 4229 2457 4298 qnis
2504 4234 2762 4298 iniretur,
2817 4229 3127 4284 Chronicon
3173 4232 3224 4285 ei
3277 4231 3501 4284 missum
3551 4246 3694 4285 anno

2099 4304 2209 4362 430
2238 4345 2254 4370 ,
2305 4311 2498 4371 quarto
2541 4302 2796 4358 nimirum
2839 4303 2908 4356 ah
2960 4303 3078 4368 ejus
3119 4302 3258 4357 felici
3307 4301 3574 4366 transitu,
3619 4303 3687 4356 ad

2098 4376 2215 4445 ejus
2249 4374 2534 4444 pervenire
2578 4389 2771 4428 manus
2815 4374 3149 4441 nequivisse.
3202 4375 3322 4441 Quo
3365 4381 3544 4427 tamen
3576 4384 3696 4440 post

2097 4462 2272 4502 annos
2299 4446 2504 4513 aliquot
2529 4463 2556 4498 a
2589 4445 2793 4500 Dextro
2819 4455 3124 4511 comperto,
3151 4445 3239 4498 itei
3258 4461 3344 4498 nm
3377 4459 3513 4514 opus
3534 4460 3692 4500 stium

2099 4519 2308 4576 revisit.
2340 4516 2591 4586 perfecit,
2627 4516 2996 4584 Iccuplctavit,
3033 4531 3140 4570 n0n
3173 4517 3394 4584 quidem
3442 4517 3495 4569 in
3525 4532 3694 4570 annn-

2097 4605 2215 4644 rum
2245 4589 2641 4659 Chronologia,
2677 4591 2772 4641 sed
2807 4605 2856 4640 in
2887 4589 3206 4653 sententiis,
3241 4603 3375 4653 quas
3409 4588 3503 4641 toti
3536 4588 3690 4656 operi

2097 4660 2359 4725 intexuit,
2394 4670 2449 4713 ut
2497 4661 2564 4716 de
2611 4661 2869 4715 memoria
2921 4659 3114 4713 mortis
3153 4660 3341 4731 ipsius
3372 4659 3693 4731 llicronymi

2094 4743 2342 4797 Constat,
2377 4732 2530 4799 cojns
2561 4733 2627 4786 ad
2659 4748 2861 4784 annum
2895 4731 3106 4785 Domini
3138 4729 3246 4786 426
3289 4731 3412 4785 fecit
3461 4729 3692 4786 mentio-

2095 4819 2216 4858 nem
2244 4823 2257 4858 :
2289 4805 2476 4872 sicque
2509 4803 2900 4872 locupletatum
2925 4813 2979 4856 et
3028 4815 3243 4856 auctum
3276 4801 3445 4856 Paulo
3492 4805 3692 4858 Orosio

2090 4879 2268 4930 amico
2297 4883 2353 4929 et
2379 4877 2783 4943 consanguineo
2808 4888 2909 4927 suo
2943 4875 3134 4928 iterum
3167 4875 3504 4942 nuncupavit
3525 4914 3538 4933 .
3570 4872 3695 4929 ulti-

2093 4963 2234 5000 mam
2268 4945 2419 5015 operi
2451 4963 2668 5000 manum
2699 4947 2989 5015 imponens
3021 4959 3163 4998 anno
3197 4945 3410 5000 Domini
3437 4943 3577 5006 440.
3619 4947 3689 5002 de

2091 5034 2194 5083 qtta
2229 5014 2469 5086 loquitur
2497 5034 2616 5071 cum
2647 5018 2722 5068 ait
2749 5033 2761 5068 :
2784 5014 2911 5069 Cum
2942 5017 3050 5068 Im'c
3077 5016 3370 5080 scriberem,
3393 5026 3500 5072 etc.
3527 5026 3689 5081 atque

2091 5087 2216 5143 huic
2239 5098 2616 5160 annona-tera:
2637 5089 2710 5142 ibi
2737 5097 2935 5142 notatze
2958 5087 3333 5160 chronologia:
3355 5101 3686 5158 congruunt,

2089 5160 2342 5216 videlicet
2389 5159 2576 5215 Romae
2611 5160 2877 5220 condita}.
2932 5175 3058 5213 terte
3105 5159 3379 5222 C:esaris,
3436 5171 3491 5214 et
3537 5160 3688 5225 regni

2089 5231 2432 5287 Themloredi
2467 5233 2610 5301 regis
2633 5231 2934 5288 Gothorum
2967 5230 3020 5283 in
3054 5230 3329 5300 llispania.
3361 5231 3494 5286 Nam
3524 5230 3688 5286 Urbis

2087 5305 2362 5367 Conditio,
2391 5311 2448 5357 ut
2476 5305 2527 5356 in
2564 5303 2828 5372 principio
2863 5301 3102 5356 habitum
3128 5311 3240 5368 est,
3271 5303 3558 5372 prmcessit
3580 5302 3688 5357 Na-

2090 5377 2250 5430 talem
2282 5375 2480 5430 Christi
2511 5377 2672 5430 annis
2696 5373 2830 5438 75f;
2865 5389 2971 5427 :era
3025 5391 3156 5428 vero
3197 5374 3358 5428 annis
3403 5375 3494 5429 58.
3531 5372 3688 5429 Unde

2087 5461 2265 5502 annus
2299 5448 2507 5502 Domini
2555 5446 2660 5502 M0
2708 5444 3017 5501 necessario
3048 5447 3152 5501 erit
3198 5445 3384 5499 Itonia:
3433 5447 3673 5500 eunditze

2088 5519 2219 5574 1191
2246 5531 2299 5574 et
2329 5535 2451 5573 utrm
2474 5517 2704 5573 C:esaris
2733 5519 2851 5572 178.
2883 5516 3106 5584 Insuper
3139 5517 3308 5570 ldatio
3341 5526 3478 5572 teste
3504 5561 3518 5584 ,
3543 5535 3680 5570 anno

2071 5589 2142 5645 21
2175 5592 2374 5660 imperii
2421 5590 2634 5646 Arcadii
2676 5601 2724 5646 ct
2768 5588 2989 5643 Honorii
3024 5587 3200 5642 Wulia
3229 5587 3520 5642 Cat/torum
3568 5605 3686 5659 rege

2073 5660 2320 5731 defuncto
2358 5663 2646 5717 Theodorei:
2690 5664 2707 5731 (
2751 5662 2828 5717 sie
2862 5662 2976 5730 ipse
3007 5659 3440 5715 'l‘heodorednm
3480 5663 3682 5732 vocat)

2071 5737 2310 5790 successit
2336 5736 2388 5790 in
2420 5751 2594 5807 regno.
2636 5734 2755 5807 ft‘nit
2783 5733 2825 5790 is
2847 5747 3022 5788 anuus
3054 5749 3083 5788 ει
3117 5742 3243 5807 nato
3281 5732 3508 5807 Domino
3533 5733 3641 5790 418
3664 5775 3681 5800 ,

2071 5821 2136 5866 ex
2161 5823 2267 5885 quo
2291 5823 2459 5884 usque
2478 5804 2555 5868 ad
2587 5805 2694 5868 460
2725 5807 3097 5867 intercurrunt
3125 5804 3198 5870 2i
3229 5805 3380 5884 regni
3415 5805 3677 5869 Thetide.
