3962 6336
453 328 561 400 575

1352 329 1650 391 ηλνιυε
1687 326 1939 389 LUCIUS
1975 326 2263 386 DEXTER
2297 326 2827 388 CHRONOLOGUS.

3650 331 3759 389 576

454 458 670 536 gendis,
700 462 758 514 et
775 453 945 527 ipsius
968 449 1220 509 Antiochi
1242 447 1539 507 miserabili
1565 447 1807 504 interitu.
1840 446 2047 523 Rursus
2072 445 2132 509 Α
2153 443 2330 518 capilli
2377 445 2563 515 capitis
2606 449 2718 520 ejus
2748 446 2899 518 quasi
2942 446 3067 503 lana
3099 448 3295 504 munda
3336 463 3356 504 :
3387 449 3603 507 thronus
3645 453 3762 523 eius

454 570 577 626 cap.
610 552 666 618 9,
698 563 922 620 regnum
952 545 1269 603 Judmorum
1299 542 1623 598 duraturum
1650 539 1900 612 praedixit
1928 554 2054 613 spa-

456 649 534 705 tio
562 645 634 703 69
659 640 1148 703 hebdomadarum,
1180 637 1234 693 id
1264 645 1370 702 est,
1405 634 1519 691 fere
1543 635 1646 690 500
1675 647 1961 701 annorum,
1993 640 2055 689 ut

456 739 703 798 omittam
724 750 787 791 ea
808 749 928 806 qum
949 747 1071 791 cum
1097 728 1270 791 idatio
1289 730 1359 784 de
1385 742 1571 797 regum
1600 724 1787 783 Austri
1807 735 1862 783 et
1886 724 2055 799 Aqui-

456 832 600 892 lonis
627 828 891 896 dissidiis,
920 834 977 882 et
999 823 1183 897 populi
1216 821 1310 877 Dei
1340 836 1512 893 usque
1546 820 1612 876 ad
1640 820 1802 878 linem
1827 823 2057 880 szeculo-

457 940 579 983 rum
600 920 885 979 eventibus
912 932 1055 973 nunc
1075 914 1448 985 exposuimus,
1479 922 1534 969 et
1563 912 1633 969 ab
1655 912 1771 985 ipso
1793 913 2055 986 prOpbeta

458 1017 771 1076 referuntur
805 1012 861 1069 iu
896 1026 948 1068 c.
978 1026 1044 1075 ς,
1078 1025 1130 1064 xi
1171 1018 1224 1069 et
1264 1023 1359 1063 xu.
1400 1004 1536 1062 Cum
1579 1005 1746 1078 igitur
1775 1008 2053 1079 proprium

462 1107 702 1169 Danielis
723 1102 1004 1177 propheta:
1025 1100 1188 1157 fuerit
1211 1100 1279 1157 de
1308 1099 1490 1171 regnis
1520 1099 1729 1170 magnis
1757 1106 1813 1155 et
1835 1115 2059 1156 m0nar-

457 1207 600 1266 chiis
628 1216 814 1277 agere,
843 1213 965 1271 quae
994 1213 1165 1269 usque
1185 1197 1254 1253 ad
1286 1196 1445 1252 ﬁnem
1477 1193 1664 1250 mundi
1693 1194 2056 1252 dominabun-

458 1311 548 1359 tur
576 1300 628 1356 in
669 1298 818 1367 ipso;
864 1295 954 1367 qni
1011 1294 1127 1349 fieri
1170 1300 1372 1364 posset.
1407 1301 1460 1344 ut
1492 1303 1611 1345 eam
1652 1288 1822 1344 solam
1868 1289 2060 1346 sileret

458 1409 647 1465 regum
679 1387 976 1460 Hispaniae,
1015 1401 1136 1458 qua-
1174 1382 1438 1441 latissime
1471 1382 1713 1437 omnium
1741 1396 1840 1452 per
1868 1382 2054 1439 orbem

461 1486 655 1545 diﬂosa
686 1492 792 1551 est,
829 1497 950 1555 quae
978 1479 1170 1536 orbem
1198 1477 1431 1533 alterum
1462 1474 1693 1544 subjecit
1723 1474 1869 1544 lidei,
1908 1491 2059 1546 qure—

459 1595 568 1653 que
595 1579 719 1651 plus
747 1574 963 1633 caneris
988 1572 1058 1628 ad
1091 1571 1353 1628 Ecclesia)
1381 1576 1751 1641 augmentum,
1783 1567 2059 1623 defensio.

462 1690 587 1733 nem
618 1683 673 1729 et
701 1670 928 1744 gloriam
964 1675 1212 1740 spectare
1247 1663 1617 1735 conspicitur?
1650 1663 1718 1718 Et
1759 1662 1874 1717 base
1903 1661 2057 1718 dixe-

461 1769 587 1834 rim,
623 1780 691 1822 ne
721 1764 842 1836 quis
868 1776 1065 1818 novam
1094 1757 1490 1831 expositionem
1534 1755 1713 1813 subito
1743 1755 2055 1826 eshorreat,

370 1866 375 1869 ‘
460 1832 861 1930 sedipatientcr
886 1855 1059 1925 legat:
1090 1867 1211 1907 nam
1240 1865 1597 1922 quaacumque
1621 1865 1652 1905 a
1672 1848 1897 1905 Daniele
1919 1864 2058 1921 prte-
2085 1832 2136 1895 Β

459 1950 605 2007 dicta
635 1955 763 2004 sunt
799 1960 920 2016 cap.
963 1944 1060 2000 illo
1089 1957 1161 1998 vu
1191 1941 1259 1998 de
1294 1957 1402 2013 quo
1430 1940 1662 2011 agimus,
1713 1940 1767 1996 in
1799 1939 2057 2011 Hispania

459 2041 758 2113 adimpleta
805 2036 1031 2104 videbit,
1074 2051 1195 2109 quae
1227 2044 1407 2090 tamen
1440 2033 1626 2089 nullibi
1675 2033 1936 2090 hactenus
1967 2050 2060 2090 ve-

459 2134 658 2192 rilicari
709 2133 928 2188 iuventa
973 2138 1124 2197 sunt,
1174 2126 1390 2199 quando
1425 2126 1643 2197 quidem
1687 2125 2060 2199 expositiones

459 2227 695 2299 priores,
737 2224 850 2280 suis
876 2222 1037 2280 etiam
1068 2221 1383 2277 auctoribus
1413 2218 1729 2288 fatentibus,
1758 2219 2060 2277 manifestis

458 2314 836 2388 repugnantiis
877 2316 1054 2387 plena:
1082 2320 1238 2370 sunt;
1280 2325 1439 2382 quam
1470 2326 1600 2367 vero
1632 2326 1729 2367 nos
1773 2312 2056 2382 amplecti-

458 2426 602 2475 mur.
629 2407 857 2465 faciliter
877 2416 933 2464 et
957 2406 1198 2463 suaviter
1218 2414 1415 2462 cuncta
1437 2403 1713 2461 distribuit
1730 2404 2054 2476 etexplicat.

531 2504 602 2562 Ut
674 2511 855 2559 tamen
920 2501 1171 2557 ordinate
1251 2499 1657 2573 procedamus,
1726 2501 2059 2572 prmmittere

459 2614 746 2659 necessum
795 2607 879 2655 est
924 2597 1098 2669 ipsum
1149 2595 1484 2667 prOpheticm
1528 2594 1892 2666 pra-dictionis
1926 2610 2059 2651 cou-

458 2703 689 2758 textum,
721 2701 777 2748 et
814 2690 943 2763 quid
975 2690 1094 2745 aliis
1135 2689 1309 2745 visunt
1350 2689 1426 2745 sit
1456 2702 1554 2758 per
1586 2703 1706 2743 earn
1740 2686 2054 2759 signiﬁcari.

458 2787 528 2844 Et
546 2802 672 2844 cum
694 2786 826 2841 nihil
856 2799 1052 2841 eorum
1073 2782 1375 2857 prophetia:
1401 2781 1585 2839 verbis
1610 2776 1880 2853 Quadrare
1905 2796 2058 2836 mon-

455 2880 849 2946 straverimus,
894 2877 1112 2934 demum
1162 2876 1560 2949 expositionem
1601 2882 1884 2942 nostram,
1948 2874 2058 2930 Deo

454 2975 618 3042 duce,
666 2986 1057 3045 pt-Oponemus,
1105 2980 1161 3028 et
1196 2967 1697 3043 proiiugnabimns:
1743 2966 1795 3023 in
1824 2980 1951 3040 qua,
2000 2974 2060 3022 ut

455 3084 641 3141 spero,
672 3067 807 3123 nihil
839 3066 942 3122 erit
969 3064 1112 3139 quod
1140 3061 1474 3136 propheticis
1504 3060 1686 3117 verbis
1722 3075 1830 3117 non
1877 3059 2058 3116 colun—

457 3170 599 3231 reat,
635 3160 767 3218 nihil
798 3159 1019 3228 durum,
1052 3158 1186 3214 nihil
1215 3156 1483 3213 violenter
1507 3154 1996 3213 accommodatum.

765 3297 795 3370 ᾗ
830 3296 894 3353 ll.
927 3293 1163 3350 Danielis
1201 3291 1486 3366 prophetia:
1515 3308 1633 3364 cap.
1665 3289 1776 3346 VII.

532 3436 684 3491 Auno
739 3433 905 3504 primo
962 3430 1265 3485 Balthassar
1304 3429 1439 3501 regis
1503 3425 1817 3498 Babylonis,
1869 3424 2057 3480 Daniel

457 3527 718 3582 somnium
743 3524 867 3579 vidit
899 3538 919 3578 :
944 3524 1073 3578 visio
1098 3531 1272 3577 autem
1297 3520 1483 3589 capitis
1511 3520 1626 3592 ejus
1650 3520 1708 3574 in
1748 3516 1905 3573 cubili
1930 3534 2059 3585 suo;

459 3632 507 3679 et
535 3622 794 3677 somnium
816 3620 1042 3676 scribens
1069 3619 1203 3675 brevi
1223 3635 1459 3675 sermone
1484 3616 1891 3691 cornprehendit,
1913 3634 2057 3671 sunt-

461 3715 737 3784 matimque
784 3714 1133 3787 perstringens
1176 3714 1252 3768 ait
1285 3729 1303 3771 :
1349 3711 1597 3768 Videbam
1637 3713 1691 3767 in
1730 3713 1925 3767 visione
1947 3727 2062 3766 mea

460 3820 628 3875 nocte,
660 3818 711 3863 et
750 3824 865 3862 ecce
903 3816 1123 3877 quatuor
1162 3806 1298 3861 venti
1338 3806 1450 3861 caeli
1492 3803 1796 3879 pugnabant
1836 3805 1890 3859 in
1930 3802 2064 3858 mari

461 3918 669 3974 magno,
693 3910 741 3956 et
760 3908 983 3974 quatuor
1004 3900 1181 3955 bestia:
1200 3899 1422 3974 grandes
1444 3898 1819 3954 descendebant
1844 3897 1910 3953 de
1932 3900 2062 3953 mari

461 3996 678 4051 diversa:
716 3996 851 4050 inter
881 4011 954 4050 se.
988 3992 1172 4050 Prima
1199 3994 1348 4062 quasi
1378 3994 1564 4061 leeena,
1615 4001 1663 4048 et
1701 3991 1814 4047 alas
1844 3990 2063 4047 habebat

461 4091 672 4162 aquilte.
705 4088 1027 4159 Aspiciebam
1056 4088 1221 4143 donec
1250 4089 1436 4144 evulsa:
1455 4096 1573 4142 sunt
1601 4086 1702 4142 alte
1727 4090 1862 4160 ejus,
1894 4096 1939 4140 et
1969 4102 2058 4141 su-

463 4180 603 4236 blata
631 4190 706 4236 est
733 4181 796 4235 de
821 4189 978 4250 terra,
1006 4190 1053 4235 et
1090 4194 1246 4250 super
1272 4180 1425 4250 pedes
1453 4179 1603 4251 quasi
1640 4176 1793 4233 homo
1821 4178 1981 4244 stetit,
2014 4184 2064 4232 et

462 4287 553 4326 cor
591 4271 814 4325 hominis
863 4274 1044 4326 datum
1088 4280 1162 4325 est
1190 4271 1260 4325 ei.
1293 4269 1362 4324 Et
1404 4287 1516 4325 ecce
1541 4268 1701 4324 bestia
1735 4270 1840 4324 alia
1882 4269 2064 4325 similis

465 4380 585 4419 urso
613 4364 664 4418 in
692 4374 837 4437 parte
863 4365 1024 4431 stetit,
1053 4374 1099 4418 et
1125 4373 1225 4418 tres
1254 4365 1461 4419 ordines
1484 4372 1631 4418 erant
1662 4364 1713 4417 in
1742 4379 1829 4417 ore
1852 4365 1986 4435 ejus,
2017 4373 2064 4419 et

378 4515 391 4520 δ
465 4456 518 4509 in
545 4455 802 4523 dentibus,
831 4466 881 4511 et
901 4457 975 4509 sic
1002 4456 1243 4511 dicebant
1272 4457 1319 4509 ei
1359 4472 1379 4513 :
1418 4454 1613 4527 Surge,
1645 4455 1854 4511 comede
1883 4473 2064 4512 carnes

466 4546 739 4618 plurimas.
769 4544 897 4602 Post
924 4547 1035 4601 ha’c
1061 4546 1393 4620 asplciebam,
1423 4557 1471 4602 et
1500 4562 1612 4603 ecce
1639 4549 1747 4602 alia
1767 4549 1916 4619 quasi
1945 4566 2066 4619 par-

2155 541 2383 611 ﬂamma:
2405 540 2563 612 ignis,
2589 548 2721 595 rota:
2739 543 2852 614 ejus
2872 542 3008 614 ignis
3037 559 3282 600 accensus
3301 561 3322 604 :
3343 546 3530 618 ﬂuvius
3554 546 3762 619 igneus,

2154 632 2469 707 rapidusque
2502 635 2864 708 egrediebatur
2902 654 2936 692 a
2984 639 3116 709 [acie
3142 642 3297 714 ejus;
3326 640 3495 699 millia
3531 642 3765 698 millium

2155 726 2521 782 ministrabant
2540 728 2609 795 ei,
2642 734 2692 783 et
2713 727 2885 784 decies
2912 728 3101 785 millies
3124 732 3338 786 centena
3361 733 3527 788 millia
3555 737 3770 789 assiste-

2156 817 2278 873 bant
2299 818 2364 873 ei.
2390 816 2423 872 J
2432 818 2663 873 udicium
2680 818 2841 885 sedit,
2869 828 2919 876 et
2942 819 3064 875 libri
3090 821 3259 894 aperti
3279 831 3420 878 sunt.
3438 824 3770 898 Aspiciebant

2157 919 2368 984 propter
2397 927 2571 967 vocem
2608 927 2901 978 sermonum
2931 914 3230 985 grandium,
3259 931 3388 987 quos
3430 933 3597 972 cornu
3628 917 3773 973 illud

2156 1003 2494 1076 loquebatur;
2517 1012 2567 1059 et
2602 1004 2710 1060 vidi
2741 1006 2987 1076 quoniam
3014 1006 3290 1078 interfecta
3314 1018 3446 1063 esset
3484 1009 3676 1078 bestia,
3718 1019 3775 1068 ct

2157 1100 2371 1173 perisset
2399 1115 2590 1171 corpus
2609 1101 2743 1172 ejus,
2773 1110 2819 1156 et
2841 1102 3087 1157 traditum
3113 1113 3243 1158 esset
3261 1103 3331 1158 ad
3357 1104 3776 1160 comburendum

2157 1194 2267 1265 igni
2297 1209 2318 1250 :
2337 1194 2561 1249 aliarum
2589 1211 2790 1268 quoque
2814 1196 3099 1251 bestiarum
3137 1196 3313 1252 ablata
3350 1206 3479 1252 esset
3516 1206 3773 1268 potestas,

2157 1296 2205 1341 et
2232 1294 2464 1359 tempora
2492 1287 2609 1342 vita:
2632 1288 2917 1342 constituta
2948 1298 3120 1344 essent
3161 1289 3236 1343 eis
3280 1305 3441 1356 usque
3466 1291 3535 1345 ad
3565 1300 3778 1360 tempus

2158 1390 2206 1436 et
2236 1390 2452 1452 temws.
2494 1380 2820 1455 Aspieiebam
2849 1399 2971 1454 ergo
3012 1385 3067 1439 in
3095 1384 3290 1439 visione
3332 1386 3521 1452 noctis,
3564 1399 3615 1440 et
3655 1402 3779 1441 ecce

2158 1489 2275 1528 cum
2303 1474 2519 1530 nubibus
2541 1475 2656 1530 ειειὶ
2679 1476 2829 1544 quasi
2853 1475 2997 1546 ﬁlius
3018 1476 3239 1531 hominis
3254 1477 3503 1544 veniebat,
3534 1486 3587 1532 et
3608 1494 3780 1543 usque

2158 1568 2228 1623 ad
2240 1568 2517 1641 Antiquam
2535 1569 2739 1624 dierum
2768 1569 3018 1640 pervenit,
3038 1577 3083 1625 et
3111 1570 3166 1624 in
3186 1579 3459 1643 conspectu
3474 1570 3592 1642 ejus
3614 1570 3778 1627 obtu-

2156 1663 2329 1718 lerunt
2351 1679 2500 1730 eum;
2524 1673 2572 1717 et
2591 1664 2732 1719 dedit
2754 1664 2801 1719 ei
2823 1673 3149 1736 potestatem,
3171 1666 3436 1733 honorem,
3460 1673 3507 1721 et
3524 1680 3777 1737 regnum,

2160 1765 2209 1812 et
2231 1773 2406 1813 onmes
2430 1758 2635 1830 papuli,
2670 1758 2857 1825 tribus,
2884 1770 2931 1815 et
2959 1757 3156 1834 lingua:
3181 1758 3283 1832 ipsi
3313 1760 3531 1816 servient
3543 1776 3569 1825 ;
3622 1771 3782 1831 pote-

2158 1857 2272 1904 stas
2292 1852 2426 1923 ejus,
2454 1858 2680 1923 potestas
2701 1861 2894 1907 azterna
2921 1865 3038 1924 quia
3062 1868 3163 1907 non
3191 1851 3478 1922 auferetur,
3490 1862 3538 1909 et
3550 1870 3783 1927 regnum

2161 1945 2276 2016 eius
2301 1942 2441 2015 quod
2467 1960 2571 1998 non
2600 1954 2976 2015 corrumpetur.

2233 2033 2455 2090 Horruit
2485 2036 2700 2108 spiritus
2728 2054 2872 2092 meus
2902 2053 2921 2093 :
2947 2053 3040 2112 ego
3084 2035 3277 2094 Daniel
3315 2038 3526 2095 territus
3567 2056 3695 2095 sum
3726 2040 3782 2097 in

2161 2126 2265 2195 his,
2298 2137 2347 2184 et
2374 2129 2593 2184 visiones
2623 2130 2808 2202 capitis
2839 2132 2939 2187 mei
2968 2131 3401 2189 conturbauerunt
3430 2150 3531 2190 me.
3565 2135 3786 2190 Accessi

2159 2220 2231 2274 ad
2258 2237 2415 2275 unum
2439 2221 2504 2276 de
2529 2223 2907 2292 assistentibus,
2932 2232 2981 2279 et
3005 2225 3272 2280 veritatem
3299 2224 3601 2297 qurerebam
3629 2226 3704 2281 ab
3724 2244 3786 2283 eo

2160 2311 2226 2367 de
2250 2311 2485 2368 omnibus
2517 2314 2619 2368 his.
2668 2313 2769 2380 Qui
2809 2314 2941 2369 dixit
2980 2315 3106 2370 mihi
3150 2316 3632 2386 interpretationem
3672 2335 3787 2375 ser-

2160 2422 2393 2471 monum,
2446 2417 2494 2461 et
2540 2409 2718 2463 docuit
2765 2425 2898 2468 me:
2945 2409 3043 2465 Ha:
3085 2420 3306 2481 quatuor
3336 2412 3511 2469 bestiis
3544 2431 3784 2487 magna,

2160 2506 2383 2570 quatuor
2425 2510 2545 2555 sunt
2586 2517 2769 2575 regna,
2801 2518 2918 2573 quis
2956 2514 3267 2575 consurgent
3303 2506 3366 2559 de
3399 2514 3558 2561 terra.
3593 2507 3791 2565 Susci-

2160 2591 2302 2663 pient
2324 2601 2496 2647 autem
2523 2609 2740 2665 regnum
2767 2595 2935 2649 sancti
2966 2595 3062 2650 Dei
3089 2595 3355 2666 altissinti,
3384 2606 3432 2654 et
3472 2599 3785 2657 obtinebunt

2160 2701 2376 2758 regnum
2394 2702 2554 2759 usque
2583 2688 2637 2741 in
2667 2688 2918 2743 siccatum
2940 2697 2993 2745 et
3016 2689 3263 2745 stecttlum
3293 2691 3629 2750 saeculorum.

2234 2777 2364 2833 Post
2411 2778 2510 2834 hoc
2534 2779 2672 2835 volui
2711 2780 2987 2850 diligenter
3024 2781 3225 2838 discere
3260 2782 3325 2838 de
3358 2768 3517 2840 bestia
3559 2799 3785 2857 quarta.

2159 2886 2277 2944 quia
2304 2880 2414 2926 erat
2451 2872 2720 2927 dissimilis
2746 2873 2893 2929 valde
2928 2872 2993 2929 ab
3033 2875 3295 2943 onmibus,
3327 2885 3376 2933 et
3403 2877 3662 2935 terribilis
3706 2882 3789 2935 ni-

2161 2965 2283 3033 mis,
2310 2963 2488 3020 dentes
2511 2972 2558 3020 et
2587 2981 2782 3040 ungues
2807 2969 2922 3038 ejus
2949 2968 3136 3040 ferrei:
3162 2970 3452 3025 comedebat
3472 2980 3523 3026 et
3553 2976 3786 3047 commi-

2162 3056 2371 3122 nuebat,
2413 3064 2462 3112 et
2510 3057 2709 3128 reliqua
2738 3059 2972 3139 _pedibus
3025 3060 3135 3114 suis
3184 3062 3554 3132 conculcabat,
3607 3076 3666 3120 et
3719 3068 3789 3121 de

2162 3150 2401 3208 cornibus
2438 3151 2614 3207 decem
2636 3167 2752 3223 quas
2777 3152 2992 3208 habebat
3023 3155 3074 3208 in
3101 3155 3290 3225 capite,
3317 3167 3363 3211 et
3392 3157 3457 3212 de
3487 3156 3597 3213 alio
3636 3160 3795 3229 quod

2161 3251 2335 3299 ortum
2366 3245 2557 3317 fuerat,
2596 3253 2717 3299 ante
2741 3245 2882 3316 quod
2904 3246 3194 3302 ceciderant
3226 3248 3327 3303 tria
3366 3265 3568 3305 cornua
3593 3268 3614 3319 ,°
3640 3262 3700 3307 et
3725 3253 3792 3308 de

2159 3353 2319 3393 cornu
2351 3339 2443 3393 illo
2468 3339 2606 3410 quod
2635 3338 2853 3395 habebat
2892 3339 3092 3409 oculos,
3124 3350 3171 3395 et
3202 3360 3259 3398 os
3286 3343 3495 3415 loquens
3527 3349 3788 3419 grandia,

2160 3440 2209 3487 et
2235 3434 2406 3505 majus
2435 3440 2546 3486 erat
2575 3434 2795 3489 ceteris.
2830 3434 3152 3504 Aspiciebam
3177 3478 3194 3504 ,
3226 3447 3274 3491 et
3315 3453 3428 3493 ecce
3452 3454 3617 3494 cornu
3646 3441 3792 3497 illud

2163 3524 2384 3595 faciebat
2434 3524 2623 3580 bellum
2671 3526 2919 3582 adversus
2961 3536 3190 3596 sanctos,
3230 3538 3277 3583 et
3324 3530 3638 3602 praevalebat
3664 3533 3790 3601 -eis,

2161 3618 2323 3672 donec
2350 3620 2485 3673 venit
2514 3617 2772 3690 Antiquus
2803 3620 3030 3689 dierum,
3058 3630 3104 3676 ct
3128 3622 3394 3695 judicium
3417 3624 3563 3678 dedit
3584 3628 3793 3683 sanctis

2163 3709 2413 3777 Excelsi,
2443 3720 2494 3767 et
2540 3722 2741 3785 tempus
2786 3713 3037 3782 advenit,
3087 3725 3134 3769 et
3173 3732 3390 3787 regnum
3442 3716 3793 3775 obtinuerunt

2162 3804 2347 3859 sancti.
2383 3802 2449 3858 Et
2472 3805 2545 3859 sic
2568 3805 2679 3861 ait:
2696 3804 2868 3860 Bestia
2891 3815 3075 3874 quarta
3101 3826 3317 3881 regnum
3336 3821 3580 3881 quartum
3602 3814 3708 3868 erit
3738 3816 3793 3869 in

2165 3905 2323 3963 terra,
2369 3896 2507 3967 quod
2554 3906 2729 3971 majus
2776 3900 2873 3954 erit
2902 3900 3139 3956 omnibus
3180 3904 3368 3975 regnis,
3420 3915 3470 3960 et
3515 3906 3793 3963 devorabit

2162 3990 2459 4044 universam
2491 3999 2702 4057 terram,
2736 4001 2782 4045 et
2827 3992 3173 4062 conculcabit,
3220 4005 3268 4050 et
3295 3998 3609 4053 comminuet
3646 4016 3788 4055 eain.

2165 4078 2336 4136 Porro
2373 4096 2572 4136 cornua
2603 4081 2777 4137 decem
2808 4084 2975 4154 ipsius
3016 4087 3183 4159 regni,
3217 4087 3401 4143 decem
3427 4105 3573 4163 reges
3605 4104 3792 4161 erunt,

2165 4180 2214 4226 et
2243 4170 2381 4225 alius
2406 4181 2682 4243 consurget
2702 4183 2817 4244 post
2842 4191 2956 4241 eos,
2983 4185 3031 4230 et
3052 4177 3165 4245 ipse
3193 4180 3451 4250 potentior
3468 4183 3568 4235 erit
3589 4185 3797 4255 priori-

2167 4263 2281 4330 bus,
2310 4271 2359 4318 et
2378 4273 2481 4319 tres
2511 4280 2658 4339 reges
2685 4268 3002 4337 humiliabit,
3028 4282 3075 4327 et
3098 4287 3355 4328 sermones
3385 4283 3565 4329 contra
3597 4274 3797 4332 Excel-

2166 4376 2278 4416 sum
2307 4360 2560 4430 loquetur,
2594 4370 2641 4415 et
2669 4373 2874 4417 sanctos
2904 4362 3157 4419 Altissimi
3186 4375 3410 4422 conteret
3431 4409 3446 4433 ,
3478 4379 3527 4422 et
3556 4371 3792 4441 putabit,

2167 4452 2306 4522 quod
2345 4453 2506 4520 possit
2540 4462 2743 4510 mutare
2769 4464 3022 4528 tempora,
3052 4465 3099 4511 et
3139 4458 3275 4529 leges
3287 4478 3308 4529 ,-
3346 4469 3395 4514 et
3436 4462 3713 4518 tradentur
3739 4465 3795 4519 in

2170 4561 2325 4600 ntanu
2360 4548 2474 4618 ejus
2501 4563 2664 4619 usque
2699 4548 2769 4601 ad
2803 4558 3023 4631 tempus,
3052 4559 3101 4604 et
3136 4560 3393 4622 tempora,
3426 4561 3473 4607 et
3503 4554 3795 4610 dimidium

465 4643 584 4707 dus,
627 4651 673 4696 et
712 4640 828 4696 alas
856 4640 1073 4699 habebat
1098 4644 1245 4714 quasi
1285 4645 1412 4709 avis,
1439 4652 1664 4716 quatuor
1701 4660 1857 4715 super
1889 4662 1965 4713 se,
2012 4656 2062 4702 et
2090 4620 2142 4683 Ῑ)
2169 4640 2410 4707 temporis
2439 4648 2528 4693 :et
2557 4640 2819 4713 judicium
2848 4620 3045 4705 sedebit
3073 4653 3129 4697 ut
3153 4620 3427 4714 auferatur
3451 4650 3711 4714 potentia,
3745 4658 3796 4703 et

464 4744 687 4807 quatuor
710 4736 883 4808 capita
911 4746 1057 4791 erant
1085 4737 1137 4791 in
1171 4738 1360 4808 bestia,
1391 4750 1438 4793 et
1464 4747 1689 4811 potestas
1720 4739 1841 4794 data
1879 4751 1952 4795 est
1989 4743 2059 4800 ei.

466 4827 597 4883 Post
635 4828 744 4883 Invc
781 4830 1092 4899 aspiciebam
1132 4833 1186 4887 in
1224 4834 1416 4889 visione
1456 4834 1639 4901 noctis,
1673 4847 1719 4890 et
1750 4851 1864 4890 ecce
1904 4834 2063 4890 bestia

464 4935 669 5003 quarta'
692 4929 936 4983 terribilis
961 4943 1113 4999 atque
1133 4931 1406 4999 mirabilis,
1434 4943 1482 4988 et
1507 4935 1659 5006 [ortis
1681 4934 1856 5003 nimis,
1887 4936 2065 4992 dentes
2084 5002 2097 5015 .

402 5030 424 5086 .'
489 5042 660 5083 erreos
699 5026 915 5082 habebat
947 5046 1180 5102 magnos,
1214 5031 1482 5086 comedens
1511 5042 1663 5102 atque
1688 5035 2062 5103 contmiuuens,

461 5131 511 5176 et
552 5119 751 5189 reliqua
793 5120 1003 5188 pedibus
1051 5124 1159 5176 suis
1193 5123 1503 5177 conculcans
1540 5140 1560 5179 :
1589 5124 1856 5180 dissimilis
1893 5136 2066 5181 autent

464 5223 572 5268 erat
601 5212 799 5267 ueteris
827 5211 1000 5267 bestiis
1025 5230 1155 5285 quas
1181 5216 1409 5271 videram
1440 5224 1562 5271 ante
1589 5234 1720 5284 eam,
1752 5227 1803 5275 et
1849 5220 2067 5276 habebat

465 5325 659 5364 cornua
705 5307 899 5361 decem.
940 5307 1345 5365 Cousiderabam
1394 5328 1614 5377 cornua,
1662 5322 1710 5368 et
1759 5330 1872 5369 ecce
1905 5331 2069 5370 cornu

466 5401 614 5456 aliud
638 5404 913 5475 parvulum
942 5412 1111 5458 ortum
1138 5413 1215 5459 est
1243 5408 1307 5459 de
1333 5405 1502 5460 medio
1541 5421 1738 5472 eorum,
1785 5416 1833 5461 et
1862 5408 1963 5462 tria
2005 5409 2071 5463 de

466 5495 709 5551 cornibus
736 5496 916 5570 primis
943 5495 1120 5551 evulsa
1151 5506 1269 5552 sunt
1299 5513 1331 5551 a
1360 5497 1493 5569 facie
1520 5498 1664 5569 eius;
1703 5507 1751 5553 et
1794 5513 1909 5553 ecce
1935 5499 2072 5555 oculi

466 5591 617 5661 quasi
654 5590 792 5646 oculi
821 5573 1046 5646 hominis
1074 5600 1216 5650 erant
1254 5591 1307 5647 in
1345 5606 1527 5660 cornu,
1559 5603 1607 5652 et
1635 5606 1692 5647 os
1728 5589 1942 5664 loquens
1986 5593 2071 5652 in-

472 5685 646 5761 gentia

538 5779 860 5851 Aspiciebam
890 5782 1050 5840 donec
1071 5784 1248 5841 throni
1271 5785 1429 5861 positi
1453 5794 1594 5854 sunt,
1617 5794 1666 5843 et
1692 5786 1944 5857 Antiquus
1968 5785 2076 5844 die-

467 5883 590 5932 rum
613 5873 795 5936 scdlt:
838 5881 1195 5941 vestimentum
1232 5886 1347 5958 ejus
1391 5884 1673 5942 candidum
1698 5883 1852 5960 quasi
1881 5886 1993 5954 nis,
2033 5889 2083 5941 et

2169 4739 2489 4798 conteratur,
2518 4741 2567 4788 et
2585 4733 2842 4805 dispereat
2866 4751 3031 4807 usque
3055 4736 3110 4817 in
3128 4736 3287 4806 ﬁnem
3317 4752 3335 4790 :
3365 4752 3589 4811 regnum
3616 4750 3793 4796 autem

2170 4832 2219 4877 et
2257 4834 2502 4897 potestas,
2546 4836 2596 4881 et
2634 4829 2941 4901 magnitudo
2975 4832 3122 4899 regni
3160 4847 3281 4901 quas
3304 4840 3379 4886 est
3421 4831 3600 4887 subter
3639 4851 3797 4892 amite

2172 4920 2353 4975 caelum
2368 4920 2517 4975 detur
2538 4921 2730 4992 populo
2748 4931 3048 4977 sanctorum
3075 4924 3349 4994 Altissimi,
3371 4929 3522 4999 cujus
3542 4943 3792 5000 regnum,

2172 5029 2387 5084 regnum
2417 5016 2787 5087 sempiternum
2813 5025 2905 5073 est.
2938 5025 2989 5073 et
3026 5032 3203 5074 omnes
3226 5036 3368 5093 reges
3394 5021 3614 5075 servient
3642 5022 3713 5087 ei,
3744 5030 3795 5076 et

2172 5108 2429 5162 obedient.
2467 5105 2750 5181 Hucusque
2792 5110 2916 5178 ﬁnis
2958 5110 3119 5166 verbi.
3176 5111 3288 5185 Ego
3339 5111 3529 5168 Daniel
3565 5114 3794 5170 multum

2173 5200 2566 5274 cogitationibus
2597 5203 2719 5257 meis
2747 5203 3127 5274 conturbabar,
3170 5215 3218 5261 et
3249 5206 3409 5276 [acies
3438 5223 3551 5263 mea
3593 5218 3795 5263 ntntala

2174 5308 2247 5351 est
2275 5297 2326 5351 in
2356 5312 2435 5349 me
2461 5311 2480 5350 :
2509 5296 2717 5351 verbum
2746 5307 2915 5353 autent
2944 5298 2997 5353 in
3028 5299 3186 5357 corde
3214 5318 3325 5358 meo
3351 5304 3672 5357 conservavi.

2177 5409 2205 5482 §
2242 5410 2332 5485 ιιι.
2379 5412 2590 5491 Qucein
2634 5413 3222 5491 vulgata‘etgcommuni
3257 5420 3582 5490 expositione
3612 5418 3782 5491 hujus

2288 5484 2610 5557 prophetica,
2652 5487 2816 5542 verbis
2847 5486 3016 5561 ipsius
3054 5484 3344 5561 repugnare
3380 5491 3677 5548 videantur.

2248 5599 2379 5657 'l‘ria
2408 5602 2678 5673 praecipue
2703 5603 2878 5673 capita
2900 5603 3184 5675 prophetia
3212 5603 3480 5674 ejusmodi
3503 5606 3785 5674 continet,

2179 5692 2439 5750 vide'icet
2474 5695 3048 5767 quatuoranimalium
3077 5736 3091 5755 .
3123 5711 3218 5751 seu
3260 5709 3555 5767 regnorum
3608 5696 3788 5751 histo-

2181 5788 2316 5849 riam
2352 5805 2368 5849 :
2404 5789 2668 5864 judicium
2702 5766 3035 5849 {solemniter
3060 5766 3397 5850 celebratum
3428 5805 3457 5846 a
3491 5790 3632 5859 Deo;
3677 5797 3793 5846 tra-

2183 5881 2452 5944 ditionem
2476 5880 2711 5960 denique
2738 5883 2893 5961 regni
2917 5881 3184 5961 perpetui,
3214 5892 3270 5944 et
3300 5881 3421 5944 sine
3449 5878 3559 5943 ﬁne
3580 5881 3790 5960 populo
