4062 6340
280 245 395 302 577

758 240 1298 300 APPENDIX.—1N
1337 236 1778 298 PROPHETIAM
1820 235 2137 322 DAN_|l:’LlS
2172 236 2262 294 DE
2299 235 2632 308 QUATUOR
2671 235 3117 296 ANIMALIBUS.

3473 239 3583 297 578

277 371 596 418 sanctorum
629 359 769 431 ejus.
803 360 935 416 Mira
975 360 1239 417 hactenus
1263 357 1554 415 consensio
1580 357 1635 411 in
1667 355 1883 426 exposi-
1911 363 1953 417 Α
1985 355 2100 412 Hoc
2124 371 2260 414 vero
2283 355 2351 413 de
2377 355 2708 413 monarchiis
2735 365 2978 427 tempore
3006 355 3305 428 prepbctire
3333 356 3436 414 dici
3468 373 3576 415 non

278 457 432 511 tione
461 469 647 509 eorum
677 455 820 510 inter
850 469 1042 509 omnes
1082 452 1317 508 Danielis
1358 451 1724 508 elucidatores
1755 448 1871 504 fuit.

279 547 608 605 Straverunt
641 549 784 602 viam
814 547 1030 603 caeteris
1059 547 1386 603 vetustiores
1420 545 1630 610 Patres,
1661 558 1798 614 quos
1823 543 1876 598 in

278 642 508 712 prologo
577 640 819 697 Danielis
865 657 988 696 eum
1046 639 1278 697 Eusebio
1339 637 1658 695 Czesariensi
1711 636 1878 692 refert

277 745 504 791 sanctus
525 733 915 807 Hieronymus,
938 733 1337 798 Theodoretus,
1362 731 1528 797 Beda,
1557 730 1829 801 Rupertus
1859 748 1873 786 :

278 827 567 898 secutique
611 837 738 882 sunt
785 841 976 882 eorum
1020 825 1252 897 veStigia
1299 825 1556 881 Albertus
1608 823 1830 894 Magnus
1857 867 1873 894 ,

279 920 437 991 Ilugo
481 920 766 984 Carensis,
819 918 1106 992 Lyranus,
1155 929 1211 975 et
1269 919 1602 974 recentiores
1647 931 1874 986 omnes,

277 1013 489 1071 Hector
515 1013 724 1081 Pintus,
754 1012 995 1082 Pereira,
1024 1011 1314 1069 Cornelius
1340 1013 1408 1067 de
1431 1010 1654 1081 Lapide,
1685 1019 1739 1066 et
1761 1009 1874 1065 alii.

277 1106 340 1162 In
379 1122 446 1162 eo
487 1105 653 1177 igitur
683 1105 1055 1170 conveniunt,
1107 1116 1165 1160 ut
1211 1111 1461 1160 asserant
1507 1113 1736 1174 quatuor
1784 1100 1877 1157 illa

275 1199 538 1255 animalia
569 1197 978 1271 ltieroglypbice
1005 1196 1358 1254 adumbrasse
1396 1205 1627 1268 quatuor
1659 1195 1880 1250 notissi-

276 1312 398 1352 mas
425 1294 794 1364 monarchias,
827 1295 1198 1368 Assyriorum,
1228 1295 1538 1364 Persarum,
1567 1294 1877 1352 Grmcorum

275 1399 339 1446 et
382 1390 750 1450 Romanorum
776 1431 793 1458 ,
840 1391 1036 1463 quibus
1084 1389 1298 1446 tandem
1337 1390 1408 1446 de
1439 1389 1620 1445 medio
1649 1390 1880 1446 sublatis

276 1483 596 1540 universale
641 1485 860 1555 generis
909 1482 1129 1538 humani
1175 1482 1438 1554 judicium
1491 1483 1878 1540 celebrandum

274 1588 390 1649 est,
422 1588 481 1636 et
522 1593 748 1650 regnum
781 1587 1047 1634 :eternum
1089 1577 1292 1633 sanctis
1319 1585 1373 1632 et
1417 1576 1612 1634 electis
1663 1575 1880 1632 traden-

273 1675 434 1730 dum.
472 1672 627 1731 Unde
657 1683 711 1730 et
738 1688 906 1728 cornu
951 1672 1082 1728 illud
1127 1672 1373 1728 ultimum
1406 1682 1616 1743 quarta:
1647 1673 1835 1728 bestiae
1863 1713 1880 1740 ,

1981 449 2188 520 potuit,
2239 449 2676 522 quanquuidcm
2730 450 3053 522 Babylonica
3081 493 3095 515 ,
3141 467 3238 507 seu
3284 449 3575 508 Chaldaica

1981 557 2086 597 non
2118 542 2293 599 solum
2331 543 2442 614 jam
2475 553 2592 598 orta
2621 585 2636 608 ,
2685 542 2780 599 sed
2823 558 2959 613 pene
3009 553 3218 598 mortua
3250 553 3363 598 erat
3390 583 3405 610 ,
3455 557 3576 599 cum

1982 636 2122 691 visio
2163 637 2278 694 haec
2306 647 2527 693 OSIensa
2575 637 2784 692 dicatttr
2834 651 2979 690 anno
3025 638 3050 692 1
3094 637 3408 692 Baltliassar
3437 637 3580 708 regis

1982 729 2308 803 Babylonis,
2343 732 2393 786 in
2441 746 2547 803 quo
2580 731 2836 802 praedicta
2878 732 3193 786 monarchia
3233 729 3460 796 defecit;
3493 729 3580 785 vel

1981 824 2098 894 ipso
2123 825 2344 882 Danicle
2371 833 2514 882 teste
2537 841 2658 897 eap.
2685 842 2736 879 v.
2762 824 2971 881 Deinde
2998 824 3248 880 animalia
3282 824 3398 881 hsce
3417 824 3581 880 simul

1981 933 2048 974 ex
2098 918 2232 973 mari
2263 927 2546 974 ventorum
2585 919 2804 976 ﬂatibus
2838 920 3041 993 agitato
3081 929 3204 976 orta
3233 931 3380 976 sunt.
3417 920 3579 976 Vide-

1984 1009 2122 1078 bant,
2157 1011 2353 1081 inquit,
2383 1011 2435 1065 in
2459 1012 2654 1066 visione
2677 1029 2788 1067 mea
2804 1030 2824 1081 ;
2846 1024 2893 1068 et
2923 1031 3037 1069 ecce
3063 1024 3287 1083 quatuor
3311 1015 3446 1070 renti
3469 1013 3589 1070 coeli

1983 1106 2282 1177 pugnabant
2310 1108 2362 1160 in
2395 1107 2526 1160 mari
2557 1125 2744 1180 magno
2768 1150 2783 1175 ,
2829 1117 2877 1163 et
2915 1119 3139 1180 quatuor
3159 1110 3337 1166 bestia:
3359 1109 3582 1183 grandes

1981 1199 2326 1254 ascendebant
2356 1201 2420 1255 de
2449 1202 2578 1254 mari
2608 1203 2824 1258 diversae
2849 1203 2982 1258 inter
3005 1220 3079 1258 se.
3104 1203 3430 1259 Monarchim
3453 1217 3584 1262 vero

1982 1292 2092 1350 illae
2133 1310 2238 1350 non
2284 1295 2445 1351 simul
2475 1306 2608 1352 orta:
2638 1306 2798 1365 sunt,
2830 1298 2925 1354 sed
2953 1301 3261 1356 successive
3290 1315 3387 1370 per
3410 1299 3580 1356 multa

1983 1405 2250 1447 annorum
2288 1390 2594 1458 curricula;
2651 1401 2836 1464 utpote
2863 1409 2893 1450 e
2921 1393 3118 1465 quibus
3163 1395 3437 1465 posterior
3462 1403 3585 1450 orta

1982 1496 2205 1554 semper
2225 1483 2391 1541 fuerit
2425 1483 2478 1539 in
2508 1483 2785 1541 interitum
2819 1487 3016 1557 prioris
3046 1504 3060 1541 :
3095 1502 3216 1542 nam
3246 1487 3430 1544 Persa:
3454 1486 3586 1542 sub-

1979 1579 2238 1650 jugarnnt
2279 1581 2536 1653 Assyrios
2559 1625 2574 1650 ,
2607 1596 2701 1636 seu
2731 1581 3052 1648 Chaldzeos;
3103 1581 3296 1638 Persas
3325 1592 3450 1654 post
3477 1581 3584 1639 250

1983 1673 2198 1744 imperii
2234 1689 2408 1729 annos
2435 1674 2659 1732 Graecus
2689 1675 2890 1731 delevit
2919 1676 3192 1732 exercitus
3216 1677 3316 1732 sub
3349 1677 3584 1732 Alexan-

271 1769 469 1823 volunt
493 1766 604 1822 fore
625 1767 1248 1837 Antichristum,utpote
1275 1767 1362 1822 cui
1394 1765 1522 1822 illud
1552 1766 1872 1821 conveniat:
1909 1761 1956 1822 B
1982 1766 2082 1824 dro
2121 1785 2134 1822 :
2163 1768 2322 1838 cujus
2364 1769 2683 1824 monarcbia
2714 1769 2768 1825 in
2801 1769 2921 1840 ejus
2959 1779 3133 1825 morte
3180 1769 3358 1825 divisa
3405 1779 3488 1827 est
3529 1770 3586 1827 in

275 1860 558 1917 Sermones
583 1869 768 1915 contra
797 1858 1077 1915 Eacelsum
1121 1861 1379 1932 loquetur,
1413 1871 1460 1914 et
1485 1870 1690 1914 sanctos
1719 1859 1882 1913 Altis-

271 1955 400 2008 simi
435 1963 692 2021 conteret;
724 1962 779 2010 el.
807 1954 937 2009 illud
970 1971 984 2009 :
1022 1953 1142 2008 Vidi
1169 1954 1410 2024 quoniam
1449 1955 1721 2025 interfecta
1747 1961 1877 2009 esset

275 2046 444 2102 bestia
465 2087 482 2114 ,
515 2057 561 2101 et
609 2048 823 2117 perisset
862 2063 1053 2118 corpus
1095 2049 1240 2118 ejus,
1278 2056 1326 2102 et
1359 2048 1608 2101 traditum
1638 2055 1771 2101 esset
1805 2046 1876 2100 ad

276 2142 684 2197 comburendum
717 2141 866 2213 igni;
899 2149 1028 2196 tunc
1059 2141 1357 2210 prmsertim
1387 2141 1606 2213 quando
1633 2158 1752 2194 cum
1781 2158 1878 2195 nu-

274 2234 426 2289 bibus
456 2233 567 2289 raeli
598 2233 775 2289 Filius
797 2235 1018 2289 hominis
1057 2235 1328 2300 veniebat;
1357 2243 1413 2290 et
1447 2234 1665 2306 quando
1704 2234 1880 2290 throni

279 2330 443 2398 pasiti
471 2339 612 2396 sunt,
645 2338 691 2383 et
715 2331 971 2399 Antiquus
995 2328 1196 2383 dierum
1225 2329 1387 2395 sedit;
1415 2337 1471 2383 et
1489 2327 1706 2399 quando
1724 2327 1878 2402 judi-

275 2423 423 2476 cium
448 2422 600 2489 sedit,
630 2431 678 2476 et
707 2422 826 2476 libri
850 2422 1018 2491 aperti
1046 2430 1188 2476 sunt.
1219 2420 1332 2477 Soli
1362 2421 1592 2478 Rabbini
1616 2422 1878 2478 hactenus

274 2514 354 2570 ab
379 2515 460 2568 his
481 2513 874 2581 dissenserunt,
902 2516 991 2584 qui
1020 2525 1238 2590 sanctos
1262 2515 1386 2570 illos
1405 2514 1601 2585 quibus
1624 2530 1874 2583 regnum,

275 2609 463 2664 occisa
495 2607 691 2678 bestia,
723 2609 905 2663 datum
933 2618 1036 2673 est,
1061 2597 1255 2664 volunt
1295 2607 1462 2664 fuisse
1488 2608 1829 2665 Machabmos
1859 2653 1874 2678 ,

275 2708 340 2754 ct
379 2699 622 2755 ultimum
671 2715 855 2772 regem
889 2701 941 2756 in
988 2700 1140 2771 ipsos
1181 2703 1616 2772 persecutionem
1652 2717 1878 2758 moven-

283 2804 418 2860 tem,
452 2811 551 2864 per
573 2811 743 2850 cornu
787 2795 1147 2866 significatum
1174 2838 1190 2866 ,
1225 2795 1877 2852 Antioclunn..C:eterum

277 2886 585 2942 Antiochus
611 2903 720 2943 non
759 2887 874 2943 fuit
902 2889 1224 2945 undecimus
1248 2891 1329 2944 sui
1375 2890 1706 2960 principatus
1733 2904 1827 2946 rex
1861 2931 1878 2958 ,

278 2989 343 3033 ut
373 2981 678 3050 oportebat,
710 2981 755 3036 si
781 2995 878 3052 per
901 2996 1072 3036 cornu
1102 2981 1236 3037 illud
1259 2981 1576 3038 adumbrari
1601 2981 1835 3039 debebat
1865 3000 1880 3038 :

277 3082 340 3128 et
361 3072 491 3128 nihil
523 3073 590 3130 de
614 3075 829 3129 caeteris
851 3075 1262 3136 accommodari.
1283 3084 1591 3147 opportune
1619 3067 1798 3145 potest
1825 3075 1876 3130 in

279 3165 390 3221 hac
417 3166 799 3234 explicatione.
832 3166 945 3224 Sed
977 3168 1345 3238 relinquamus
1384 3168 1576 3224 inanes
1617 3168 1837 3225 Iudices
1860 3208 1874 3235 ,
1905 3149 1952 3211 (ἶ

278 3259 374 3328 qui
429 3260 598 3314 multo
637 3261 809 3332 magis
857 3261 1263 3332 impugnatione
1309 3260 1540 3316 alterius
1588 3261 1875 3317 sententia:

275 3355 569 3424 expugnati
592 3355 906 3412 manebunt.

353 3445 406 3501 In
439 3463 502 3504 ea
529 3462 660 3504 vero
691 3457 798 3503 tam
833 3447 999 3504 multa
1028 3456 1155 3504 sunt
1197 3449 1534 3506 cohaerentia
1571 3447 1828 3506 destituta
1857 3490 1872 3515 ,

280 3549 346 3595 ut
379 3539 538 3599 facile
564 3557 594 3597 a
619 3544 814 3614 quovis
840 3542 1100 3612 judicium
1131 3543 1198 3598 de
1231 3559 1294 3599 ea
1330 3542 1458 3599 ferri
1495 3543 1685 3613 possit.
1711 3542 1878 3598 Vetu-

281 3637 488 3693 stiores
518 3652 650 3693 sane
680 3637 874 3693 Patres
917 3652 1038 3693 eam
1084 3637 1320 3709 amplexi
1358 3642 1765 3694 excusationem
1791 3636 1877 3708 ju-

285 3740 426 3784 stam
459 3730 692 3799 habent,
726 3730 1162 3802 quandoquidem
1187 3747 1287 3786 suo
1319 3741 1563 3800 tempore
1592 3729 1871 3802 prophetia

277 3821 527 3878 nondum
554 3821 776 3893 impleta
815 3831 966 3881 erat:
999 3824 1366 3879 recentiorum
1393 3834 1572 3879 autem
1605 3840 1708 3876 non
1741 3823 1876 3879 levis

277 3924 386 3978 est,
423 3925 501 3970 tot
531 3924 818 3986 tantosque
848 3917 1236 3986 antesignanos
1259 3918 1442 3988 sequi;
1476 3931 1802 3987 quamquam
1844 3931 1875 3971 a

279 4007 476 4064 multis
506 4008 854 4065 difficultates
900 4010 1146 4081 ingentes
1191 4017 1534 4080 paterentur,
1569 4007 1700 4063 illud
1749 4009 1876 4063 Plu-

281 4099 459 4156 tarcbi
491 4099 594 4156 sibi
622 4111 982 4172 usurpantes:
1025 4100 1272 4173 Magnos,
1304 4103 1350 4156 si
1377 4101 1684 4166 errat-imus,
1719 4099 1878 4156 duces

279 4189 581 4248 habuimus.
632 4191 793 4249 Certe
856 4193 1218 4266 llieronymns
1269 4209 1375 4248 non
1429 4203 1538 4248 tam
1588 4190 1874 4263 sequitur,

279 4299 445 4352 quam
478 4283 678 4353 refert,
728 4295 784 4342 et
811 4286 1012 4342 refutat
1055 4302 1398 4343 communem
1429 4287 1574 4342 illam
1608 4287 1879 4358 interpre-

283 4375 546 4432 tationem
594 4376 662 4432 de
705 4386 936 4449 quatuor
981 4379 1352 4446 munarchiis;
1387 4379 1881 4451 etjdil'lieultatibus

284 4477 600 4534 superatus,
618 4470 672 4524 in
699 4470 972 4541 principio
1001 4474 1517 4528 commentariorum
1544 4473 1703 4543 hujus
1731 4475 1880 4545 capi-

286 4558 385 4622 tis,
439 4558 555 4617 haec
591 4565 854 4632 praemisit
885 4581 898 4618 :
931 4562 997 4618 In
1037 4566 1388 4637 superioribus
1415 4566 1728 4639 (capitibus)
1755 4568 1882 4622 ordo

283 4652 517 4721 sequitur
546 4655 811 4723 historice,
843 4656 968 4727 quid
1010 4659 1106 4711 sub
1139 4655 1646 4726 Nabuchodonosor,
1672 4668 1720 4714 et
1754 4658 1888 4713 Bal-

288 4747 488 4816 thasar,
508 4760 554 4803 et
582 4747 778 4820 Dario,
809 4752 914 4806 sire
945 4752 1084 4824 Cyro
1114 4753 1431 4807 mirabiliunt
1459 4754 1724 4826 signorum
1750 4754 1886 4808 occi-

289 4841 470 4896 derit:
495 4845 547 4898 in
583 4844 666 4900 his
699 4863 816 4902 vero
848 4848 922 4920 (id
963 4857 1080 4914 est,
1107 4865 1138 4902 a
1169 4864 1239 4903 vtt
1270 4847 1446 4918 capite
1484 4863 1660 4918 usque
1688 4847 1756 4902 ad
1787 4847 1884 4919 xu)

286 4946 571 4990 narrantur
598 4939 828 5008 somnia,
875 4956 988 5010 qua:
1021 4941 1241 5012 singulis
1262 4941 1364 4996 sint
1400 4941 1509 5007 uisa
1548 4940 1882 5012 temporibus,

288 5045 515 5098 quorum
545 5032 692 5087 solus
715 5033 969 5105 propheta
999 5035 1233 5088 conscius
1261 5045 1360 5099 est,
1393 5043 1439 5088 et
1467 5033 1665 5087 nullam
1693 5031 1883 5087 [tabent

289 5124 437 5192 apud
480 5123 728 5181 barbaras
757 5129 990 5183 nationes
1028 5129 1184 5201 signi,
1214 5128 1292 5183 uel
1321 5128 1648 5183 reuelationis
1673 5126 1882 5197 magni-

295 5217 566 5284 tudinem;
592 5219 682 5276 sed
713 5229 912 5277 tantum
933 5222 1262 5289 describitur,
1287 5231 1344 5277 ut
1371 5224 1514 5294 apud
1541 5231 1772 5294 posteros
1801 5237 1888 5278 eo-

292 5324 441 5377 rum,
473 5329 592 5383 qute
612 5315 722 5369 visa
747 5326 874 5371 sunt
904 5317 1151 5372 memoria
1193 5325 1495 5389 perseveret.

364 5406 434 5458 At
459 5420 583 5477 quae
618 5407 673 5462 in
703 5409 978 5480 przedictis
1006 5426 1162 5465 mana
1175 5410 1339 5468 rcliiis
1370 5427 1476 5468 non
1506 5411 1889 5469 verillcanturi

1987 1862 2086 1916 tria
2119 1878 2284 1934 regna
2316 1905 2332 1930 ,
2366 1862 2673 1934 Syriacum,
2724 1863 3106 1920 Macedonium
3137 1873 3192 1922 et
3222 1863 3536 1939 Egyptium
3569 1882 3585 1920 :

1983 1953 2070 2012 his
2099 1958 2416 2026 superiores
2442 1955 2617 2013 eﬂ‘ecti
2665 1957 2894 2013 Rmnani
2945 1958 3314 2013 monarcliiam
3345 1966 3584 2014 erectam

1983 2067 2080 2123 per
2105 2052 2214 2109 500
2241 2067 2412 2108 annos
2433 2068 2462 2108 a
2485 2053 2725 2110 secundo
2747 2053 2893 2109 bello
2919 2053 3124 2109 Punico
3151 2069 3320 2125 usqtte
3344 2053 3411 2109 ad
3434 2053 3584 2108 urbis

1981 2147 2318 2204 eversionem
2361 2162 2457 2217 per
2481 2147 2755 2202 Alaricum
2799 2147 2900 2204 sub
2935 2163 3076 2203 anno
3119 2147 3308 2204 Romae
3349 2144 3586 2203 conditas

1985 2241 2159 2309 1161,
2188 2251 2608 2297 conservarunt.

2054 2335 2263 2390 Rursus
2293 2333 2348 2389 in
2397 2333 2762 2406 applicatione
2794 2334 3032 2405 cujusvis
3064 2333 3252 2390 bestias
3279 2334 3345 2389 ad
3377 2341 3582 2390 certam

1983 2427 2354 2483 monarcbiam
2381 2469 2397 2494 ,
2449 2441 2607 2483 nova:
2646 2427 2898 2482 oriuntur
2925 2427 3327 2497 ambiguitates.
3382 2426 3457 2482 De
3491 2440 3583 2482 se-

1981 2520 2157 2576 Cunda
2183 2520 2355 2576 bestia
2378 2519 2598 2585 dicitur,
2620 2521 2765 2592 quod
2791 2530 2900 2576 tres
2921 2519 3140 2576 ordines
3162 2519 3404 2576 dentium
3429 2528 3588 2577 erant

1983 2613 2038 2669 in
2064 2628 2163 2670 ore
2192 2614 2327 2685 ejus,
2366 2613 2472 2669 hoc
2499 2607 2681 2669 autem
2731 2613 2912 2682 potius
2941 2614 3318 2669 verilicarctur
3342 2613 3395 2668 in
3430 2615 3587 2671 tertia

1983 2707 2301 2764 Grmcorum
2349 2709 2664 2764 monareliia
2688 2750 2702 2774 ,
2735 2724 2894 2780 quam
2936 2708 2988 2762 in
3037 2708 3273 2781 secunda
3309 2727 3321 2762 :
3352 2724 3476 2763 nam
3524 2724 3588 2764 ea

1983 2803 2162 2860 divisa
2195 2803 2316 2871 fuit,
2346 2812 2406 2858 ut
2433 2802 2571 2873 dixi,
2600 2804 2652 2858 in
2683 2804 2783 2858 tria
2827 2818 2990 2872 regna
3021 2817 3082 2858 se
3125 2801 3359 2857 invicem
3395 2801 3587 2858 debel-

1987 2900 2176 2964 lantia,
2200 2899 2342 2970 quod
2381 2897 2635 2954 secunda?
2682 2913 2790 2952 non
2817 2896 3040 2953 accidit.
3073 2895 3180 2953 Sed
3206 2898 3376 2964 aiunt,
3404 2895 3586 2952 veriti-

1989 2991 2102 3049 cari
2135 2991 2189 3047 itt
2235 2990 2344 3046 illis
2380 2989 2552 3046 tribus
2582 2989 2920 3060 principibus
2964 2990 3254 3046 Persarum
3281 3031 3298 3057 ,
3327 2989 3419 3061 qui
3450 3004 3588 3060 prte-

1989 3094 2147 3141 erant
2174 3083 2278 3141 120
2309 3083 2542 3153 satrapis
2573 3100 2586 3138 :
2617 3098 2712 3153 per
2739 3097 2837 3140 eos
2861 3083 3006 3139 enim
3040 3084 3352 3140 universum
3382 3082 3585 3155 guber-

1987 3182 2220 3237 nabatur
2249 3179 2538 3250 imperium
2570 3220 2585 3246 ,
2616 3179 2735 3248 ipso
2783 3179 3004 3236 Daniele
3051 3160 3191 3236 teste
3233 3194 3356 3249 cap.
3390 3193 3466 3234 vt.
3515 3177 3586 3232 At

1985 3290 2227 3346 quaaram
2255 3287 2358 3345 ego
2399 3287 2535 3345 quas
2571 3288 2766 3329 carnes
2789 3273 2927 3344 jussi
2972 3284 3102 3328 sunt
3130 3271 3430 3328 devorare?
3456 3269 3589 3326 nihil

1985 3367 2054 3424 de
2079 3365 2402 3423 crudelitate
2421 3382 2610 3422 eorum
2629 3365 2874 3437 legimus.
2893 3366 3207 3436 Quinimmo
3231 3381 3372 3421 unus
3389 3379 3454 3422 ex
3489 3365 3586 3420 tri-

1984 3458 2084 3514 bus
2133 3458 2248 3528 ipse
2295 3457 2487 3513 Daniel
2533 3469 2647 3513 erat
2684 3498 2698 3522 ,
2746 3458 3013 3529 siquidem
3061 3473 3182 3528 cap.
3217 3473 3271 3513 vt
3320 3457 3522 3513 dicitur
3567 3475 3582 3512 :

1983 3547 2198 3604 Placuit
2221 3549 2403 3617 Dario,
2429 3559 2478 3604 et
2500 3550 2764 3602 constituit
2782 3567 2939 3619 super
2953 3566 3168 3621 regnum
3189 3558 3429 3619 satrapas
3456 3547 3587 3616 120,

1984 3653 2038 3696 ut
2071 3653 2238 3698 essent
2267 3643 2321 3697 in
2345 3652 2452 3698 toto
2482 3659 2639 3714 regno
2668 3659 2803 3710 suo;
2835 3655 2881 3698 et
2911 3659 3063 3716 super
3086 3643 3344 3714 principes
3371 3652 3497 3710 tres,
3526 3655 3591 3698 ea:

1982 3733 2167 3804 quibus
2207 3732 2400 3788 Daniel
2438 3750 2574 3787 unus
2601 3741 2744 3799 erat;
2771 3733 2838 3789 de
2879 3749 2987 3804 quo
3016 3733 3236 3790 videant
3265 3734 3391 3804 ipsi,
3423 3751 3584 3804 quain

1983 3826 2364 3883 crudelitatem
2387 3827 2437 3882 ei
2465 3827 2786 3898 impingunt,
2809 3835 2868 3882 ut
2891 3843 3108 3897 quoquo
3135 3829 3299 3883 modo
3327 3828 3432 3897 ipsi
3458 3843 3587 3884 vere

1983 3920 2185 3976 dictum
2235 3919 2306 3976 sit
2336 3937 2350 3974 :
2379 3919 2572 3993 Surge,
2605 3925 2812 3974 comede
2849 3937 3029 3976 carnes
3070 3921 3351 3993 plurimas.
3379 3920 3585 3978 Adhmc

1982 4014 2113 4085 quid
2143 4013 2414 4083 significat
2441 4054 2455 4080 ,
2487 4012 2630 4084 quod
2661 4012 2835 4068 bestia
2884 4015 3045 4068 tertia
3092 4013 3298 4069 dicitur
3323 4013 3584 4070 habuisse

1983 4117 2216 4178 quatuor
2247 4105 2423 4176 capita
2451 4145 2466 4170 ,
2490 4115 2544 4162 et
2575 4107 2690 4160 alas
2719 4105 2986 4160 totidem?
3013 4106 3175 4162 Certe
3198 4121 3298 4162 nec
3328 4115 3584 4177 quatuor,

1985 4217 2086 4258 nec
2115 4212 2240 4258 octo
2266 4201 2444 4256 solum
2469 4215 2622 4270 reges
2650 4198 2821 4255 fuisse
2841 4200 2890 4253 in
2921 4200 3236 4256 Graecorum
3263 4197 3585 4256 monarchia

1983 4293 2117 4350 satis
2145 4293 2494 4364 perspicuum
2522 4302 2637 4358 est;
2663 4301 2719 4347 et
2749 4292 3034 4360 imperium
3063 4291 3357 4348 Alexandri
3404 4293 3456 4347 in
3484 4291 3585 4346 tria

1988 4389 2274 4443 dumtaxat
2305 4401 2469 4457 regna
2496 4384 2736 4440 divisum
2771 4384 2888 4439 luit.
2917 4383 3070 4454 Quod
3094 4384 3161 4439 ad
3189 4393 3436 4454 quartam
3461 4399 3586 4454 spe-

1917 4505 1962 4566 D
1989 4489 2099 4537 ctat
2140 4496 2259 4552 qua:
2303 4479 2601 4534 terribilior
2627 4476 2845 4533 caeteris
2892 4477 3247 4546 describitur,
3281 4477 3586 4534 Romanum

1992 4591 2088 4644 per
2115 4589 2235 4630 eam
2267 4572 2555 4644 imperium
2581 4570 2879 4642 significari
2912 4570 3268 4626 contendunt.
3301 4570 3408 4628 Sed
3451 4571 3587 4626 nihil

1990 4669 2270 4724 difficilius
2298 4713 2313 4737 ,
2352 4667 2502 4722 solos
2533 4666 2800 4738 siquidem
2849 4665 3099 4722 undecim
3134 4681 3291 4736 reges
3318 4681 3493 4738 usque
3518 4665 3587 4723 ad

1983 4762 2253 4834 judicium
2302 4759 2550 4815 habitura
2597 4759 2796 4814 dicitur
2828 4758 2916 4813 illa
2957 4777 2968 4812 :
3001 4765 3136 4829 quot
3174 4774 3304 4814 vero
3353 4759 3590 4816 decedes

1990 4854 2356 4911 Romanorum
2391 4854 2780 4923 imperatorum
2809 4851 3060 4906 fuerunt?
3090 4868 3210 4906 nam
3245 4867 3448 4909 cornua
3482 4870 3587 4909 un-

1991 4947 2171 5004 decim
2224 4946 2450 5002 tutidcm
2499 4961 2656 5016 reges
2705 4945 2822 5014 ejus
2868 4944 3048 5015 quarti
3096 4947 3250 5017 regni
3301 4949 3587 5016 denotare,

1993 5039 2219 5111 angelus
2269 5037 2473 5093 Danieli
2526 5039 2805 5108 exposuit.
2855 5037 3084 5109 Insuper
3117 5039 3338 5096 videant
3369 5040 3470 5110 ipsi
3495 5057 3588 5096 ve-

1994 5133 2166 5189 lintne
2208 5131 2388 5188 facere
2433 5131 2824 5188 Antichristunt
2869 5131 3239 5189 Bottianorum
3291 5135 3587 5204 imperato-

1994 5243 2142 5291 rem,
2177 5234 2234 5282 ct
2273 5225 2392 5296 ejus
2419 5223 2754 5280 monarcliiae
2787 5225 3035 5280 ultimum
3067 5242 3247 5298 regem
3271 5268 3287 5294 ,
3333 5226 3586 5297 quoniam

1995 5319 2064 5376 de
2111 5335 2283 5376 cornu
2331 5319 2619 5375 undecimo
2667 5318 2855 5375 bestia:
2894 5329 3107 5392 quartae
3147 5321 3415 5376 asseritur
3444 5319 3588 5390 quod

1999 5416 2208 5471 futui-us
2253 5417 2324 5470 sit
2353 5430 2450 5470 rex
2491 5415 2712 5470 ultimus
2761 5415 2910 5486 regni
2956 5431 3054 5485 per
3091 5415 3218 5469 illud
3251 5413 3540 5484 signiﬁcali
3580 5431 3592 5467 :

291 5496 487 5555 Paucis
516 5501 685 5558 multa
716 5504 1099 5575 perstringam.
1141 5504 1378 5560 Primum
1423 5507 1604 5561 omnia
1632 5506 1724 5561 illa
1755 5522 1890 5578 qua-

294 5601 418 5649 tuor
444 5611 609 5667 regna
640 5615 736 5668 per
759 5599 964 5654 bestias
991 5597 1316 5670 significata,
1349 5615 1456 5655 non
1489 5610 1628 5664 orta,
1659 5600 1754 5657 sed
1783 5599 1894 5655 ori-

298 5695 417 5744 tura
448 5691 820 5760 praedicuntur
847 5693 917 5749 ab
961 5694 1176 5765 angelo.
1212 5691 1310 5749 lla:
1331 5703 1557 5766 quatuor
1584 5693 1756 5748 bestia:
1785 5709 1895 5747 nta-

296 5797 412 5851 gna:
437 5822 457 5852 ,
489 5793 714 5855 quatuor
740 5795 861 5842 sunt
905 5804 1064 5860 regna
1084 5825 1102 5858 ,
1144 5803 1262 5861 qua:
1296 5795 1608 5862 consurgent
1647 5789 1711 5844 de
1735 5797 1894 5844 terra.

2001 5509 2170 5565 Porro
2207 5525 2407 5564 cornua
2443 5508 2617 5564 decem
2644 5509 2808 5577 ipsius
2843 5507 2992 5578 regni
3031 5507 3208 5560 decent
3239 5524 3382 5577 reges
3420 5514 3603 5572 erunt,

1998 5613 2045 5658 et
2076 5603 2212 5658 alius
2241 5611 2512 5675 consurget
2545 5609 2659 5674 post
2691 5617 2793 5665 eos,
2831 5610 2876 5654 et
2907 5601 3017 5670 ipse
3039 5601 3296 5669 potentior
3328 5601 3425 5654 erit
3453 5601 3597 5673 prio-

1999 5697 2165 5763 ribus,
2196 5705 2242 5751 et
2275 5707 2377 5752 tres
2403 5713 2546 5768 reges
2575 5694 2890 5762 humiliabit,
2914 5702 2960 5749 et
2982 5710 3239 5750 sermones
3267 5706 3448 5752 contra
3489 5696 3602 5754 Ex-

2000 5791 2194 5848 celsum
2221 5789 2482 5862 loquetur,
2515 5799 2622 5845 etc.
