3962 6336
509 273 615 331 579

1409 266 1704 325 FLA'VIUS
1744 263 1990 322 LCCIL‘S
2033 259 2317 318 DEXTER
2355 258 2892 320 CHRONOLOGUS.
3665 272 3754 332 διο

583 389 701 446 Non
729 385 952 459 majoris
969 392 1052 442 est
1071 386 1334 442 momenti
1359 384 1503 454 quod
1526 385 1733 438 Annius
1754 381 2110 437 Viterhionsis
2141 382 2187 438 A
2219 376 2400 446 festat,
2423 389 2476 435 et
2501 379 2741 436 nondum
2775 380 2988 436 ﬁnitum
3033 382 3316 439 mundum.
3347 385 3558 458 Insuper
3578 389 3756 459 judicio

513 485 566 538 in
615 481 1009 553 qumstiouibus
1053 495 1217 550 super
1270 477 1653 550 Apocalypsint
1710 486 2110 531 commentatus

514 586 598 630 est
627 592 640 630 :
675 589 848 629 cornu
875 573 1127 628 ultimum
1159 571 1553 626 Macltome'tem
1581 567 2108 639 psetuloprophetant

516 668 809 723 denotasse
837 710 852 734 ,
902 665 1037 720 nihil
1071 663 1272 719 etenim
1299 677 1489 718 eorum
1519 705 1534 730 ,
1579 676 1699 733 quae
1729 660 1798 715 de
1819 675 1988 714 cornu
2018 660 2117 714 illo

514 759 778 815 dicuntur
808 759 860 812 in
913 756 1251 812 Macltomcte
1277 755 1619 815 veriﬁcatur:
1669 767 1771 809 nec
1817 754 1961 809 enim
2014 753 2113 808 fuit

516 853 740 908 ultimus
765 851 911 906 illius
943 859 1150 920 quartae
1181 848 1538 915 monarcltim,
1563 847 1707 919 quod
1731 847 1798 902 de
1824 862 1993 902 cornu
2021 846 2114 902 illo

515 945 736 1012 dicitur,
771 943 864 999 sed
901 944 1228 1014 principium
1260 955 1448 997 novae:
1485 956 1585 997 nec
1613 952 1833 996 secutus
1863 951 1946 995 est
1974 940 2111 994 alios

514 1038 702 1094 decem
733 1051 922 1108 reges,
953 1051 1052 1092 nec
1083 1034 1390 1089 liumiliavit
1423 1042 1534 1090 tres
1564 1034 1812 1102 illorum,
1847 1048 1946 1090 nec
1971 1033 2115 1105 judi-

514 1133 656 1187 cium
690 1131 858 1185 ullum
890 1133 942 1184 in
974 1129 1092 1200 ejus
1121 1138 1301 1184 morte
1330 1129 1533 1184 factum
1566 1127 1797 1198 legimus
1817 1169 1832 1196 ,
1860 1143 1960 1182 nec
1989 1139 2111 1182 cor-

514 1239 612 1296 pus
643 1225 758 1293 ejus
788 1223 912 1294 igne
941 1230 1243 1277 crematum
1287 1232 1394 1277 est.

584 1314 810 1385 Insuper
832 1313 972 1384 quod
1013 1313 1274 1383 judicium
1307 1329 1338 1367 a
1371 1312 1591 1368 Daniele
1623 1312 1727 1368 ltoc
1757 1312 1878 1367 loco
1906 1307 2112 1382 praui-

513 1423 633 1466 squ
666 1451 679 1476 ,
712 1411 780 1464 de
809 1411 1005 1464 ultimo
1033 1411 1199 1463 totius
1223 1408 1449 1463 humani
1478 1410 1701 1479 generis
1740 1410 2050 1477 espouitur,
2079 1422 2109 1460 a

511 1521 647 1562 vero
673 1504 996 1561 deStitutnm
1022 1507 1146 1576 quis
1174 1521 1281 1560 non
1307 1507 1490 1561 videt?
1521 1504 1636 1560 Non
1667 1507 1810 1560 enim
1847 1507 1898 1560 in
1933 1522 1996 1559 eo
2024 1506 2111 1572 ju-

512 1599 618 1655 dex
648 1601 998 1657 consumitur
1020 1599 1274 1656 Christus
1307 1601 1569 1655 Dominus
1596 1645 1609 1669 ,
1641 1602 1787 1672 quod
1832 1603 1883 1655 in
1915 1602 2109 1655 ultimo

516 1694 756 1748 futurum
799 1696 930 1750 ﬁdes
973 1695 1163 1760 docet,
1194 1695 1288 1750 sed
1328 1703 1566 1750 aeternus
1594 1697 1774 1761 Pater,
1808 1695 1981 1764 prima
2025 1695 2108 1746 ni-

2215 478 2459 538 peracto,
2501 481 2557 526 et
2587 473 2764 527 occisa
2797 483 2990 545 quarta
3023 475 3218 543 bestia,
3247 477 3314 533 de
3337 477 3499 534 tribus
3541 482 3648 539 aliis
3687 486 3756 540 di-

2213 567 2373 629 citur,
2400 565 2544 636 quod
2576 581 2837 623 concessa
2867 568 2966 624 fuit
2998 570 3129 640 ipsis
3155 569 3269 626 vita
3299 587 3459 642 usque
3487 576 3547 629 ad
3574 589 3754 634 certum

2215 664 2452 727 tempus,
2477 658 2598 715 sine
2626 669 2897 731 potestate
2932 671 3110 719 tamen
3159 671 3217 719 et
3253 664 3484 720 dominio
3513 685 3524 720 :
3553 667 3758 726 Aliarum

2213 766 2415 822 quoque
2436 753 2717 807 bestiarum
2743 753 2922 809 ablata
2945 768 3021 814 est
3058 766 3300 829 pateslas,
3327 769 3374 812 et
3405 769 3621 831 tempora
3659 766 3761 820 vita!

2214 847 2498 900 constituta
2525 857 2645 902 sunt
2677 849 2749 903 eis
2771 865 2932 921 usque
2970 850 3041 904 ad
3081 861 3280 925 tempus
3324 861 3369 906 et
3398 862 3600 924 tempus.
3616 854 3762 914 Nemo

2214 948 2394 994 autem
2421 940 2645 995 audebit
2701 955 2954 997 asserere
3011 953 3134 1013 post
3182 945 3484 1000 universale
3531 946 3760 1016 judicium

2213 1030 2422 1102 aliquas
2446 1043 2640 1103 gentes
2670 1033 2771 1088 sub
2801 1035 2939 1090 coelo
2982 1033 3037 1090 in
3091 1036 3192 1091 hac
3239 1037 3345 1090 vita
3369 1037 3432 1091 ad
3464 1048 3658 1109 tempus
3683 1051 3761 1096 re-

2218 1123 2556 1194 linquendas.
2579 1124 2707 1181 Sive
2737 1127 2902 1195 igitur
2929 1127 3156 1194 bestias,
3188 1127 3304 1184 sive
3347 1128 3615 1200 judicium,
3663 1131 3763 1188 sive

2216 1233 2439 1291 regnum
2461 1230 2581 1290 post
2609 1223 2783 1291 ipsum
2814 1232 3132 1278 sanctorum
3162 1224 3364 1294 popqu
3385 1224 3558 1279 datum
3585 1223 3766 1296 s'gilla-

2215 1315 2310 1368 tim
2337 1315 2717 1386 applicandum
2745 1316 3120 1387 inspiciamus,
3148 1319 3452 1374 innumeras
3481 1330 3532 1375 et
3576 1320 3768 1389 insupe-

2215 1410 2417 1466 rabiles
2447 1411 2758 1465 communis
2790 1412 3065 1482 expositio
3097 1413 3313 1469 videtur
3360 1415 3469 1482 pati
3509 1413 3769 1468 dilicu'ta-

2214 1513 2294 1556 tcs
2341 1522 2354 1559 :
2396 1505 2445 1557 in
2488 1519 2552 1559 ea
2586 1520 2902 1575 veroquam
2954 1507 3118 1561 modo
3165 1521 3496 1578 exponemus
3528 1549 3542 1572 ,
3579 1512 3771 1560 cessant

2212 1611 2424 1661 omnes,
2451 1597 2587 1651 nihil
2643 1613 2754 1652 non
2812 1600 3051 1653 colu-cret
3097 1600 3319 1664 visioni,
3362 1609 3549 1654 cuncta
3603 1613 3771 1654 consu-

2212 1703 2363 1760 llztttl,
2397 1696 2701 1762 miramque
2728 1694 2780 1748 in
2828 1693 3043 1750 cunctis
3089 1695 3208 1766 ejus
3233 1695 3473 1766 partibus
3499 1707 3772 1750 consonan-

512 1789 711 1842 mirum
745 1790 1106 1843 sanctissima:
1134 1788 1416 1843 Trinitatis
1459 1803 1717 1859 persolua.
1763 1787 1872 1841 Nec
1905 1787 1980 1840 illi
2024 1787 2112 1855 ju-
2141 1771 2189 1831 Β
2219 1787 2344 1841 tiam
2377 1802 2500 1841 cum
2534 1804 2592 1841 re
2625 1789 2922 1858 signiﬁcata
2951 1790 3302 1858 reperiuntur
3333 1789 3544 1844 habere.
3572 1787 3770 1843 Pratter-

514 1881 657 1936 dicio
685 1882 898 1936 siSlilttl'
924 1882 1217 1936 humanum
1250 1898 1454 1952 genus,
1491 1898 1588 1952 pro
1620 1883 1829 1937 meritis
1863 1883 2105 1951 prtcmia,

513 1976 598 2030 vel
622 1989 812 2045 prunas
835 1974 1100 2030 factorum
1130 1985 1499 2044 recepturum,
1519 1977 1571 2030 in
1596 1977 1845 2045 singulis.
1873 1978 1964 2029 sed
1993 1977 2112 2046 ipse

516 2067 735 2122 humani
780 2070 998 2138 generis
1035 2069 1400 2138 Redemptor;
1446 2071 1491 2124 is
1522 2071 1790 2140 siquidem
1834 2071 1980 2125 Patri
2013 2084 2113 2124 suo

513 2162 730 2217 oblatus
777 2164 998 2217 dicitur.
1051 2163 1129 2217 En
1174 2164 1339 2219 verba
1390 2165 1672 2234 propheta:
1717 2181 1732 2219 ι
1784 2165 2112 2232 Aspiciebam

515 2256 680 2308 donec
709 2253 882 2308 throni
932 2256 1081 2322 positi
1121 2266 1279 2322 sunt,
1314 2265 1358 2310 et
1403 2257 1658 2327 Autiquus
1700 2257 1900 2311 dierum
1943 2257 2111 2323 sedit;

516 2349 872 2402 restimentum
902 2349 1014 2419 ejus
1043 2350 1320 2403 candidum
1361 2353 1512 2420 quasi
1553 2352 1665 2410 nix,
1693 2360 1740 2403 et
1779 2353 1957 2423 capilli
1997 2355 2111 2424 ejus

513 2447 662 2515 quasi
687 2443 808 2498 lana
839 2445 1054 2502 munda.
1087 2445 1221 2513 Quae
1249 2459 1379 2501 sane
1409 2447 1598 2500 {literni
1627 2446 1802 2500 Patris
1837 2448 2109 2502 luculenta

514 2546 571 2591 et
614 2535 1024 2606 appositissima
1067 2538 1319 2605 liguratio
1361 2548 1445 2592 est
1479 2555 1491 2590 :
1525 2539 1798 2592 subinl‘ert
1849 2541 2111 2594 assisten-

516 2629 649 2684 tium
691 2645 977 2684 numerum
1012 2647 1024 2684 :
1058 2630 1232 2684 Millia
1263 2632 1482 2686 millium
1525 2634 1891 2686 ministrabant
1930 2635 2016 2703 ei,
2062 2644 2112 2688 et

515 2722 688 2777 deri-es
733 2722 921 2776 millies
953 2733 1167 2776 centena
1212 2725 1377 2778 millia
1422 2726 1732 2780 assistebant
1760 2729 1837 2794 ei;
1868 2729 2010 2799 quod
2042 2728 2111 2782 de

515 2815 775 2885 angelicis
818 2816 1102 2886 spiritibus
1131 2817 1228 2871 Dei
1267 2817 1535 2872 ministris
1573 2819 1777 2874 dictum
1813 2836 1970 2875 nemo
2002 2837 2107 2875 non

519 2911 690 2967 videt.
723 2911 830 2966 Sed
861 2913 984 2980 quis
1009 2911 1221 2980 judicio
1253 2921 1402 2967 tanto
1433 2913 1650 2968 oblatus
1687 2914 1922 2969 dicitur?
1953 2916 2106 2984 Aspi-

510 3003 708 3057 ciebam
732 3003 854 3072 (ait)
887 3012 934 3057 et
957 3020 1070 3058 ecce
1091 3020 1208 3058 cum
1246 3006 1464 3059 nubibus
1513 3006 1627 3059 caeli
1657 3005 1805 3075 quasi
1849 3007 1990 3075 [ilius
2015 3009 2111 3059 lto-

513 3096 666 3148 ntiuis
687 3094 936 3160 veniebat,
969 3105 1017 3148 et
1049 3112 1210 3166 usque
1231 3096 1299 3149 ad
1322 3097 1606 3165 Antiquam
1632 3098 1833 3151 dierum
1856 3101 2104 3169 peruenit.

2216 1898 2373 1951 quam
2400 1884 2540 1952 quod
2571 1883 2680 1952 jam
2707 1897 2826 1952 cap.
2863 1883 2898 1936 Ξ
2929 1883 3141 1938 05teusi
3168 1885 3382 1939 fuerant
3411 1882 3673 1954 prophetat
3692 1895 3771 1936 or-

2217 1987 2300 2028 tus
2335 1985 2388 2030 et
2422 1977 2672 2031 interitus
2702 1989 2936 2046 quatuor
2967 1977 3178 2030 illarum
3225 1976 3650 2032 monarcltiarum
3689 1975 3774 2028 sub

2215 2077 2342 2139 typo
2365 2077 2580 2133 stature,
2637 2083 2664 2123 a
2711 2068 3252 2124 Nabueltodonosore
3281 2070 3434 2134 visa),
3480 2085 3544 2123 ex
3575 2067 3772 2123 totidem

2216 2162 2448 2217 metallis
2477 2163 2745 2218 conlecta:
2777 2181 2790 2216 ε
2821 2163 2966 2217 unde
2997 2163 3295 2218 verisimile
3341 2175 3447 2216 non
3472 2171 3552 2217 est
3603 2162 3774 2216 iterant

2215 2257 2396 2312 denuo
2414 2272 2527 2312 rem
2551 2258 2800 2312 eamdem
2828 2272 2854 2309 a
2884 2256 3110 2311 Daniele
3132 2257 3356 2327 scriptis
3377 2255 3644 2320 traditam,
3660 2267 3777 2324 pra:-

2214 2351 2402 2406 sertim
2425 2351 2549 2420 quia
2589 2365 2700 2406 non
2727 2353 2825 2404 luit
2873 2351 3122 2418 exposita
3155 2351 3224 2405 ab
3246 2351 3446 2421 angelo
3473 2349 3622 2420 quasi
3659 2347 3779 2399 visio

2214 2445 2456 2511 ejusdem
2512 2445 2612 2508 rei,
2664 2443 2759 2498 sed
2809 2457 2963 2498 novae
3015 2453 3072 2498 et
3116 2444 3348 2498 diversae
3394 2454 3600 2513 :qusre
3649 2437 3776 2494 aliud

2213 2539 2490 2609 quidpiam
2515 2539 2581 2592 ab
2609 2553 2672 2593 ea
2691 2553 2832 2592 nunc
2863 2538 3223 2607 signiﬁcatum
3255 2551 3582 2609 qttzeramus.

2216 2671 2242 2745 §
2275 2673 2362 2746 ιν,
2410 2671 2642 2746 Norae!
2676 2683 2857 2746 exacta
2883 2674 3114 2746 ejusdem
3160 2675 3448 2746 praphetiw
3476 2671 3781 2746 expositione

2287 2744 2490 2807 Alanis,
2530 2743 2832 2812 ““andalis,
2869 2745 3072 2809 Suevis,
3123 2743 3381 2800 etGotltis
3431 2748 3479 2797 in
3530 2743 3779 2809 Hispanias

2285 2816 2600 2871 irruentibus
2648 2831 2667 2870 :
2721 2817 2886 2886 deque
2922 2816 3184 2871 catholica
3222 2817 3530 2872 monarcltia
3557 2813 3778 2884 proponi-

2283 2898 2388 2944 tur.

2283 3007 2414 3076 Age,
2440 3007 2548 3073 jam
2579 3020 2916 3075 exponamus
2949 3005 3321 3076 propheticum
3375 3004 3613 3061 Dauielis
3640 3002 3784 3056 visio-

2212 3114 2334 3153 nem
2369 3100 2438 3153 de
2471 3099 2726 3154 Barbaris
2784 3100 2836 3152 in
2895 3099 3205 3169 Hispaniam
3243 3097 3580 3154 irruentibus
3627 3114 3638 3148 :
3671 3106 3780 3149 nam

512 3189 780 3260 Numquid
807 3191 971 3259 judex
1022 3205 1293 3257 sessurus,
1339 3193 1424 3245 cui
1479 3192 1726 3246 homines
1767 3194 1887 3246 sisti
1937 3157 2180 3247 debe-C
2216 3207 2310 3261 per
2333 3191 2431 3245 ltas
2464 3189 2666 3245 bestias
2719 3192 2984 3244 barbaras
3029 3191 3328 3266 signiﬁcari
3390 3191 3634 3245 nationes
3681 3189 3782 3256 ipse

513 3282 671 3338 re'ut?
703 3283 948 3348 minime,
982 3281 1076 3336 sed
1106 3281 1339 3352 ipsemet
1387 3283 1602 3336 oblatus
1636 3294 1718 3337 est
1753 3284 1950 3347 iudici,
1982 3296 2026 3338 et
2055 3286 2108 3340 in

511 3385 787 3446 conspectu
812 3379 932 3448 ejus
960 3374 1260 3429 obtulerunt
1303 3392 1440 3430 eum.
1491 3376 1748 3445 Sequitur
1795 3377 2107 3433 favorabilis

513 3485 612 3541 pro
641 3486 707 3526 eo
736 3471 841 3524 lata
867 3469 1160 3537 sententia,
1194 3469 1260 3524 Et
1304 3470 1445 3524 dedit
1487 3473 1535 3526 ei
1575 3471 1758 3543 (Pater
1785 3469 1986 3543 ludes)
2015 3491 2108 3542 po-

513 3573 766 3628 testatem,
793 3575 840 3618 et
861 3568 1135 3630 honorem,
1159 3574 1203 3618 et
1227 3580 1443 3637 regnum
1467 3581 1485 3619 :
1509 3574 1557 3618 et
1589 3581 1762 3620 omnes
1789 3567 1988 3639 populi,
2015 3568 2107 3620 tri-

510 3658 603 3713 bus
622 3669 667 3713 et
690 3659 880 3730 lingua:
903 3658 1002 3726 ipsi
1033 3659 1254 3712 servient
1280 3673 1298 3712 :
1320 3666 1543 3729 potestas
1566 3662 1678 3732 ejus
1707 3669 1931 3726 potestas
1955 3671 2106 3714 teter-

510 3767 598 3817 tsa,
619 3768 736 3824 quin
764 3769 865 3805 non
893 3751 1176 3819 auferetur,
1201 3759 1250 3805 et
1278 3767 1497 3820 regnum
1518 3755 1630 3824 ejus
1673 3752 1816 3822 quod
1853 3769 1957 3806 non.
1985 3770 2102 3806 ror-

506 3857 795 3916 rumpetur.
835 3848 898 3899 Et
929 3855 1059 3899 tunc
1098 3844 1297 3913 populo
1336 3855 1650 3900 sanctorum
1689 3845 1977 3906 Altissimi,
2007 3860 2104 3900 oc-

508 3940 621 3995 cisa
643 3939 840 4005 bestia,
899 3953 1125 4008 regnum
1179 3937 1362 3991 datum
1420 3946 1524 3993 est.
1577 3937 1680 3994 Ubi
1734 3939 1862 3992 illud
1890 3953 2106 4010 quoque

507 4031 667 4088 valde
694 4031 988 4085 notandum
1009 4039 1114 4096 est,
1150 4031 1295 4100 quod
1323 4032 1373 4083 in
1400 4031 1553 4085 calce
1580 4031 1810 4085 visionis
1837 4047 2105 4103 expresse

509 4125 798 4190 a'sseritur,
859 4132 978 4193 post
1034 4121 1165 4177 illud
1201 4121 1462 4192 judicium
1506 4123 1718 4177 Danieli
1773 4132 2053 4178 ostensum
2086 4167 2101 4192 ,

509 4217 712 4272 multos
761 4217 860 4272 sub
888 4215 1030 4272 cmlo
1072 4215 1450 4270 dominaturos
1511 4229 1690 4286 reges,
1741 4217 1833 4286 qui
1887 4231 2108 4271 monar-

512 4312 650 4367 cbire
677 4310 1193 4380 populisauctornm
1224 4310 1487 4375 servient,
1544 4319 1601 4364 et
1641 4310 1915 4366 obedient.
1950 4311 2105 4368 Unde

509 4420 734 4476 regnum
765 4403 894 4457 illud
942 4417 1037 4458 seu
1083 4402 1398 4457 monarcltia
1444 4403 1635 4457 ultima
1678 4406 1861 4474 pepuli
1889 4416 2107 4463 sancto-

509 4512 653 4564 rum,
684 4497 753 4551 de
779 4510 883 4566 qna
931 4494 1018 4550 ltie
1057 4495 1252 4564 agitur,
1289 4495 1600 4550 nullatenus
1641 4506 1822 4564 potest
1859 4501 2099 4555 coelestia

507 4589 790 4645 beatorum
837 4586 1035 4657 gaudia
1093 4587 1394 4651 denotare;
1465 4590 1903 4661 quandoquidem
1981 4605 2104 4663 post

506 4696 730 4752 regnum
762 4680 1026 4736 ctelorum
1081 4681 1148 4735 ab
1193 4680 1326 4749 ipsis
1380 4683 1739 4752 corporaliter
1796 4695 2098 4755 acceptum,

507 4776 690 4832 nullus
717 4789 999 4830 remanere
1027 4775 1258 4844 populus
1297 4782 1392 4830 aut
1420 4791 1512 4830 rex
1555 4777 1756 4846 poterit
1810 4780 1911 4834 sub
1931 4781 2097 4847 caelo,

506 4880 836 4925 cumtamen
877 4881 1166 4922 mansuros
1217 4869 1418 4923 multos
1471 4877 1526 4923 et
1557 4870 1784 4940 populos
1835 4881 1888 4926 et
1945 4885 2102 4943 reges

503 4963 748 5032 subipso
777 4962 1042 5031 propheta
1075 4961 1412 5028 pronuntiet,
1448 4961 1554 5016 illis
1582 4963 1766 5018 verbis
1820 4983 1832 5018 :
1868 4963 1937 5017 Et
1954 4966 2102 5034 judi-

504 5057 644 5110 cium
673 5053 888 5121 sedebit,
919 5063 976 5107 ut
1003 5054 1272 5122 auferatur
1312 5057 1560 5126 potentia,
1606 5065 1654 5110 et
1693 5065 2006 5126 conteratur,
2049 5067 2096 5114 et

506 5151 767 5217 dispereat
795 5163 956 5220 usque
979 5149 1033 5201 in
1057 5147 1212 5215 ﬁnem
1256 5164 1274 5202 :
1303 5165 1520 5218 regnum
1567 5159 1740 5205 autem
1768 5163 1815 5206 et
1845 5164 2094 5226 potestas,

505 5253 553 5299 et
569 5242 873 5317 magnitudo
899 5241 1067 5313 regni,
1101 5255 1216 5310 qua:
1237 5250 1309 5295 est
1337 5245 1511 5296 subter
1536 5261 1686 5299 omne
1716 5248 1918 5309 coelum.
1946 5248 2098 5303 detur

505 5337 696 5407 papula
718 5343 1012 5390 sanctorum
1058 5332 1333 5401 Altissimi,
1383 5344 1428 5389 et
1475 5352 1648 5392 omnes
1688 5355 1834 5408 reges
1875 5344 2098 5396 servient

503 5429 570 5492 ei,
593 5437 639 5481 et
663 5427 897 5482 obedient
931 5439 1083 5479 :uou
1131 5425 1328 5480 asserit
1387 5441 1549 5496 supra
1600 5430 1842 5501 omium,
1895 5445 1991 5487 seu
2043 5435 2094 5488 in

501 5521 642 5577 caelo
690 5535 911 5589 regnum
959 5517 1091 5571 illttd
1119 5520 1537 5588 continendum,
1585 5522 1681 5576 sed
1722 5525 1897 5580 subter
1950 5544 2100 5584 omne

504 5614 706 5679 mlum,
737 5611 897 5682 eique
917 5623 1110 5664 omnes
1141 5625 1300 5680 reges
1326 5611 1674 5669 obeditu-ros.
1723 5614 1828 5671 Sed
1858 5626 1914 5672 et
1943 5619 2094 5689 illud,

505 5708 764 5774 tlispereat
795 5703 1057 5778 (potentia
1089 5701 1299 5775 bestias)
1332 5720 1494 5775 usque
1524 5706 1594 5760 ad
1621 5708 1807 5778 ﬁnem;
1864 5721 1985 5782 ροει
2007 5713 2098 5784 ju-

505 5796 706 5855 diciqu
739 5797 894 5866 illud,
929 5797 1090 5852 linem
1135 5795 1312 5852 adhuc
1353 5799 1540 5856 mundi
1585 5815 1876 5863 stent-resse
1917 5807 2094 5864 mani-

2128 4549 2186 4611 D

2215 3285 2580 3356 Hieronymus
2615 3285 2898 3339 annotavit
2953 3284 3223 3355 inquiens,
3283 3285 3580 3359 Regnorum
3627 3283 3785 3354 feritas

2211 3389 2364 3449 atque
2391 3378 2675 3432 crudelitas
2704 3380 2986 3433 bestiarum
3006 3381 3212 3434 nomine
3241 3379 3643 3437 demonstratur.
3686 3377 3782 3432 ltu-

2210 3486 2314 3540 que
2336 3488 2480 3525 anno
2507 3473 2718 3525 llnutiui
2739 3472 2865 3537 419,
2899 3488 3005 3528 atra
3037 3473 3177 3528 Ca‘s.
3205 3473 3334 3539 447,
3371 3473 3584 3530 Areadii
3607 3478 3658 3528 ct
3686 3471 3785 3525 llo-

2209 3565 2351 3618 uorii
2386 3565 2518 3630 imp.
2551 3577 2639 3618 an.
2678 3564 2766 3633 lii,
2801 3566 2994 3620 eodem
3029 3566 3274 3621 Honorio
3303 3582 3402 3622 vm
3428 3575 3482 3624 et
3501 3563 3784 3622 Theodosio

2209 3657 2428 3712 Arcadii
2461 3657 2574 3711 ﬁlio
2630 3672 2688 3711 ttt
2739 3672 2910 3725 coss.,
2965 3661 3127 3714 tertio
3175 3661 3296 3716 idus
3345 3662 3621 3726 Octobris,
3669 3657 3785 3712 feria

2208 3753 2337 3807 item
2370 3754 2554 3812 tertia.
2584 3753 2760 3818 Alani,
2801 3752 3053 3808 Waudali
3090 3765 3137 3809 et
3171 3755 3354 3822 Saevi,
3412 3767 3523 3812 tres
3562 3755 3784 3809 barbara:

2209 3850 2480 3908 patiettes,
2521 3845 2807 3912 llispanias
2837 3849 3099 3917 ingressa:
3117 3859 3267 3903 sunt.
3303 3849 3467 3905 Auno
3498 3860 3669 3905 autem
3692 3847 3784 3900 Do-

2208 3939 2336 3991 mini
2368 3937 2494 4004 Mﬁ,
2529 3938 2620 4006 qui
2644 3938 2743 3991 fuit
2774 3953 2898 3993 (erae
2921 3940 3062 3994 Cags.
3086 3941 3212 4006 454,
3252 3941 3475 4012 imperii
3508 3955 3638 3997 vero
3655 3953 3783 4010 prm-

2207 4031 2480 4085 dictorum
2506 4031 2597 4092 2'2,
2615 4031 2774 4085 Gothi
2798 4033 2900 4087 sub
2928 4034 3204 4105 Ataulplto
3227 4051 3358 4106 rege
3381 4036 3598 4093 easdem
3621 4034 3789 4103 Hispa-

2208 4125 2325 4177 nias
2357 4124 2652 4179 intravere.
2707 4125 2874 4180 Iuliis
2905 4141 3098 4184 omnes
3146 4138 3405 4186 auctores
3450 4123 3783 4191 conveniunt.

2208 4229 2262 4274 et
2290 4219 2382 4288 qui
2408 4221 2651 4273 omnium
2685 4220 3032 4275 exactissime
3061 4223 3279 4291 scripsit
3318 4239 3382 4279 ea
3418 4225 3488 4282 de
3536 4239 3597 4281 re
3650 4219 3790 4278 testis

2208 4321 2262 4366 et
2317 4311 2434 4379 ipse
2477 4313 2728 4368 oculatus
2769 4313 2982 4378 ,ldatius
3012 4315 3302 4386 cpiscopus
3348 4315 3716 4380 Lamaceusis,
3761 4328 3787 4365 a

2207 4407 2390 4473 quoin
2417 4404 2501 4459 his
2531 4405 2845 4462 mannducti
2902 4416 2956 4462 et
3011 4409 3239 4464 excitati
3281 4410 3507 4466 luimus.
3563 4411 3791 4480 Quatuor

2210 4513 2339 4570 ergo
2373 4499 2560 4555 bestia:
2584 4500 2652 4555 de
2681 4501 2817 4554 mari
2842 4501 3222 4570 ascendentes,
3250 4516 3489 4572 quatuor
3533 4507 3648 4560 istae
3677 4503 3790 4557 bztr‘

2211 4595 2356 4648 bartc
2379 4593 2633 4647 nationes
2664 4601 2790 4647 sunt
2817 4607 2882 4647 eo
2907 4604 3152 4663 tempore
3180 4598 3229 4650 in
3251 4597 3554 4665 perniciem
3606 4595 3788 4664 llispa-

2210 4687 2421 4741 uiarum
2441 4695 2660 4752 erectae,
2687 4702 2790 4756 quo
2823 4697 2968 4743 tutus
3000 4703 3137 4759 pene
3162 4689 3310 4744 orbis
3332 4693 3487 4760 quasi
3515 4705 3546 4747 e
3574 4699 3790 4760 quatuor

2209 4779 2327 4848 ejus
2350 4780 2583 4850 angulis,
2611 4780 2711 4834 sub
2768 4779 2994 4837 tetidem
3045 4793 3332 4837 ventorum
3389 4793 3519 4856 typo
3570 4782 3793 4854 agitatus

2209 4881 2316 4938 est,
2344 4879 2399 4927 et
2425 4873 2660 4942 undique
2707 4874 2926 4945 tyranni
2973 4875 3178 4930 bellum
3236 4875 3581 4932 i'nsulﬂautes
3615 4883 3788 4929 contra

2209 4966 2510 5022 Romanum
2545 4968 2831 5038 imperium
2859 4970 3260 5036 conspirarent.
3302 4971 3624 5039 Quinimmo
3660 4963 3789 5039 quod

2205 5076 2234 5117 a
2258 5074 2488 5133 quatuor
2513 5064 2691 5118 ventis
2719 5064 2977 5117 excitata:
3006 5063 3285 5131 dicuntur,
3332 5064 3384 5118 in
3424 5077 3492 5119 e‘o
3521 5064 3788 5134 impletum

2207 5157 2273 5212 ad
2303 5158 2543 5212 litteram
2591 5155 2946 5225 conspicitur,
2998 5157 3142 5226 quod
3177 5159 3430 5213 consules
3475 5158 3584 5212 duo
3617 5163 3790 5211 eontra

2208 5249 2430 5304 totidem
2463 5250 2815 5318 imperatores
2848 5248 3180 5305 rebellantes
3219 5251 3518 5320 praedictas
3569 5259 3794 5318 quatuor

2206 5343 2404 5398 bestias
2433 5358 2597 5412 super
2618 5341 2776 5396 Rom.
2807 5341 3096 5414 imperium
3147 5359 3178 5400 e
3230 5345 3617 5400 remotissimis
3645 5339 3794 5398 terris

2205 5435 2544 5490 adduxerunt
2578 5451 2591 5488 :
2625 5435 2892 5505 siquidem
2932 5436 3120 5492 Stilico
3151 5453 3318 5493 comes
3355 5448 3531 5505 spreto
3564 5435 3793 5491 Honorio

2205 5529 2458 5597 principe,
2495 5545 2810 5600 rcqnurtque
2839 5532 2950 5601 ejus
2982 5530 3212 5598 inhians,
3251 5534 3567 5598 Alanorum,
3603 5531 3790 5586 Suevo-

2202 5639 2318 5676 rum
2357 5621 2841 5695 Wandalorumqne
2871 5635 3045 5697 gentes
3071 5626 3222 5681 donis
3250 5627 3585 5699 pecuniis/[ue
3607 5611 3792 5680 illectus

2201 5724 2378 5772 contra
2401 5733 2614 5791 regnum
2645 5714 2866 5771 Honorii
2891 5718 3176 5786 excitavit;
3219 5718 3442 5790 Ruﬁnus
3467 5733 3586 5774 vero
3623 5713 3793 5772 Patri-

2201 5812 2312 5866 cius
2341 5811 2565 5866 Arcadio
2615 5810 2844 5882 principi
2881 5810 3103 5868 insidias
3154 5813 3365 5870 tendens
3393 5811 3665 5868 turritum
3693 5805 3794 5865 Go-
