4062 6340
327 289 438 347 581

804 287 1335 354 ΑΡΡΕΝωΧτ-ικ
1380 288 1825 346 ΡῐὶΟΡΙΙΕΤΙΛΜ
1867 288 1925 343 D.

2037 285 2186 344 ELIS
2231 287 2314 344 DIC
2357 291 2692 358 QliATl.‘OR
2736 295 3168 352 ANIMALIUL‘S.

3535 296 3641 354 582

330 406 543 459 that-unt
595 384 765 478 regem
817 406 1063 478 infestum
1109 394 1356 478 Rripitbl.
1410 407 1548 479 fecit.
1585 407 1764 463 Verba
1813 414 1938 459 sunt
1969 413 2012 465 Α
2047 407 2172 458 eius.
2211 407 2478 463 Habemus
2511 409 2717 465 Alanos
2750 411 2800 466 in
2830 411 2997 466 leaena
3022 413 3134 467 alas
3162 413 3360 483 aquilas
3408 412 3640 469 habente

332 497 639 554 Marcellini
662 500 878 556 comitis
917 501 971 555 in
1025 501 1230 556 Chron.
1263 503 1328 556 ad
1369 517 1544 558 annos
1588 503 1800 556 Domini
1833 503 1940 557 595'

334 600 399 645 et
424 591 548 647 408.
594 592 750 658 Quod
789 609 922 648 vero
971 593 1041 650 de
1064 594 1199 648 mari
1231 596 1577 650 ascenderint
1609 604 1794 663 postea
1856 596 1937 649 sic

333 685 633 754 exponitur
659 686 728 740 ab
756 683 984 757 Angelo,
1015 697 1072 742 nt
1097 703 1246 742 mare
1269 687 1529 742 mundum
1564 687 1740 757 ipsum
1771 686 1940 758 signi-

332 780 488 850 ﬁcet,
521 793 642 836 nam
669 797 791 853 quae
812 783 962 852 prius
983 782 1305 840 dicebantur
1330 783 1398 839 de
1429 784 1564 838 mari
1596 782 1933 848 ascendisse,

328 883 525 945 postea
575 876 643 932 de
692 885 835 932 terra
866 879 1280 934 consurrexisse
1335 879 1611 932 dicuntur.
1645 877 1751 932 Sed
1805 889 1938 931 vero

333 967 499 1024 facile
525 969 691 1025 etiam
715 968 944 1042 intelligi
978 952 1315 1042 possuntere
1339 973 1588 1026 nationes
1641 971 1692 1024 in
1737 967 1935 1038 llispa-

331 1063 482 1118 niam
513 1063 582 1119 de
608 1063 746 1119 mari
774 1065 1091 1121 ascendisse
1138 1081 1236 1137 per
1285 1077 1522 1138 quatuor
1563 1072 1753 1119 ventos
1784 1063 1931 1127 caeli,

326 1169 457 1212 cum
508 1171 644 1226 pene
673 1158 818 1212 omni
875 1173 940 1213 ex
995 1166 1148 1228 parte
1205 1158 1449 1213 maribus
1511 1158 1688 1212 cincta
1737 1157 1844 1210 sit:
1879 1164 1935 1211 et

326 1247 571 1303 sciamus
603 1249 804 1302 Alanos
828 1248 1234 1306 Occidentalem
1263 1251 1476 1319 plagam
1507 1263 1830 1318 occupasse,
1856 1247 1933 1302 ni-

325 1341 531 1396 mirum
562 1341 918 1406 Lusitaniam;
949 1341 1245 1399 Wandalos
1279 1342 1710 1411 Meridionalem,
1741 1340 1792 1395 id
1824 1349 1927 1407 est,

323 1433 611 1490 Baeticam:
643 1435 856 1492 Suevos
888 1435 1412 1506 Septentrionalem,
1447 1436 1705 1491 videlicet
1731 1434 1931 1491 Gallae-

324 1528 471 1582 ciam
502 1537 559 1583 et
587 1529 834 1584 Asturias
863 1547 877 1584 :
911 1530 1226 1601 Gothosque
1277 1532 1344 1586 ab
1379 1530 1642 1587 Orientali
1695 1529 1930 1583 intrasse

321 1620 712 1678 Barcinonem.

404 1713 498 1767 llis
529 1715 738 1770 accedit
769 1709 910 1786 quod
945 1713 1133 1771 nullibi
1188 1717 1432 1787 gentium
1482 1721 1718 1784 quatuor
1769 1713 1926 1767 simul

265 1857 271 1859 Α
324 1803 584 1861 barbarie
610 1809 1114 1864 nationesiutrasse
1149 1807 1634 1878 reperiuntur,nisi
1659 1809 1710 1860 in
1739 1805 1927 1874 Hispa-

320 1895 513 1962 niam;
548 1898 672 1952 licet
702 1899 847 1952 cnim
883 1900 932 1953 in
965 1900 1174 1954 Italiam
1206 1913 1442 1969 quoque,
1493 1907 1546 1951 et
1588 1895 1846 1963 Galliam,
1874 1905 1931 1951 ct

321 1988 678 2045 Gennaniam
707 1991 899 2058 Alani,
931 1991 1178 2048 Wandali
1207 2033 1221 2057 ,
1259 1991 1421 2047 Suevi
1464 2001 1517 2044 et
1548 1989 1710 2044 Gothi
1753 1989 1928 2042 intra-

312 2082 522 2151 verint,
559 2099 664 2137 non
695 2095 875 2139 tamen
906 2086 1007 2141 soli
1029 2086 1232 2140 sictttin
1258 2085 1592 2154 Hispaniam.
1619 2082 1928 2150 Namqsimul

313 2192 446 2232 cum
472 2180 552 2234 cis
579 2180 716 2235 lluni
746 2194 797 2236 et
826 2181 983 2236 Ernli
1007 2183 1350 2236 intraverunt
1379 2188 1433 2235 et
1457 2179 1670 2234 tandem
1718 2178 1929 2248 Longo-

315 2272 516 2329 bardi:
547 2274 635 2344 qui
661 2289 852 2330 omnes
882 2275 948 2329 ab
971 2274 1247 2346 Hispaniis
1295 2274 1701 2328 abstinuerunt.
1750 2271 1931 2339 Quare

317 2372 508 2425 solum
541 2372 592 2425 in
647 2371 936 2440 HiSpanias
959 2382 1194 2444 quatuor
1215 2413 1228 2438 ,
1287 2384 1386 2425 nec
1416 2369 1621 2439 plures,
1650 2381 1754 2422 nec
1799 2383 1930 2436 pan-

315 2466 502 2518 ciorcs
531 2467 788 2535 ingressa:
820 2473 981 2520 sunt:
1017 2475 1071 2521 et
1099 2466 1242 2536 quod
1287 2474 1449 2535 caput
1475 2474 1557 2520 est
1591 2507 1605 2530 ,
1656 2464 1926 2518 universa:

318 2559 628 2628 pl‘OplteliIl‘.
660 2547 1084 2615 circumstantiae
1113 2563 1162 2614 in
1192 2560 1308 2616 sola
1348 2559 1606 2628 Hispania
1639 2557 1927 2611 reriﬁcan-

319 2662 432 2707 tur.
473 2653 527 2708 ltt
565 2656 754 2725 primis
785 2657 922 2712 ordo
954 2656 1250 2712 bestiarum
1275 2698 1289 2723 ,
1323 2656 1501 2711 ordini
1545 2656 1827 2710 nationum
1872 2653 1924 2707 in

319 2745 613 2815 Hispanias
641 2750 964 2805 intrantium
1009 2750 1433 2822 correspondet,
1491 2749 1594 2804 hoc
1651 2747 1920 2819 siquidem

319 2841 517 2896 ordine
546 2843 612 2898 ab
641 2843 815 2900 ldatio
836 2855 890 2900 et
916 2845 1114 2902 Orosio
1144 2847 1514 2900 nominantur.
1552 2843 1756 2900 Idatins
1780 2840 1924 2898 enim

319 2934 420 3001 ait,
454 2935 611 2990 Alani
641 2945 686 2991 et
716 2936 970 2993 Wandali
994 2978 1011 3005 ,
1047 2948 1092 2992 et
1136 2939 1292 2993 Suevi
1338 2936 1627 3006 Hispanias
1664 2936 1922 3008 ingressi,

319 3037 462 3094 etc.,
508 3037 563 3084 et
614 3041 737 3096 post
796 3046 969 3087 annos
1020 3041 1257 3102 septem,
1292 3030 1594 3101 Atanlpbus
1644 3045 1767 3084 cum
1815 3026 1925 3084 Go-

319 3120 434 3175 this
463 3121 838 3180 Barcinoncm.
895 3124 1120 3180 Orosius
1151 3136 1334 3179 autem
1364 3124 1457 3178 lib.
1489 3138 1582 3192 vn,
1622 3137 1742 3190 cap.
1789 3122 1921 3176 ult.:

2049 501 2266 565 [H‘Opl‘le
2298 503 2433 555 satis
2467 503 2752 568 denotari;
2808 505 2904 559 scd
2957 506 3099 560 unde
3143 507 3376 561 celerem
3423 507 3638 560 illorum

2043 591 2388 648 abolitionem
2421 595 2744 650 edncimns?
2761 608 2910 668 qno',
2935 614 3090 669 rOgo,
3115 614 3311 662 annos,
3334 613 3525 654 eorum
3547 613 3646 654 vo-

2041 681 2174 736 lavit
2200 686 2490 754 superbia?
2517 688 2796 743 Decimum
2827 705 2938 744 non
2978 691 3438 758 adimpleverunt,
3483 692 3527 746 si
3575 693 3642 745 li-

2042 771 2138 829 des
2162 776 2335 830 ldatio
2367 777 2612 834 habenda
2637 789 2741 847 est,
2771 783 2859 852 qui
2883 798 3027 836 anno
3070 783 3285 837 Domini
3327 781 3453 848 418,
3487 792 3544 838 et
3569 783 3642 837 24

2041 866 2259 921 Arcadii
2299 881 2352 923 et
2388 871 2635 937 Honorii,
2683 875 2796 928 lucc
2838 875 3025 929 scribit
3057 891 3070 930 :
3107 875 3264 929 Alani
3291 877 3376 945 qui
3404 873 3644 929 Wanda-

2039 958 2103 1013 lis
2123 970 2171 1013 et
2198 961 2386 1016 Suevis
2418 965 2840 1032 potentabnntur,
2861 967 2990 1022 adeo
3021 968 3143 1022 euasi
3162 976 3285 1021 sunt
3306 966 3557 1035 aGothis,
3586 977 3644 1021 ut

2039 1054 2464 1108 eastinctoAtare
2488 1056 2637 1123 (aliis
2659 1059 2842 1131 Ajare)
2866 1075 2984 1130 rege
3002 1060 3254 1128 ipsorum,
3276 1059 3428 1129 pauci
3448 1059 3537 1130 qui
3557 1075 3646 1113 su-

2039 1152 2358 1218 perfuerant.
2392 1151 2585 1203 abolito
2614 1153 2757 1221 regni
2782 1153 3154 1223 nomine(t-cce
3176 1151 3454 1224 quomodo
3477 1166 3642 1207 ever-

2037 1255 2112 1294 ste
2142 1251 2270 1296 sunt
2297 1241 2398 1295 alae
2445 1240 2587 1311 ejus)
2627 1244 2690 1296 de
2729 1243 3011 1298 Gunderici
3042 1246 3179 1316 regis
3232 1243 3635 1311 Wandalorum,

2035 1332 2124 1402 qui
2142 1372 2158 1398 ,
2181 1333 2236 1386 in
2263 1332 2515 1388 Gallwcia
2543 1336 2803 1390 resederat
2828 1377 2844 1403 ,
2879 1338 3168 1409 patrocinio
3193 1355 3245 1390 se
3271 1337 3637 1409 snbjugarent.
3679 1385 3682 1391 .

2034 1425 2151 1481 Jatn
2184 1443 2316 1498 ergo
2346 1429 2394 1482 in
2419 1443 2485 1483 ea
2509 1430 2730 1484 natione
2756 1432 3067 1485 veriticatur
3107 1431 3252 1500 quod
3285 1448 3442 1503 super
3484 1433 3638 1502 pedes

2036 1524 2182 1590 quasi
2201 1520 2355 1574 homo
2387 1524 2548 1586 stetit,
2576 1534 2622 1577 et
2665 1540 2754 1578 cor
2780 1525 3007 1578 hominis
3056 1525 3237 1578 datum
3285 1535 3359 1578 est
3409 1526 3476 1579 ei.
3532 1525 3640 1580 Ex-

2033 1616 2216 1668 Stincti
2246 1631 2374 1670 vero
2396 1625 2520 1669 sunt
2549 1632 2576 1670 a
2606 1615 2784 1671 Walia
2807 1616 3106 1671 Gothorum
3141 1632 3299 1686 rege,
3329 1618 3421 1689 qui
3456 1620 3637 1673 eodem

2034 1727 2173 1763 anno
2208 1709 2288 1782 (ut
2309 1712 2492 1765 verbis
2521 1723 2640 1766 utar
2663 1712 2838 1780 ldatii)
2865 1713 3087 1766 Romani
3111 1713 3335 1766 nominis
3356 1728 3516 1765 cauet:
3545 1713 3630 1765 in-

2034 1813 2114 1858 tra
2169 1804 2454 1872 Hispanias
2522 1811 2685 1860 caedes
2717 1809 2973 1860 ntaxintas
3031 1803 3381 1859 Barbarorum
3431 1805 3630 1876 effecit.

2037 1898 2175 1954 Sunt
2197 1901 2286 1969 qui
2317 1902 2636 1954 existiment
2667 1901 2994 1954 Cathalauos
3038 1901 3218 1955 vacari
3253 1916 3416 1968 nunc,
3473 1897 3634 1971 qusi

2035 1990 2246 2045 Gothos
2307 1991 2530 2059 Alanos,
2585 1993 2730 2062 quod
2786 1991 2938 2046 Alani
2988 1993 3180 2047 Gothis
3227 1993 3459 2062 subjecti
3508 2007 3629 2047 eam

2035 2081 2312 2150 Hispania:
2345 2094 2550 2149 partem
2601 2085 3014 2152 occupaverint,
3063 2093 3117 2139 ct
3163 2086 3382 2154 utrique
3431 2099 3631 2139 nomen

2035 2177 2327 2246 provincize
2355 2177 2629 2232 dederint.
2689 2177 2806 2231 Non
2847 2179 3078 2233 deerunt
3121 2181 3322 2248 quibus
3355 2179 3626 2244 arrideat,

2033 2284 2142 2322 non
2167 2269 2286 2323 sine
2313 2271 2595 2339 mysterio,
2622 2269 2824 2323 Alanos
2849 2286 2946 2340 per
2971 2272 3191 2325 allatam
3221 2271 3448 2326 lcatnam
3470 2271 3624 2342 signi-

2034 2360 2208 2425 ﬁcari,
2236 2373 2289 2413 ut
2323 2363 2542 2416 nomine
2567 2363 2778 2421 bestias.
2806 2377 3004 2416 nomen
3025 2366 3188 2417 etiam
3213 2363 3448 2418 nationis
3471 2365 3628 2434 signi-

2034 2456 2206 2509 flc:tt.-n
2229 2456 2567 2510 iudicaretur
2601 2475 2611 2509 :
2648 2466 2703 2510 et
2733 2457 2873 2511 idem
2900 2456 3081 2510 forsan
3113 2457 3184 2512 de
3223 2459 3394 2527 prima
3449 2458 3626 2512 littera

2032 2549 2290 2603 secundae
2331 2550 2522 2604 bestiae
2549 2558 2605 2604 et
2637 2551 2875 2604 nationis
2909 2552 3083 2604 notari
3132 2551 3293 2605 alicui
3325 2550 3536 2617 libebit,
3573 2551 3625 2606 in

2032 2656 2158 2697 urso
2205 2641 2458 2697 videlicet
2489 2641 2784 2697 Wandalos
2810 2640 3176 2713 signiﬁcatos;
3236 2643 3330 2700 sed
3364 2644 3643 2700 solidiora~

2032 2751 2447 2805 prosequamur.
3214 2789 3215 2792 η

2105 2829 2348 2883 Secunda
2371 2828 2551 2890 bestia,
2577 2828 2846 2883 Wandali.
2904 2860 2976 2871 -—-
3019 2831 3143 2885 Tria
3174 2847 3389 2903 quoque
3429 2833 3623 2888 de‘se—

2031 2923 2208 2977 cnnda
2239 2923 2408 2977 bestia
2439 2922 2718 2989 dicuntur,
2773 2939 2892 2994 quae
2934 2923 3216 2979 Wandalis
3258 2926 3325 2980 ad
3377 2942 3617 2996 unguem

2030 3016 2362 3071 conveniunt
2388 3032 2400 3068 :
2437 3016 2496 3070 ιο
2527 3015 2669 3085 quod
2695 3025 2803 3069 erat
2826 3015 3014 3070 similis
3045 3033 3206 3082 urso;
3254 3019 3305 3071 in
3358 3033 3467 3088 quo
3495 3033 3619 3073 cum

2030 3109 2228 3164 duritia
2260 3119 2310 3164 et
2340 3109 2626 3163 ferocitate
2665 3111 2972 3178 part-iorem
3020 3112 3221 3166 victum
3277 3121 3469 3167 notant
3516 3113 3620 3167 Da-

323 3215 590 3284 Qttamris,
616 3218 808 3287 inquit,
832 3218 1119 3273 Alanorum
1148 3258 1162 3284 ,
1199 3216 1583 3273 Wandalorum
1612 3215 1926 3271 Suevornm-
1954 3203 1998 3277 C
2034 3202 2190 3257 ηῖοιίε
2215 3201 2562 3271 ῑιιιονρτθιεε;
2593 3201 2657 3255 2ο
2685 3203 2826 3270 ‘l‘l0d
2887 3212 2988 3258 “‘3‘
3027 3205 3234 3257 ονίίὶηθδ
3265 3213 3410 3258 erat”
3445 3205 3502 3258 δη
3532 3221 3624 3259 ονε

317 3326 418 3380 que
447 3328 588 3381 rcges
612 3314 787 3366 eodeni
831 3314 1096 3369 nobiscum
1127 3314 1320 3384 placito
1347 3311 1550 3384 departi
1580 3311 1767 3380 forent,
1812 3317 1920 3365 ctc.

319 3400 504 3458 Prima
522 3405 745 3474 proinde
765 3407 941 3462 bestia
971 3407 1193 3475 Alanos,
1211 3405 1451 3461 secunda
1475 3403 1795 3467 Wandalos,
1812 3413 1923 3457 ter-

320 3495 395 3550 tia
416 3497 650 3567 Suevos,
677 3510 873 3572 quarta
897 3500 1106 3557 Gothos
1119 3500 1388 3571 signiﬁcat
1407 3517 1418 3553 :
1438 3509 1490 3554 et
1515 3496 1917 3569 propriissimc;

318 3592 748 3664 nnittscujusque
796 3595 994 3650 etenim
1026 3594 1238 3665 propria
1273 3594 1425 3663 signa
1450 3589 1784 3644 describunt.

396 3683 581 3740 Prima
629 3687 808 3754 bestia,
859 3688 1033 3742 Alani.
1090 3715 1162 3727 -—
1191 3685 1317 3740 Tria
1370 3699 1502 3738 sane
1543 3681 1712 3737 bestia
1747 3680 1922 3750 prima

319 3778 581 3836 habuisse
607 3779 843 3836 dicitur:
879 3782 938 3836 1°
970 3779 1110 3848 quod
1136 3788 1248 3833 erat
1272 3777 1421 3846 quasi
1451 3775 1636 3842 leaena,
1665 3773 1920 3827 nimirum

323 3881 647 3927 cmterarum
675 3888 734 3930 se
761 3875 1050 3946 reputabat
1077 3871 1355 3942 reginam;
1391 3883 1515 3922 nam
1569 3867 1657 3920 leo
1704 3866 1755 3919 itt
1807 3864 1924 3918 ani-

324 3965 557 4021 malibtts
587 3965 873 4036 imperium
895 3966 1077 4030 habet;
1094 3964 1158 4018 2°
1174 3962 1316 4034 quod
1348 3961 1458 4014 alas
1477 3957 1691 4013 habebat
1709 3956 1922 4027 aquilte,

325 4057 429 4114 hoc
459 4067 563 4126 est,
595 4075 778 4132 regem
815 4059 1140 4132 superbum;
1193 4071 1320 4114 nam
1367 4055 1551 4124 aquila
1602 4053 1745 4124 rcgis
1777 4049 1923 4106 indi-

325 4153 468 4207 cium
500 4161 605 4221 est,
639 4163 694 4210 et
723 4153 1180 4224 quemadmodum
1239 4153 1290 4206 in
1342 4149 1601 4205 cornibus
1632 4157 1687 4201 et
1729 4143 1922 4215 capiti-

330 4243 432 4298 bns
464 4245 784 4312 bestiarum,
816 4245 887 4300 ita
921 4255 978 4301 et
1007 4246 1060 4300 in
1105 4245 1206 4298 alis
1255 4253 1416 4312 reges
1455 4239 1784 4293 denotamur
1814 4253 1824 4288 :
1870 4242 1926 4289 et

323 4337 661 4405 generaliter
689 4353 716 4391 a
744 4339 980 4408 puritate
1010 4338 1256 4401 rationis,
1289 4331 1557 4406 quidquid
1595 4329 1798 4386 habere
1841 4328 1929 4383 di-

325 4441 528 4486 cuntur
557 4446 723 4502 super
743 4447 802 4488 se
831 4447 992 4504 reges
1016 4439 1168 4498 sunt;
1196 4434 1259 4489 3°
1287 4429 1433 4502 quod
1454 4428 1699 4483 breviter
1739 4425 1926 4495 deplu-

325 4535 471 4580 mata
517 4537 622 4589 est.
673 4539 726 4583 et
777 4527 1012 4597 dignitas
1063 4526 1212 4595 regia
1275 4525 1344 4580 ab
1397 4537 1463 4579 ea
1523 4522 1624 4576 fuit
1682 4521 1861 4575 ablata
1910 4535 1924 4573 :

2027 3300 2140 3369 ejus
2166 3305 2214 3350 et
2238 3296 2474 3350 dentibus
2501 3298 2638 3366 ejus.
2664 3295 2926 3350 Nimirum
2977 3297 3230 3366 quon-iam
3271 3297 3325 3351 in
3357 3308 3465 3353 tres
3492 3312 3620 3364 par-

2029 3401 2109 3446 tes
2140 3406 2366 3460 regnnm
2398 3390 2529 3444 illttd
2555 3398 2676 3444 erat
2700 3389 3075 3456 dividendum,
3125 3401 3179 3446 et
3234 3393 3435 3462 ubique
3461 3392 3615 3450 fero-

2027 3483 2165 3538 ciam
2199 3483 2589 3547 exerciturum;
2614 3485 2675 3538 ὅθ
2713 3481 2952 3554 denique
2972 3483 3114 3555 quod
3147 3483 3194 3541 ei
3229 3486 3329 3540 soli
3360 3487 3498 3541 inter
3513 3499 3622 3542 cm-

2028 3585 2175 3632 teras
2208 3577 2408 3630 beStias
2431 3578 2636 3631 dictum
2670 3576 2789 3642 fuit,
2825 3577 3016 3646 Surge,
3046 3581 3252 3632 comede
3292 3597 3471 3634 carnes
3500 3581 3620 3650 plu-

2027 3670 2208 3724 rimas.
2242 3669 2308 3724 Et
2333 3678 2480 3724 recte
2513 3669 2611 3723 tria
2643 3669 2760 3726 lucc
2783 3669 2852 3725 de
2881 3670 3166 3726 Wandalis
3196 3673 3618 3745 dicuntur,quo-

2027 3777 2146 3817 rum
2176 3763 2494 3830 parcitatem
2527 3763 2724 3825 victus,
2760 3765 2870 3816 ursi
2905 3765 3154 3834 symbolo
3179 3765 3493 3821 denotatam
3521 3807 3536 3835 ,
3565 3777 3622 3823 et

2028 3855 2428 3920 castimoniam,
2482 3870 2602 3923 qum
2658 3853 2783 3909 inde
2822 3857 3219 3924 consequi-tur,
3273 3873 3622 3925 summopere

2028 3947 2212 4002 laudat
2237 3947 2526 4003 Salvianus
2555 3948 2918 4004 Massiliensis
2972 3950 3065 4006 lib.
3101 3969 3174 4007 vn
3204 3952 3274 4009 de
3322 3954 3620 4011 Providen-

2031 4038 2122 4091 tia.
2151 4039 2204 4092 ln
2229 4038 2344 4110 ejus
2377 4049 2557 4092 autem
2593 4053 2688 4094 ore
2732 4047 2844 4093 tres
2893 4039 3114 4097 ordines
3164 4042 3409 4099 dentium
3455 4044 3622 4102 fuisse

2030 4131 2304 4194 dicuntur,
2325 4133 2449 4200 quia
2478 4145 2598 4185 cuin
2625 4135 2726 4185 una
2755 4132 2960 4201 qumvis
2985 4145 3304 4191 ett-terarum
3338 4139 3618 4194 nationum

2029 4241 2057 4281 a
2089 4239 2148 4280 se
2175 4225 2404 4280 invicem
2458 4241 2754 4296 numquam
2801 4227 3150 4294 discesserit;
3207 4229 3458 4286 Wandali
3506 4241 3622 4288 tres

2031 4321 2275 4374 diversas
2301 4319 2609 4388 provincias
2638 4331 2969 4390 occuparunt
2993 4337 3009 4387 ;
3053 4332 3110 4377 et
3144 4324 3378 4392 primum
3399 4325 3620 4394 quidem

2031 4412 2418 4470 Wandalorum
2455 4413 2704 4468 nonnulli
2741 4414 2807 4467 ad
2830 4412 3145 4470 Gallacciam
3205 4431 3370 4487 prope
3415 4418 3627 4476 Suevos

2033 4509 2474 4573 scdestixerunt,
2505 4507 2600 4561 alii
2626 4522 2758 4562 vero
2784 4511 3110 4575 cognomine
3153 4509 3346 4581 Silingi
3371 4509 3438 4564 ad
3466 4511 3629 4566 Bani-

322 4619 652 4689 Aspiciebam
676 4621 835 4674 donec
859 4620 1048 4675 evulsa:
1069 4629 1190 4673 sunt
1216 4619 1319 4673 ala:
1355 4621 1490 4686 eius,
1543 4624 1590 4670 et
1620 4615 1825 4669 sublata
1852 4622 1927 4668 est

2035 4616 2153 4657 cam
2184 4601 2567 4666 declinarunt;
2604 4611 2658 4656 et
2685 4601 2906 4656 tandem
2941 4601 3200 4658 fortiores
3229 4604 3470 4675 ipsorum
3493 4605 3631 4661 Afri-

323 4712 390 4766 de
414 4722 571 4780 terra,
596 4724 643 4766 et
666 4727 824 4782 super
856 4715 1008 4782 pedes
1034 4713 1185 4783 quasi
1208 4710 1361 4764 homo
1385 4710 1521 4764 stetit
1546 4725 1564 4763 :
1595 4707 1928 4762 videlicetul

323 4805 448 4861 aliis
484 4808 791 4872 assisterct,
817 4807 1136 4863 servitutem
1167 4806 1448 4875 amplexa;
1495 4819 1616 4873 ane
1643 4805 1788 4857 cnim
1839 4819 1929 4857 stt-

323 4897 648 4966 perbissima
675 4899 915 4954 omnium
945 4898 1053 4953 alta
1083 4896 1153 4953 de
1177 4913 1236 4952 se
1264 4894 1658 4966 praesumebat,
1699 4901 1756 4949 et
1801 4893 1928 4948 ferae

325 4987 581 5046 induerat
608 4991 898 5058 suavitiam,
927 5001 1215 5045 mansueta
1239 4996 1294 5044 et
1317 4986 1623 5041 tractabilis
1650 4985 1788 5039 facta
1821 4995 1926 5039 est.

325 5081 398 5136 Et
418 5083 522 5139 hoc
552 5084 802 5155 estquod
831 5084 1053 5151 dicitur,
1099 5093 1144 5137 et
1177 5097 1266 5138 eor
1290 5081 1514 5136 hominis
1538 5078 1719 5133 datum
1743 5087 1818 5132 est
1840 5077 1888 5131 ei
1912 5091 1931 5131 :

328 5175 534 5231 Alanos
563 5177 711 5230 omni
744 5176 906 5232 modo
928 5176 1016 5232 hic
1041 5185 1198 5247 typus
1229 5173 1536 5230 adumbrat.
1569 5170 1933 5227 Potentabau-

328 5275 418 5323 tur
463 5267 748 5324 Wandalis
786 5279 840 5325 et
888 5268 1118 5333 Suevis;
1159 5267 1373 5323 'GOthos
1414 5263 1806 5333 despiciebant.
1867 5264 1934 5318 Et

325 5363 550 5434 quando
577 5361 828 5418 Wanda—li
855 5363 1015 5417 simul
1043 5371 1098 5416 et
1121 5358 1613 5417 SueviGallaeciam
1643 5357 1815 5412 solam
1839 5370 1934 5412 oc-

325 5465 617 5526 cuparunt,
651 5456 806 5512 Alani
835 5457 1076 5525 potiores
1115 5456 1392 5524 Hispania:
1424 5452 1733 5524 provincias
1765 5466 1928 5507 acce-

328 5559 547 5616 perunt,
606 5548 1089 5620 Garthaginensem
1144 5548 1358 5602 scilicet
1433 5555 1488 5602 et
1541 5545 1933 5600 Lusitaniam:

328 5639 632 5695 Galla'cfatn
664 5641 916 5696 Wandali
957 5649 1229 5713 occupant,
1283 5649 1329 5694 et
1380 5638 1536 5694 Saevi
1590 5639 1690 5708 (ait
1738 5637 1937 5692 Matius

329 5745 476 5785 anno
516 5732 730 5786 homini
761 5731 890 5804 Ml)
913 5734 1063 5786 sitam
1085 5734 1138 5786 in
1168 5731 1496 5786 extremitate
1530 5730 1724 5784 Oceani
1773 5730 1935 5782 maris

333 5824 550 5880 occidua
571 5843 590 5892 ,'
614 5823 770 5881 Alani
799 5824 1127 5881 Lusitaniam
1156 5835 1204 5879 et
1233 5822 1699 5895 Carthaginiensem
1724 5821 1935 5892 provisi.

2035 4711 2153 4752 eam
2186 4705 2471 4768 ceperunt,
2504 4705 2556 4751 et
2579 4695 2952 4751 devastarunt.
2983 4695 3058 4751 Ita
3099 4712 3233 4754 sane
3279 4715 3349 4754 ex
3405 4699 3629 4768 Oresio,

2035 4787 2261 4844 fsodoro
2289 4797 2343 4842 et
2371 4786 2544 4842 ldatio
2564 4787 2791 4843 credere
2811 4787 3127 4856 cducemur,
3163 4791 3323 4860 hujus
3353 4791 3631 4863 siquidem

2038 4885 2222 4953 (quem
2255 4882 2362 4936 duo
2383 4883 2473 4936 alii
2504 4881 2833 4953 sequuntur)
2861 4883 3022 4937 verba
3069 4894 3217 4938 sunt.
3259 4887 3400 4940 Ann.
3431 4885 3496 4940 l7
3528 4886 3607 4941 Ar

2039 4976 2176 5032 cadii
2211 4985 2264 5030 et
2296 4975 2514 5030 llonorii
2552 4993 2564 5028 :
2597 4973 2901 5030 Gallteciam
2961 4975 3214 5031 Wandoli
3267 4985 3542 5048 occupant,
3587 4988 3638 5033 et

2040 5072 2198 5127 Saevi
2227 5070 2382 5125 Alani
2406 5070 2730 5125 Lusitaniam
2757 5079 2802 5124 et
2829 5069 3285 5143 Carthaginensem
3309 5075 3638 5144 provincias;

2035 5174 2084 5220 et
2118 5163 2371 5222 Wandali
2392 5165 2699 5237 cognomine
2736 5164 2928 5236 Silingi
2971 5165 3220 5220 Baeticam
3262 5169 3569 5234 sortiuntur,
3601 5181 3634 5222 θ

2039 5260 2232 5329 quibus
2256 5257 2609 5315 Wandalttsia
2631 5261 2980 5328 postmodum
3013 5261 3276 5331 appellari
3303 5262 3485 5332 coepit.
3517 5264 3635 5320 An-

2041 5368 2113 5408 no
2142 5351 2342 5408 deinde
2393 5352 2426 5406 5
2477 5350 2776 5417 Theodosii,
2835 5351 3145 5408 Gensericns
3181 5372 3278 5411 rex
3325 5356 3389 5410 de
3428 5354 3638 5412 Bretij

2041 5449 2322 5519 provinciae
2367 5447 2539 5501 littore
2577 5464 2695 5501 cum
2731 5447 3011 5503 Wandalis
3055 5451 3317 5516 omnibus,
3363 5465 3638 5522 eorumqt'e

2044 5541 2281 5613 familiis,
2315 5557 2484 5596 mense
2513 5541 2656 5595 Maio
2687 5541 2756 5595 ad
2782 5540 3184 5610 Mauritaniam,
3227 5553 3274 5600 et
3298 5545 3528 5614 Africam
3557 5561 3640 5600 re-

2045 5635 2180 5688 lictis
2207 5635 2410 5688 transiit
2440 5632 2962 5704 Hispaniis.Ul)iqtte
3008 5645 3187 5690 tamen
3239 5637 3434 5691 dentes
3481 5652 3633 5703 suos,

2046 5725 2098 5780 id
2148 5737 2253 5788 est,
2305 5725 2577 5779 feritatem
2633 5725 2684 5779 in
2742 5739 2932 5779 servos
2980 5722 3182 5780 Christi
3247 5739 3637 5796 exercuerunt,

2043 5828 2240 5873 cuncta
2271 5830 2460 5872 eorum
2491 5816 2630 5874 bona
2663 5816 3061 5888 deprwdantes,
3085 5831 3150 5875 ac
3182 5821 3410 5878 miseros
3441 5822 3641 5878 misere
