  <div class='ocr_page' id='page_1' title='image "/cluster/home/n/w/nwhite01/storage/ocr_20150623/31/hvd.32044015471444/297.png"; bbox 0 0 3962 6336; ppageno 0'>
   <div class='ocr_carea' id='block_1_1' title="bbox 383 283 490 340">
    <p class='ocr_par' dir='ltr' id='par_1_1' title="bbox 383 283 490 340">
     <span class='ocr_line' id='line_1_1' title="bbox 383 283 490 340; baseline -0.019 0"><span class='ocrx_word' id='word_1_1' title='bbox 383 283 490 340; x_wconf 75' lang='lat'><strong>583</strong></span> 
     </span>
    </p>
   </div>
   <div class='ocr_carea' id='block_1_2' title="bbox 1294 272 2763 337">
    <p class='ocr_par' dir='ltr' id='par_1_2' title="bbox 1294 272 2763 337">
     <span class='ocr_line' id='line_1_2' title="bbox 1294 272 2763 337; baseline -0.001 -3"><span class='ocrx_word' id='word_1_2' title='bbox 1294 277 1589 337; x_wconf 73' lang='lat' dir='ltr'><strong>FLAVIUS</strong></span> <span class='ocrx_word' id='word_1_3' title='bbox 1627 274 1874 335; x_wconf 87' lang='lat' dir='ltr'><strong>LUClUS</strong></span> <span class='ocrx_word' id='word_1_4' title='bbox 1912 272 2196 333; x_wconf 80' lang='lat' dir='ltr'><strong>DEXTER</strong></span> <span class='ocrx_word' id='word_1_5' title='bbox 2234 275 2763 335; x_wconf 79' lang='lat' dir='ltr'><strong>CliBONOLOGUS.</strong></span> 
     </span>
    </p>
   </div>
   <div class='ocr_carea' id='block_1_3' title="bbox 3557 273 3693 335">
    <p class='ocr_par' dir='ltr' id='par_1_3' title="bbox 3557 273 3693 335">
     <span class='ocr_line' id='line_1_3' title="bbox 3557 273 3693 335; baseline -0.029 1"><span class='ocrx_word' id='word_1_6' title='bbox 3557 273 3693 335; x_wconf 55' lang='lat'><strong>&#39;58}</strong></span> 
     </span>
    </p>
   </div>
   <div class='ocr_carea' id='block_1_4' title="bbox 382 394 3695 472">
    <p class='ocr_par' dir='ltr' id='par_1_4' title="bbox 382 394 3695 472">
     <span class='ocr_line' id='line_1_4' title="bbox 382 394 3695 472; baseline -0.002 -17"><span class='ocrx_word' id='word_1_7' title='bbox 382 398 743 469; x_wconf 79' lang='lat' dir='ltr'><strong>trucidantes.</strong></span> <span class='ocrx_word' id='word_1_8' title='bbox 771 398 996 472; x_wconf 88' lang='lat' dir='ltr'><strong>Egimus</strong></span> <span class='ocrx_word' id='word_1_9' title='bbox 1020 398 1074 454; x_wconf 92' lang='lat' dir='ltr'><strong>in</strong></span> <span class='ocrx_word' id='word_1_10' title='bbox 1109 398 1485 469; x_wconf 90' lang='lat' dir='ltr'><strong>superioribus</strong></span> <span class='ocrx_word' id='word_1_11' title='bbox 1511 397 1578 453; x_wconf 90' lang='lat' dir='ltr'><strong>de</strong></span> <span class='ocrx_word' id='word_1_12' title='bbox 1607 397 1665 452; x_wconf 88' lang='lat' dir='ltr'><strong>S.</strong></span> <span class='ocrx_word' id='word_1_13' title='bbox 1692 394 1977 451; x_wconf 64' lang='lat' dir='ltr'><strong>Vincentia</strong></span> <span class='ocrx_word' id='word_1_14' title='bbox 2007 394 2059 455; x_wconf 85' lang='lat' dir='ltr'><strong>A</strong></span> <span class='ocrx_word' id='word_1_15' title='bbox 2089 396 2396 464; x_wconf 88' lang='lat' dir='ltr'><strong>Decembri,</strong></span> <span class='ocrx_word' id='word_1_16' title='bbox 2430 412 2459 452; x_wconf 91' lang='lat' dir='ltr'><strong>a</strong></span> <span class='ocrx_word' id='word_1_17' title='bbox 2484 396 2821 453; x_wconf 88' lang='lat' dir='ltr'><strong>Theoderico</strong></span> <span class='ocrx_word' id='word_1_18' title='bbox 2851 395 3157 453; x_wconf 87' lang='lat' dir='ltr'><strong>Gothorum</strong></span> <span class='ocrx_word' id='word_1_19' title='bbox 3182 411 3328 468; x_wconf 83' lang='lat' dir='ltr'><strong>rege.</strong></span> <span class='ocrx_word' id='word_1_20' title='bbox 3351 396 3442 453; x_wconf 84' lang='lat' dir='ltr'><strong>iV.</strong></span> <span class='ocrx_word' id='word_1_21' title='bbox 3468 395 3695 454; x_wconf 72' lang='lat' dir='ltr'><strong>Riecia-</strong></span> 
     </span>
    </p>
   </div>
   <div class='ocr_carea' id='block_1_5' title="bbox 381 492 1975 566">
    <p class='ocr_par' dir='ltr' id='par_1_5' title="bbox 381 492 1975 566">
     <span class='ocr_line' id='line_1_5' title="bbox 381 492 1975 566; baseline -0.004 -15"><span class='ocrx_word' id='word_1_22' title='bbox 381 493 665 551; x_wconf 90' lang='lat' dir='ltr'><strong>Cauriensi</strong></span> <span class='ocrx_word' id='word_1_23' title='bbox 697 495 749 550; x_wconf 92' lang='lat' dir='ltr'><strong>in</strong></span> <span class='ocrx_word' id='word_1_24' title='bbox 781 495 982 552; x_wconf 67' lang='lat' dir='ltr'><strong>Baetica</strong></span> <span class='ocrx_word' id='word_1_25' title='bbox 1013 511 1042 549; x_wconf 91' lang='lat' dir='ltr'><strong>a</strong></span> <span class='ocrx_word' id='word_1_26' title='bbox 1075 494 1358 550; x_wconf 88' lang='lat' dir='ltr'><strong>Wandalis</strong></span> <span class='ocrx_word' id='word_1_27' title='bbox 1382 492 1646 566; x_wconf 73' lang='lat' dir='ltr'><strong>martyrio</strong></span> <span class='ocrx_word' id='word_1_28' title='bbox 1675 498 1975 553; x_wconf 89' lang='lat' dir='ltr'><strong>coronata;</strong></span> 
     </span>
    </p>
   </div>
   <div class='ocr_carea' id='block_1_6' title="bbox 382 585 1979 662">
    <p class='ocr_par' dir='ltr' id='par_1_6' title="bbox 382 585 1979 662">
     <span class='ocr_line' id='line_1_6' title="bbox 382 585 1979 662; baseline -0.003 -18"><span class='ocrx_word' id='word_1_29' title='bbox 382 589 558 660; x_wconf 86' lang='lat' dir='ltr'><strong>deque</strong></span> <span class='ocrx_word' id='word_1_30' title='bbox 587 589 690 648; x_wconf 86' lang='lat' dir='ltr'><strong>SS.</strong></span> <span class='ocrx_word' id='word_1_31' title='bbox 725 590 1052 662; x_wconf 76' lang='lat' dir='ltr'><strong>martyribus</strong></span> <span class='ocrx_word' id='word_1_32' title='bbox 1078 587 1333 654; x_wconf 86' lang='lat' dir='ltr'><strong>Arcadio,</strong></span> <span class='ocrx_word' id='word_1_33' title='bbox 1373 599 1428 644; x_wconf 89' lang='lat' dir='ltr'><strong>et</strong></span> <span class='ocrx_word' id='word_1_34' title='bbox 1452 586 1618 642; x_wconf 84' lang='lat' dir='ltr'><strong>sociis</strong></span> <span class='ocrx_word' id='word_1_35' title='bbox 1659 585 1727 640; x_wconf 89' lang='lat' dir='ltr'><strong>ab</strong></span> <span class='ocrx_word' id='word_1_36' title='bbox 1770 585 1979 641; x_wconf 89' lang='lat' dir='ltr'><strong>eisdem</strong></span> 
     </span>
    </p>
   </div>
   <div class='ocr_carea' id='block_1_7' title="bbox 385 680 1983 753">
    <p class='ocr_par' dir='ltr' id='par_1_7' title="bbox 385 680 1983 753">
     <span class='ocr_line' id='line_1_7' title="bbox 385 680 1983 753; baseline -0.003 -15"><span class='ocrx_word' id='word_1_37' title='bbox 385 683 602 738; x_wconf 90' lang='lat' dir='ltr'><strong>occisis.</strong></span> <span class='ocrx_word' id='word_1_38' title='bbox 637 683 715 739; x_wconf 90' lang='lat' dir='ltr'><strong>De</strong></span> <span class='ocrx_word' id='word_1_39' title='bbox 743 683 826 739; x_wconf 89' lang='lat' dir='ltr'><strong>his</strong></span> <span class='ocrx_word' id='word_1_40' title='bbox 854 699 986 738; x_wconf 90' lang='lat' dir='ltr'><strong>vero</strong></span> <span class='ocrx_word' id='word_1_41' title='bbox 1015 698 1152 753; x_wconf 92' lang='lat' dir='ltr'><strong>quos</strong></span> <span class='ocrx_word' id='word_1_42' title='bbox 1172 683 1443 744; x_wconf 69' lang='lat' dir='ltr'><strong>Bracaraa,</strong></span> <span class='ocrx_word' id='word_1_43' title='bbox 1478 680 1748 736; x_wconf 61' lang='lat' dir='ltr'><strong>Callaecia:</strong></span> <span class='ocrx_word' id='word_1_44' title='bbox 1779 688 1983 734; x_wconf 85' lang='lat' dir='ltr'><strong>metro-</strong></span> 
     </span>
    </p>
   </div>
   <div class='ocr_carea' id='block_1_8' title="bbox 2085 488 3693 546">
    <p class='ocr_par' dir='ltr' id='par_1_8' title="bbox 2085 488 3693 546">
     <span class='ocr_line' id='line_1_8' title="bbox 2085 488 3693 546; baseline 0.002 -3"><span class='ocrx_word' id='word_1_45' title='bbox 2085 490 2167 544; x_wconf 89' lang='lat' dir='ltr'><strong>rio</strong></span> <span class='ocrx_word' id='word_1_46' title='bbox 2209 490 2330 546; x_wconf 92' lang='lat' dir='ltr'><strong>sine</strong></span> <span class='ocrx_word' id='word_1_47' title='bbox 2373 504 2696 546; x_wconf 87' lang='lat' dir='ltr'><strong>successore</strong></span> <span class='ocrx_word' id='word_1_48' title='bbox 2742 499 2956 544; x_wconf 89' lang='lat' dir='ltr'><strong>mortuo</strong></span> <span class='ocrx_word' id='word_1_49' title='bbox 3007 489 3220 546; x_wconf 87' lang='lat' dir='ltr'><strong>electus</strong></span> <span class='ocrx_word' id='word_1_50' title='bbox 3257 489 3355 544; x_wconf 91' lang='lat' dir='ltr'><strong>l&#39;uit</strong></span> <span class='ocrx_word' id='word_1_51' title='bbox 3407 505 3437 544; x_wconf 91' lang='lat' dir='ltr'><strong>a</strong></span> <span class='ocrx_word' id='word_1_52' title='bbox 3486 488 3693 546; x_wconf 84' lang='lat' dir='ltr'><strong>Sucvis</strong></span> 
     </span>
    </p>
   </div>
   <div class='ocr_carea' id='block_1_9' title="bbox 2086 574 3694 655">
    <p class='ocr_par' dir='ltr' id='par_1_9' title="bbox 2086 574 3694 655">
     <span class='ocr_line' id='line_1_9' title="bbox 2086 574 3694 655; baseline 0.001 -19"><span class='ocrx_word' id='word_1_53' title='bbox 2086 580 2320 648; x_wconf 84' lang='lat' dir='ltr'><strong>Maldra,</strong></span> <span class='ocrx_word' id='word_1_54' title='bbox 2353 584 2442 654; x_wconf 88' lang='lat' dir='ltr'><strong>qui</strong></span> <span class='ocrx_word' id='word_1_55' title='bbox 2475 595 2672 654; x_wconf 83' lang='lat' dir='ltr'><strong>quarto</strong></span> <span class='ocrx_word' id='word_1_56' title='bbox 2704 583 2857 655; x_wconf 89' lang='lat' dir='ltr'><strong>regni</strong></span> <span class='ocrx_word' id='word_1_57' title='bbox 2889 598 3033 640; x_wconf 92' lang='lat' dir='ltr'><strong>anno</strong></span> <span class='ocrx_word' id='word_1_58' title='bbox 3060 574 3278 639; x_wconf 77' lang='lat' dir='ltr'><strong>occisus</strong></span> <span class='ocrx_word' id='word_1_59' title='bbox 3314 590 3419 638; x_wconf 89' lang='lat' dir='ltr'><strong>est.</strong></span> <span class='ocrx_word' id='word_1_60' title='bbox 3450 583 3517 638; x_wconf 85' lang='lat' dir='ltr'><strong>V.</strong></span> <span class='ocrx_word' id='word_1_61' title='bbox 3543 583 3694 639; x_wconf 85' lang='lat' dir='ltr'><strong>Suc-</strong></span> 
     </span>
    </p>
   </div>
   <div class='ocr_carea' id='block_1_10' title="bbox 2085 674 3691 732">
    <p class='ocr_par' dir='ltr' id='par_1_10' title="bbox 2085 674 3691 732">
     <span class='ocr_line' id='line_1_10' title="bbox 2085 674 3691 732; baseline 0.001 -5"><span class='ocrx_word' id='word_1_62' title='bbox 2085 687 2359 729; x_wconf 88' lang='lat' dir='ltr'><strong>ccssorem</strong></span> <span class='ocrx_word' id='word_1_63' title='bbox 2391 674 2577 730; x_wconf 86' lang='lat' dir='ltr'><strong>habuit</strong></span> <span class='ocrx_word' id='word_1_64' title='bbox 2607 675 3053 731; x_wconf 80' lang='lat' dir='ltr'><strong>Remismundum.</strong></span> <span class='ocrx_word' id='word_1_65' title='bbox 3085 675 3172 731; x_wconf 80' lang='lat' dir='ltr'><strong>Vl.</strong></span> <span class='ocrx_word' id='word_1_66' title='bbox 3204 677 3296 730; x_wconf 92' lang='lat' dir='ltr'><strong>llic</strong></span> <span class='ocrx_word' id='word_1_67' title='bbox 3317 685 3498 732; x_wconf 83' lang='lat' dir='ltr'><strong>autem</strong></span> <span class='ocrx_word' id='word_1_68' title='bbox 3523 677 3691 730; x_wconf 70' lang='lat' dir='ltr'><strong>Aria~</strong></span> 
     </span>
    </p>
   </div>
   <div class='ocr_carea' id='block_1_11' title="bbox 2087 766 3700 842">
    <p class='ocr_par' dir='ltr' id='par_1_11' title="bbox 2087 766 3700 842">
     <span class='ocr_line' id='line_1_11' title="bbox 2087 766 3700 842; baseline 0.005 -23"><span class='ocrx_word' id='word_1_69' title='bbox 2087 766 2352 832; x_wconf 80' lang='lat' dir='ltr'><strong>nimirum,</strong></span> <span class='ocrx_word' id='word_1_70' title='bbox 2381 767 2470 823; x_wconf 83' lang='lat' dir='ltr'><strong>vel</strong></span> <span class='ocrx_word' id='word_1_71' title='bbox 2500 766 2908 824; x_wconf 83' lang='lat' dir='ltr'><strong>Theodomirum</strong></span> <span class='ocrx_word' id='word_1_72' title='bbox 2937 786 2956 825; x_wconf 91' lang='lat'><strong><em>:</em></strong></span> <span class='ocrx_word' id='word_1_73' title='bbox 2981 769 3184 842; x_wconf 86' lang='lat' dir='ltr'><strong>duplici</strong></span> <span class='ocrx_word' id='word_1_74' title='bbox 3228 771 3550 842; x_wconf 74' lang='lat' dir='ltr'><strong>insignitum</strong></span> <span class='ocrx_word' id='word_1_75' title='bbox 3584 787 3700 827; x_wconf 86' lang='lat' dir='ltr'><strong>no-</strong></span> 
     </span>
    </p>
   </div>
   <div class='ocr_carea' id='block_1_12' title="bbox 2086 860 3696 935">
    <p class='ocr_par' dir='ltr' id='par_1_12' title="bbox 2086 860 3696 935">
     <span class='ocr_line' id='line_1_12' title="bbox 2086 860 3696 935; baseline 0.004 -21"><span class='ocrx_word' id='word_1_76' title='bbox 2086 861 2265 930; x_wconf 89' lang='lat' dir='ltr'><strong>mine,</strong></span> <span class='ocrx_word' id='word_1_77' title='bbox 2323 860 2468 933; x_wconf 85' lang='lat' dir='ltr'><strong>quod</strong></span> <span class='ocrx_word' id='word_1_78' title='bbox 2541 861 2798 919; x_wconf 71' lang='lat' dir='ltr'><strong>videlicet</strong></span> <span class='ocrx_word' id='word_1_79' title='bbox 2851 864 3117 935; x_wconf 87' lang='lat' dir='ltr'><strong>principio</strong></span> <span class='ocrx_word' id='word_1_80' title='bbox 3171 864 3392 922; x_wconf 84' lang='lat' dir='ltr'><strong>Arianis</strong></span> <span class='ocrx_word' id='word_1_81' title='bbox 3444 863 3696 931; x_wconf 77' lang='lat' dir='ltr'><strong>faveret,</strong></span> 
     </span>
    </p>
   </div>
   <div class='ocr_carea' id='block_1_13' title="bbox 2086 952 3703 1028">
    <p class='ocr_par' dir='ltr' id='par_1_13' title="bbox 2086 952 3703 1028">
     <span class='ocr_line' id='line_1_13' title="bbox 2086 952 3703 1028; baseline 0.003 -21"><span class='ocrx_word' id='word_1_82' title='bbox 2086 952 2284 1008; x_wconf 86' lang='lat' dir='ltr'><strong>deinde</strong></span> <span class='ocrx_word' id='word_1_83' title='bbox 2338 953 2691 1010; x_wconf 77' lang='lat' dir='ltr'><strong>ltivinitatem</strong></span> <span class='ocrx_word' id='word_1_84' title='bbox 2723 953 2922 1010; x_wconf 80' lang='lat' dir='ltr'><strong>ChriSti</strong></span> <span class='ocrx_word' id='word_1_85' title='bbox 2972 957 3151 1012; x_wconf 80' lang='lat' dir='ltr'><strong>fassus</strong></span> <span class='ocrx_word' id='word_1_86' title='bbox 3201 957 3310 1022; x_wconf 86' lang='lat' dir='ltr'><strong>sit;</strong></span> <span class='ocrx_word' id='word_1_87' title='bbox 3344 957 3486 1014; x_wconf 88' lang='lat' dir='ltr'><strong>unde</strong></span> <span class='ocrx_word' id='word_1_88' title='bbox 3525 956 3703 1028; x_wconf 81' lang='lat' dir='ltr'><strong>prius</strong></span> 
     </span>
    </p>
   </div>
   <div class='ocr_carea' id='block_1_14' title="bbox 2090 1045 3701 1116">
    <p class='ocr_par' dir='ltr' id='par_1_14' title="bbox 2090 1045 3701 1116">
     <span class='ocr_line' id='line_1_14' title="bbox 2090 1045 3701 1116; baseline 0.002 -16"><span class='ocrx_word' id='word_1_89' title='bbox 2090 1045 2464 1114; x_wconf 81' lang='lat' dir='ltr'><strong>Arianimirus,</strong></span> <span class='ocrx_word' id='word_1_90' title='bbox 2507 1060 2689 1116; x_wconf 83' lang='lat' dir='ltr'><strong>postea</strong></span> <span class='ocrx_word' id='word_1_91' title='bbox 2743 1047 3145 1104; x_wconf 88' lang='lat' dir='ltr'><strong>Theodomirus</strong></span> <span class='ocrx_word' id='word_1_92' title='bbox 3197 1049 3375 1106; x_wconf 86' lang='lat' dir='ltr'><strong>dictus</strong></span> <span class='ocrx_word' id='word_1_93' title='bbox 3419 1060 3529 1106; x_wconf 87' lang='lat' dir='ltr'><strong>est.</strong></span> <span class='ocrx_word' id='word_1_94' title='bbox 3568 1049 3701 1105; x_wconf 79' lang='lat' dir='ltr'><strong>VII.</strong></span> 
     </span>
    </p>
   </div>
   <div class='ocr_carea' id='block_1_15' title="bbox 2090 1137 3703 1213">
    <p class='ocr_par' dir='ltr' id='par_1_15' title="bbox 2090 1137 3703 1213">
     <span class='ocr_line' id='line_1_15' title="bbox 2090 1137 3703 1213; baseline 0.003 -22"><span class='ocrx_word' id='word_1_95' title='bbox 2090 1137 2228 1192; x_wconf 79' lang='lat' dir='ltr'><strong>Miro</strong></span> <span class='ocrx_word' id='word_1_96' title='bbox 2255 1140 2553 1194; x_wconf 77' lang='lat' dir='ltr'><strong>SucVorum</strong></span> <span class='ocrx_word' id='word_1_97' title='bbox 2585 1141 2952 1211; x_wconf 88' lang='lat' dir='ltr'><strong>gubernacula</strong></span> <span class='ocrx_word' id='word_1_98' title='bbox 2985 1141 3260 1213; x_wconf 85' lang='lat' dir='ltr'><strong>suscepit;</strong></span> <span class='ocrx_word' id='word_1_99' title='bbox 3285 1151 3342 1198; x_wconf 87' lang='lat' dir='ltr'><strong>et</strong></span> <span class='ocrx_word' id='word_1_100' title='bbox 3371 1141 3510 1208; x_wconf 85' lang='lat' dir='ltr'><strong>Vlll,</strong></span> <span class='ocrx_word' id='word_1_101' title='bbox 3539 1141 3703 1197; x_wconf 83' lang='lat' dir='ltr'><strong>Evo-</strong></span> 
     </span>
    </p>
   </div>
   <div class='ocr_carea' id='block_1_16' title="bbox 2090 1231 3708 1306">
    <p class='ocr_par' dir='ltr' id='par_1_16' title="bbox 2090 1231 3708 1306">
     <span class='ocr_line' id='line_1_16' title="bbox 2090 1231 3708 1306; baseline 0.003 -20"><span class='ocrx_word' id='word_1_102' title='bbox 2090 1231 2258 1296; x_wconf 87' lang='lat' dir='ltr'><strong>ricus,</strong></span> <span class='ocrx_word' id='word_1_103' title='bbox 2294 1232 2347 1286; x_wconf 94' lang='lat' dir='ltr'><strong>in</strong></span> <span class='ocrx_word' id='word_1_104' title='bbox 2377 1247 2484 1303; x_wconf 92' lang='lat' dir='ltr'><strong>quo</strong></span> <span class='ocrx_word' id='word_1_105' title='bbox 2515 1241 2623 1287; x_wconf 91' lang='lat' dir='ltr'><strong>tota</strong></span> <span class='ocrx_word' id='word_1_106' title='bbox 2655 1233 2961 1289; x_wconf 85' lang='lat' dir='ltr'><strong>Suevorum</strong></span> <span class='ocrx_word' id='word_1_107' title='bbox 3005 1249 3192 1305; x_wconf 91' lang='lat' dir='ltr'><strong>regum</strong></span> <span class='ocrx_word' id='word_1_108' title='bbox 3226 1234 3478 1306; x_wconf 80' lang='lat' dir='ltr'><strong>prosapia</strong></span> <span class='ocrx_word' id='word_1_109' title='bbox 3522 1235 3708 1291; x_wconf 80' lang='lat' dir='ltr'><strong>simul</strong></span> 
     </span>
    </p>
   </div>
   <div class='ocr_carea' id='block_1_17' title="bbox 2089 1323 3709 1395">
    <p class='ocr_par' dir='ltr' id='par_1_17' title="bbox 2089 1323 3709 1395">
     <span class='ocr_line' id='line_1_17' title="bbox 2089 1323 3709 1395; baseline 0.005 -19"><span class='ocrx_word' id='word_1_110' title='bbox 2089 1336 2214 1377; x_wconf 90' lang='lat' dir='ltr'><strong>cum</strong></span> <span class='ocrx_word' id='word_1_111' title='bbox 2241 1338 2442 1378; x_wconf 81' lang='lat' dir='ltr'><strong>corona</strong></span> <span class='ocrx_word' id='word_1_112' title='bbox 2476 1323 2700 1381; x_wconf 79' lang='lat' dir='ltr'><strong>defecit.</strong></span> <span class='ocrx_word' id='word_1_113' title='bbox 2735 1325 2808 1381; x_wconf 88' lang='lat' dir='ltr'><strong>lta</strong></span> <span class='ocrx_word' id='word_1_114' title='bbox 2851 1341 2918 1382; x_wconf 82' lang='lat' dir='ltr'><strong>ex</strong></span> <span class='ocrx_word' id='word_1_115' title='bbox 2952 1326 3146 1395; x_wconf 91' lang='lat' dir='ltr'><strong>ldatio,</strong></span> <span class='ocrx_word' id='word_1_116' title='bbox 3182 1327 3256 1382; x_wconf 84' lang='grc' dir='ltr'><strong>Μ.</strong></span> <span class='ocrx_word' id='word_1_117' title='bbox 3297 1328 3554 1394; x_wconf 78' lang='lat' dir='ltr'><strong>Maximo,</strong></span> <span class='ocrx_word' id='word_1_118' title='bbox 3593 1328 3709 1384; x_wconf 79' lang='lat' dir='ltr'><strong>Vi-</strong></span> 
     </span>
    </p>
   </div>
   <div class='ocr_carea' id='block_1_18' title="bbox 2089 1414 3708 1488">
    <p class='ocr_par' dir='ltr' id='par_1_18' title="bbox 2089 1414 3708 1488">
     <span class='ocr_line' id='line_1_18' title="bbox 2089 1414 3708 1488; baseline 0.003 -18"><span class='ocrx_word' id='word_1_119' title='bbox 2089 1414 2348 1479; x_wconf 88' lang='lat' dir='ltr'><strong>elarcnsi,</strong></span> <span class='ocrx_word' id='word_1_120' title='bbox 2377 1425 2434 1472; x_wconf 87' lang='lat' dir='ltr'><strong>et</strong></span> <span class='ocrx_word' id='word_1_121' title='bbox 2455 1416 2666 1472; x_wconf 87' lang='lat' dir='ltr'><strong>Isidoro</strong></span> <span class='ocrx_word' id='word_1_122' title='bbox 2699 1419 3031 1487; x_wconf 88' lang='lat' dir='ltr'><strong>desumitur;</strong></span> <span class='ocrx_word' id='word_1_123' title='bbox 3060 1431 3116 1475; x_wconf 89' lang='lat' dir='ltr'><strong>et</strong></span> <span class='ocrx_word' id='word_1_124' title='bbox 3157 1421 3372 1476; x_wconf 80' lang='lat' dir='ltr'><strong>tametsi</strong></span> <span class='ocrx_word' id='word_1_125' title='bbox 3402 1422 3708 1488; x_wconf 89' lang='lat' dir='ltr'><strong>nonnulli,</strong></span> 
     </span>
    </p>
   </div>
   <div class='ocr_carea' id='block_1_19' title="bbox 2090 1508 3714 1584">
    <p class='ocr_par' dir='ltr' id='par_1_19' title="bbox 2090 1508 3714 1584">
     <span class='ocr_line' id='line_1_19' title="bbox 2090 1508 3714 1584; baseline 0.004 -21"><span class='ocrx_word' id='word_1_126' title='bbox 2090 1523 2160 1563; x_wconf 75' lang='lat' dir='ltr'><strong>ex</strong></span> <span class='ocrx_word' id='word_1_127' title='bbox 2186 1508 2384 1578; x_wconf 85' lang='lat' dir='ltr'><strong>quibus</strong></span> <span class='ocrx_word' id='word_1_128' title='bbox 2411 1520 2494 1563; x_wconf 89' lang='lat' dir='ltr'><strong>est</strong></span> <span class='ocrx_word' id='word_1_129' title='bbox 2515 1508 2807 1576; x_wconf 81' lang='lat' dir='ltr'><strong>Maximus,</strong></span> <span class='ocrx_word' id='word_1_130' title='bbox 2835 1511 2885 1565; x_wconf 92' lang='lat' dir='ltr'><strong>in</strong></span> <span class='ocrx_word' id='word_1_131' title='bbox 2912 1512 3105 1568; x_wconf 88' lang='lat' dir='ltr'><strong>ordine</strong></span> <span class='ocrx_word' id='word_1_132' title='bbox 3132 1528 3321 1584; x_wconf 88' lang='lat' dir='ltr'><strong>regum</strong></span> <span class='ocrx_word' id='word_1_133' title='bbox 3348 1513 3714 1584; x_wconf 82' lang='lat' dir='ltr'><strong>designanda</strong></span> 
     </span>
    </p>
   </div>
   <div class='ocr_carea' id='block_1_20' title="bbox 382 1601 3714 1690">
    <p class='ocr_par' dir='ltr' id='par_1_20' title="bbox 382 1601 3714 1690">
     <span class='ocr_line' id='line_1_20' title="bbox 382 1601 3714 1690; baseline 0.001 -16"><span class='ocrx_word' id='word_1_134' title='bbox 382 1620 584 1690; x_wconf 87' lang='lat' dir='ltr'><strong>scripta</strong></span> <span class='ocrx_word' id='word_1_135' title='bbox 623 1628 726 1675; x_wconf 90' lang='lat' dir='ltr'><strong>est.</strong></span> <span class='ocrx_word' id='word_1_136' title='bbox 785 1619 868 1676; x_wconf 91' lang='lat' dir='ltr'><strong>Ob</strong></span> <span class='ocrx_word' id='word_1_137' title='bbox 919 1619 970 1672; x_wconf 90' lang='lat' dir='ltr'><strong>id</strong></span> <span class='ocrx_word' id='word_1_138' title='bbox 1025 1628 1175 1675; x_wconf 88' lang='lat' dir='ltr'><strong>certe</strong></span> <span class='ocrx_word' id='word_1_139' title='bbox 1227 1618 1434 1674; x_wconf 88' lang='lat' dir='ltr'><strong>dietum</strong></span> <span class='ocrx_word' id='word_1_140' title='bbox 1494 1617 1595 1672; x_wconf 81' lang='lat' dir='ltr'><strong>fuit</strong></span> <span class='ocrx_word' id='word_1_141' title='bbox 1646 1616 1984 1672; x_wconf 78' lang='lat' dir='ltr'><strong>Wandalica:</strong></span> <span class='ocrx_word' id='word_1_142' title='bbox 2089 1601 2324 1690; x_wconf 59' lang='grc' dir='ltr'><strong>Υθνίεῐην</strong></span> <span class='ocrx_word' id='word_1_143' title='bbox 2357 1616 2479 1655; x_wconf 66' lang='lat' dir='ltr'><strong>nam</strong></span> <span class='ocrx_word' id='word_1_144' title='bbox 2525 1601 2856 1658; x_wconf 66' lang='grc' dir='ltr'><strong>Πίοοίθΐίιηη</strong></span> <span class='ocrx_word' id='word_1_145' title='bbox 2892 1604 3043 1675; x_wconf 77' lang='grc' dir='ltr'><strong>Ροηίι</strong></span> <span class='ocrx_word' id='word_1_146' title='bbox 3073 1620 3182 1660; x_wconf 80' lang='grc' dir='ltr'><strong>ηοη</strong></span> <span class='ocrx_word' id='word_1_147' title='bbox 3217 1605 3380 1661; x_wconf 57' lang='lat' dir='ltr'><strong>lenio</strong></span> <span class='ocrx_word' id='word_1_148' title='bbox 3409 1607 3531 1662; x_wconf 72' lang='grc' dir='ltr'><strong>ιοεο</strong></span> <span class='ocrx_word' id='word_1_149' title='bbox 3567 1617 3714 1677; x_wconf 64' lang='lat' dir='ltr'><strong>PO“</strong></span> 
     </span>
    </p>
   </div>
   <div class='ocr_carea' id='block_1_21' title="bbox 383 1689 1986 1784">
    <p class='ocr_par' dir='ltr' id='par_1_21' title="bbox 383 1708 1981 1784">
     <span class='ocr_line' id='line_1_21' title="bbox 383 1708 1981 1784; baseline -0.004 -17"><span class='ocrx_word' id='word_1_150' title='bbox 383 1713 598 1782; x_wconf 65' lang='lat' dir='ltr'><strong>bestiae,</strong></span> <span class='ocrx_word' id='word_1_151' title='bbox 625 1714 834 1767; x_wconf 83' lang='lat' dir='ltr'><strong>comede</strong></span> <span class='ocrx_word' id='word_1_152' title='bbox 854 1727 1034 1766; x_wconf 74' lang='lat' dir='ltr'><strong>carnes</strong></span> <span class='ocrx_word' id='word_1_153' title='bbox 1065 1712 1339 1784; x_wconf 67' lang='grc' dir='ltr'><strong>ρίαν-ἔνιαι,</strong></span> <span class='ocrx_word' id='word_1_154' title='bbox 1363 1710 1506 1781; x_wconf 87' lang='lat' dir='ltr'><strong>quod</strong></span> <span class='ocrx_word' id='word_1_155' title='bbox 1542 1720 1719 1764; x_wconf 90' lang='lat' dir='ltr'><strong>tamen</strong></span> <span class='ocrx_word' id='word_1_156' title='bbox 1751 1709 1818 1764; x_wconf 89' lang='lat' dir='ltr'><strong>de</strong></span> <span class='ocrx_word' id='word_1_157' title='bbox 1835 1708 1981 1763; x_wconf 90' lang='lat' dir='ltr'><strong>nulla</strong></span> 
     </span>
    </p>
   </div>
   <div class='ocr_carea' id='block_1_22' title="bbox 2096 1689 3718 1784">
    <p class='ocr_par' dir='ltr' id='par_1_22' title="bbox 2096 1689 3718 1766">
     <span class='ocr_line' id='line_1_22' title="bbox 2096 1689 3718 1766; baseline 0.006 -22"><span class='ocrx_word' id='word_1_158' title='bbox 2096 1689 2488 1761; x_wconf 80' lang='lat' dir='ltr'><strong>Recliillaueni,</strong></span> <span class='ocrx_word' id='word_1_159' title='bbox 2539 1695 2636 1750; x_wconf 90' lang='lat' dir='ltr'><strong>sed</strong></span> <span class='ocrx_word' id='word_1_160' title='bbox 2682 1697 2872 1766; x_wconf 90' lang='lat' dir='ltr'><strong>quinto</strong></span> <span class='ocrx_word' id='word_1_161' title='bbox 2921 1697 3065 1752; x_wconf 90' lang='lat' dir='ltr'><strong>inter</strong></span> <span class='ocrx_word' id='word_1_162' title='bbox 3129 1697 3583 1754; x_wconf 82' lang='lat' dir='ltr'><strong>Remismundum</strong></span> <span class='ocrx_word' id='word_1_163' title='bbox 3651 1709 3718 1755; x_wconf 88' lang='lat' dir='ltr'><strong>et</strong></span> 
     </span>
    </p>
   </div>
   <div class='ocr_carea' id='block_1_23' title="bbox 386 1786 1986 1864">
    <p class='ocr_par' dir='ltr' id='par_1_23' title="bbox 386 1801 1980 1864">
     <span class='ocr_line' id='line_1_23' title="bbox 386 1801 1980 1864; baseline -0.004 -4"><span class='ocrx_word' id='word_1_164' title='bbox 386 1814 709 1861; x_wconf 86' lang='lat' dir='ltr'><strong>c:eterarum</strong></span> <span class='ocrx_word' id='word_1_165' title='bbox 734 1804 954 1860; x_wconf 90' lang='lat' dir='ltr'><strong>dicitur.</strong></span> <span class='ocrx_word' id='word_1_166' title='bbox 973 1802 1072 1859; x_wconf 91' lang='lat' dir='ltr'><strong>Cui</strong></span> <span class='ocrx_word' id='word_1_167' title='bbox 1094 1809 1260 1859; x_wconf 81' lang='lat' dir='ltr'><strong>etiam</strong></span> <span class='ocrx_word' id='word_1_168' title='bbox 1299 1804 1399 1857; x_wconf 91' lang='lat' dir='ltr'><strong>soli</strong></span> <span class='ocrx_word' id='word_1_169' title='bbox 1431 1803 1724 1857; x_wconf 76' lang='lat' dir='ltr'><strong>convenire</strong></span> <span class='ocrx_word' id='word_1_170' title='bbox 1747 1801 1980 1864; x_wconf 88' lang='lat' dir='ltr'><strong>videtur,</strong></span> 
     </span>
    </p>
   </div>
   <div class='ocr_carea' id='block_1_24' title="bbox 2096 1786 3712 1864">
    <p class='ocr_par' dir='ltr' id='par_1_24' title="bbox 2096 1786 3712 1864">
     <span class='ocr_line' id='line_1_24' title="bbox 2096 1786 3712 1864; baseline 0.007 -26"><span class='ocrx_word' id='word_1_171' title='bbox 2096 1786 2514 1841; x_wconf 73' lang='lat' dir='ltr'><strong>Arianimirtun:</strong></span> <span class='ocrx_word' id='word_1_172' title='bbox 2550 1805 2712 1843; x_wconf 89' lang='lat' dir='ltr'><strong>nemo</strong></span> <span class='ocrx_word' id='word_1_173' title='bbox 2755 1801 2932 1845; x_wconf 86' lang='lat' dir='ltr'><strong>tamen</strong></span> <span class='ocrx_word' id='word_1_174' title='bbox 2979 1791 3329 1846; x_wconf 87' lang='lat' dir='ltr'><strong>octonarium</strong></span> <span class='ocrx_word' id='word_1_175' title='bbox 3381 1803 3570 1864; x_wconf 86' lang='lat' dir='ltr'><strong>auget,</strong></span> <span class='ocrx_word' id='word_1_176' title='bbox 3609 1794 3712 1848; x_wconf 80' lang='lat' dir='ltr'><strong>vcl</strong></span> 
     </span>
    </p>
   </div>
   <div class='ocr_carea' id='block_1_25' title="bbox 384 1877 1986 1969">
    <p class='ocr_par' dir='ltr' id='par_1_25' title="bbox 384 1894 1980 1969">
     <span class='ocr_line' id='line_1_25' title="bbox 384 1894 1980 1969; baseline -0.003 -17"><span class='ocrx_word' id='word_1_177' title='bbox 384 1899 520 1969; x_wconf 86' lang='lat' dir='ltr'><strong>quod</strong></span> <span class='ocrx_word' id='word_1_178' title='bbox 552 1900 603 1953; x_wconf 87' lang='lat' dir='ltr'><strong>in</strong></span> <span class='ocrx_word' id='word_1_179' title='bbox 637 1908 780 1968; x_wconf 84' lang='lat' dir='ltr'><strong>parte</strong></span> <span class='ocrx_word' id='word_1_180' title='bbox 817 1899 976 1964; x_wconf 76' lang='lat' dir='ltr'><strong>stetit,</strong></span> <span class='ocrx_word' id='word_1_181' title='bbox 1027 1896 1284 1951; x_wconf 90' lang='lat' dir='ltr'><strong>nimirum</strong></span> <span class='ocrx_word' id='word_1_182' title='bbox 1336 1895 1592 1965; x_wconf 88' lang='lat' dir='ltr'><strong>qttoniam</strong></span> <span class='ocrx_word' id='word_1_183' title='bbox 1638 1894 1868 1965; x_wconf 88' lang='lat' dir='ltr'><strong>reliquis</strong></span> <span class='ocrx_word' id='word_1_184' title='bbox 1927 1895 1980 1948; x_wconf 90' lang='lat' dir='ltr'><strong>in</strong></span> 
     </span>
    </p>
   </div>
   <div class='ocr_carea' id='block_1_26' title="bbox 2096 1877 3710 1969">
    <p class='ocr_par' dir='ltr' id='par_1_26' title="bbox 2096 1877 3710 1956">
     <span class='ocr_line' id='line_1_26' title="bbox 2096 1877 3710 1956; baseline 0.006 -27"><span class='ocrx_word' id='word_1_185' title='bbox 2096 1877 2314 1934; x_wconf 75' lang='lat' dir='ltr'><strong>minuit:</strong></span> <span class='ocrx_word' id='word_1_186' title='bbox 2341 1895 2367 1930; x_wconf 95' lang='lat' dir='ltr'><strong>a</strong></span> <span class='ocrx_word' id='word_1_187' title='bbox 2389 1895 2496 1950; x_wconf 88' lang='lat' dir='ltr'><strong>quo</strong></span> <span class='ocrx_word' id='word_1_188' title='bbox 2519 1880 2676 1952; x_wconf 82' lang='lat' dir='ltr'><strong>longe</strong></span> <span class='ocrx_word' id='word_1_189' title='bbox 2706 1881 2996 1952; x_wconf 87' lang='lat' dir='ltr'><strong>abjiciendi</strong></span> <span class='ocrx_word' id='word_1_190' title='bbox 3020 1891 3146 1937; x_wconf 92' lang='lat' dir='ltr'><strong>sunt</strong></span> <span class='ocrx_word' id='word_1_191' title='bbox 3167 1894 3400 1951; x_wconf 81' lang='lat' dir='ltr'><strong>quatuor</strong></span> <span class='ocrx_word' id='word_1_192' title='bbox 3443 1883 3710 1956; x_wconf 85' lang='lat' dir='ltr'><strong>tyranni,</strong></span> 
     </span>
    </p>
   </div>
   <div class='ocr_carea' id='block_1_27' title="bbox 390 1969 1986 2059">
    <p class='ocr_par' dir='ltr' id='par_1_27' title="bbox 390 1986 1980 2059">
     <span class='ocr_line' id='line_1_27' title="bbox 390 1986 1980 2059; baseline -0.004 -15"><span class='ocrx_word' id='word_1_193' title='bbox 390 1989 650 2059; x_wconf 89' lang='lat' dir='ltr'><strong>llispania</strong></span> <span class='ocrx_word' id='word_1_194' title='bbox 679 1990 1048 2054; x_wconf 86' lang='lat' dir='ltr'><strong>manentibus,</strong></span> <span class='ocrx_word' id='word_1_195' title='bbox 1070 1989 1172 2043; x_wconf 89' lang='lat' dir='ltr'><strong>soli</strong></span> <span class='ocrx_word' id='word_1_196' title='bbox 1196 1987 1446 2043; x_wconf 86' lang='lat' dir='ltr'><strong>Wandali</strong></span> <span class='ocrx_word' id='word_1_197' title='bbox 1481 1987 1533 2041; x_wconf 94' lang='lat' dir='ltr'><strong>in</strong></span> <span class='ocrx_word' id='word_1_198' title='bbox 1558 1986 1720 2040; x_wconf 89' lang='lat' dir='ltr'><strong>aliam</strong></span> <span class='ocrx_word' id='word_1_199' title='bbox 1773 1997 1980 2056; x_wconf 73' lang='lat' dir='ltr'><strong>partem</strong></span> 
     </span>
    </p>
   </div>
   <div class='ocr_carea' id='block_1_28' title="bbox 2096 1969 3718 2059">
    <p class='ocr_par' dir='ltr' id='par_1_28' title="bbox 2096 1969 3718 2044">
     <span class='ocr_line' id='line_1_28' title="bbox 2096 1969 3718 2044; baseline 0.008 -25"><span class='ocrx_word' id='word_1_200' title='bbox 2096 1969 2178 2038; x_wconf 88' lang='lat' dir='ltr'><strong>qui</strong></span> <span class='ocrx_word' id='word_1_201' title='bbox 2209 1985 2434 2040; x_wconf 79' lang='lat' dir='ltr'><strong>regnum</strong></span> <span class='ocrx_word' id='word_1_202' title='bbox 2471 1971 2759 2042; x_wconf 85' lang='lat' dir='ltr'><strong>aliquoties</strong></span> <span class='ocrx_word' id='word_1_203' title='bbox 2806 1975 3056 2044; x_wconf 85' lang='lat' dir='ltr'><strong>arripere</strong></span> <span class='ocrx_word' id='word_1_204' title='bbox 3095 1977 3274 2030; x_wconf 83' lang='lat' dir='ltr'><strong>conati</strong></span> <span class='ocrx_word' id='word_1_205' title='bbox 3305 1988 3472 2032; x_wconf 91' lang='lat' dir='ltr'><strong>sunt:</strong></span> <span class='ocrx_word' id='word_1_206' title='bbox 3511 1974 3718 2031; x_wconf 79' lang='lat' dir='ltr'><strong>Fran-</strong></span> 
     </span>
    </p>
   </div>
   <div class='ocr_carea' id='block_1_29' title="bbox 382 2064 3716 2154">
    <p class='ocr_par' dir='ltr' id='par_1_29' title="bbox 382 2064 3716 2154">
     <span class='ocr_line' id='line_1_29' title="bbox 382 2064 3716 2154; baseline 0.001 -32"><span class='ocrx_word' id='word_1_207' title='bbox 382 2098 412 2138; x_wconf 65' lang='grc' dir='ltr'><em>ε</em></span> <span class='ocrx_word' id='word_1_208' title='bbox 443 2085 657 2139; x_wconf 57' lang='lat' dir='ltr'><strong>emeris</strong></span> <span class='ocrx_word' id='word_1_209' title='bbox 683 2083 917 2154; x_wconf 58' lang='lat' dir='ltr'><strong>sejuncn</strong></span> <span class='ocrx_word' id='word_1_210' title='bbox 945 2095 1095 2148; x_wconf 51' lang='lat' dir='ltr'><strong>sum,</strong></span> <span class='ocrx_word' id='word_1_211' title='bbox 1129 2081 1182 2137; x_wconf 72' lang='lat' dir='ltr'><strong>id</strong></span> <span class='ocrx_word' id='word_1_212' title='bbox 1213 2090 1321 2147; x_wconf 49' lang='lat' dir='ltr'><strong>est,</strong></span> <span class='ocrx_word' id='word_1_213' title='bbox 1349 2081 1403 2135; x_wconf 68' lang='lat' dir='ltr'><strong>in</strong></span> <span class='ocrx_word' id='word_1_214' title='bbox 1429 2080 1764 2150; x_wconf 54' lang='lat' dir='ltr'><strong>Hispaniam.</strong></span> <span class='ocrx_word' id='word_1_215' title='bbox 2088 2070 2233 2116; x_wconf 78' lang='lat' dir='ltr'><strong>(aues</strong></span> <span class='ocrx_word' id='word_1_216' title='bbox 2287 2065 2341 2117; x_wconf 90' lang='lat' dir='ltr'><strong>in</strong></span> <span class='ocrx_word' id='word_1_217' title='bbox 2397 2064 2656 2120; x_wconf 84' lang='lat' dir='ltr'><strong>Maldratn</strong></span> <span class='ocrx_word' id='word_1_218' title='bbox 2714 2083 2896 2138; x_wconf 84' lang='lat' dir='ltr'><strong>regem</strong></span> <span class='ocrx_word' id='word_1_219' title='bbox 2947 2069 3274 2136; x_wconf 83' lang='lat' dir='ltr'><strong>rebellavit;</strong></span> <span class='ocrx_word' id='word_1_220' title='bbox 3306 2067 3617 2124; x_wconf 77' lang='lat' dir='ltr'><strong>Fumariux</strong></span> <span class='ocrx_word' id='word_1_221' title='bbox 3654 2073 3716 2126; x_wconf 89' lang='lat' dir='ltr'><strong>in</strong></span> 
     </span>
    </p>
   </div>
   <div class='ocr_carea' id='block_1_30' title="bbox 459 2153 3717 2246">
    <p class='ocr_par' dir='ltr' id='par_1_30' title="bbox 459 2153 3717 2246">
     <span class='ocr_line' id='line_1_30' title="bbox 459 2153 3717 2246; baseline 0.002 -32"><span class='ocrx_word' id='word_1_222' title='bbox 459 2176 633 2232; x_wconf 72' lang='grc' dir='ltr'><strong>Τεηεα</strong></span> <span class='ocrx_word' id='word_1_223' title='bbox 657 2153 838 2246; x_wconf 51' lang='grc' dir='ltr'><strong>δειλία,</strong></span> <span class='ocrx_word' id='word_1_224' title='bbox 873 2177 1139 2233; x_wconf 44' lang='grc' dir='ltr'><strong>δηθά...</strong></span> <span class='ocrx_word' id='word_1_225' title='bbox 1165 2173 1415 2230; x_wconf 53' lang='lat' dir='ltr'><strong>Totidem</strong></span> <span class='ocrx_word' id='word_1_226' title='bbox 1443 2185 1605 2244; x_wconf 54' lang='lat' dir='ltr'><strong>atque</strong></span> <span class='ocrx_word' id='word_1_227' title='bbox 1646 2173 1697 2226; x_wconf 73' lang='lat' dir='ltr'><strong>in</strong></span> <span class='ocrx_word' id='word_1_228' title='bbox 1731 2171 1980 2240; x_wconf 54' lang='lat' dir='ltr'><strong>reliquis,</strong></span> <span class='ocrx_word' id='word_1_229' title='bbox 2087 2153 2576 2225; x_wconf 79' lang='lat' dir='ltr'><strong>Rcmismundum;</strong></span> <span class='ocrx_word' id='word_1_230' title='bbox 2609 2163 2824 2215; x_wconf 80' lang='lat' dir='ltr'><strong>Andeca</strong></span> <span class='ocrx_word' id='word_1_231' title='bbox 2856 2163 2908 2216; x_wconf 92' lang='lat' dir='ltr'><strong>in</strong></span> <span class='ocrx_word' id='word_1_232' title='bbox 2961 2163 3255 2229; x_wconf 74' lang='lat' dir='ltr'><strong>Miconem,</strong></span> <span class='ocrx_word' id='word_1_233' title='bbox 3285 2173 3340 2218; x_wconf 90' lang='lat' dir='ltr'><strong>ct</strong></span> <span class='ocrx_word' id='word_1_234' title='bbox 3369 2164 3717 2222; x_wconf 75' lang='lat' dir='ltr'><strong>Malluricus</strong></span> 
     </span>
    </p>
   </div>
   <div class='ocr_carea' id='block_1_31' title="bbox 381 2249 3711 2340">
    <p class='ocr_par' dir='ltr' id='par_1_31' title="bbox 381 2249 3711 2340">
     <span class='ocr_line' id='line_1_31' title="bbox 381 2249 3711 2340; baseline 0.002 -33"><span class='ocrx_word' id='word_1_235' title='bbox 381 2269 435 2327; x_wconf 69' lang='grc' dir='ltr'><strong>ί..</strong></span> <span class='ocrx_word' id='word_1_236' title='bbox 472 2273 630 2326; x_wconf 49' lang='lat' dir='ltr'><strong>term</strong></span> <span class='ocrx_word' id='word_1_237' title='bbox 659 2272 829 2326; x_wconf 52' lang='lat' dir='ltr'><strong>bestia</strong></span> <span class='ocrx_word' id='word_1_238' title='bbox 878 2280 1067 2324; x_wconf 63' lang='lat' dir='ltr'><strong>&quot;om&quot;</strong></span> <span class='ocrx_word' id='word_1_239' title='bbox 1103 2269 1264 2340; x_wconf 63' lang='lat' dir='ltr'><strong>digna</strong></span> <span class='ocrx_word' id='word_1_240' title='bbox 1307 2265 1694 2337; x_wconf 49' lang='lat' dir='ltr'><strong>reperiuntur;</strong></span> <span class='ocrx_word' id='word_1_241' title='bbox 1727 2265 1786 2320; x_wconf 73' lang='grc'><strong>10</strong></span> <span class='ocrx_word' id='word_1_242' title='bbox 1823 2263 1979 2332; x_wconf 69' lang='lat' dir='ltr'><strong>Quod</strong></span> <span class='ocrx_word' id='word_1_243' title='bbox 2092 2249 2311 2305; x_wconf 86' lang='lat' dir='ltr'><strong>tandem</strong></span> <span class='ocrx_word' id='word_1_244' title='bbox 2349 2251 2400 2305; x_wconf 92' lang='lat' dir='ltr'><strong>iu</strong></span> <span class='ocrx_word' id='word_1_245' title='bbox 2433 2252 2610 2322; x_wconf 86' lang='lat' dir='ltr'><strong>ipsum</strong></span> <span class='ocrx_word' id='word_1_246' title='bbox 2644 2253 2952 2313; x_wconf 83' lang='lat' dir='ltr'><strong>Audecam:</strong></span> <span class='ocrx_word' id='word_1_247' title='bbox 2983 2271 3171 2311; x_wconf 90' lang='lat' dir='ltr'><strong>omnes</strong></span> <span class='ocrx_word' id='word_1_248' title='bbox 3200 2255 3465 2327; x_wconf 88' lang='lat' dir='ltr'><strong>siquidem</strong></span> <span class='ocrx_word' id='word_1_249' title='bbox 3496 2268 3711 2314; x_wconf 79' lang='lat' dir='ltr'><strong>aucto-</strong></span> 
     </span>
    </p>
   </div>
   <div class='ocr_carea' id='block_1_32' title="bbox 386 2346 3712 2437">
    <p class='ocr_par' dir='ltr' id='par_1_32' title="bbox 386 2346 3712 2437">
     <span class='ocr_line' id='line_1_32' title="bbox 386 2346 3712 2437; baseline -0.003 -16"><span class='ocrx_word' id='word_1_250' title='bbox 386 2376 501 2421; x_wconf 87' lang='lat' dir='ltr'><strong>crat</strong></span> <span class='ocrx_word' id='word_1_251' title='bbox 524 2366 678 2437; x_wconf 78' lang='lat' dir='ltr'><strong>quasi</strong></span> <span class='ocrx_word' id='word_1_252' title='bbox 722 2364 942 2435; x_wconf 77' lang='lat' dir='ltr'><strong>pardus,</strong></span> <span class='ocrx_word' id='word_1_253' title='bbox 974 2365 1063 2435; x_wconf 90' lang='lat' dir='ltr'><strong>qui</strong></span> <span class='ocrx_word' id='word_1_254' title='bbox 1115 2363 1185 2419; x_wconf 93' lang='lat' dir='ltr'><strong>de</strong></span> <span class='ocrx_word' id='word_1_255' title='bbox 1212 2377 1414 2434; x_wconf 91' lang='lat' dir='ltr'><strong>genere</strong></span> <span class='ocrx_word' id='word_1_256' title='bbox 1457 2361 1682 2415; x_wconf 90' lang='lat' dir='ltr'><strong>leonum</strong></span> <span class='ocrx_word' id='word_1_257' title='bbox 1711 2361 1978 2423; x_wconf 84' lang='lat' dir='ltr'><strong>existens,</strong></span> <span class='ocrx_word' id='word_1_258' title='bbox 2091 2357 2178 2437; x_wconf 60' lang='lat' dir='ltr'><strong>tos</strong></span> <span class='ocrx_word' id='word_1_259' title='bbox 2207 2346 2554 2403; x_wconf 87' lang='lat' dir='ltr'><strong>concorditer</strong></span> <span class='ocrx_word' id='word_1_260' title='bbox 2577 2364 2672 2404; x_wconf 91' lang='lat' dir='ltr'><strong>eos</strong></span> <span class='ocrx_word' id='word_1_261' title='bbox 2701 2359 2964 2422; x_wconf 84' lang='lat' dir='ltr'><strong>tyrannos</strong></span> <span class='ocrx_word' id='word_1_262' title='bbox 2993 2363 3330 2423; x_wconf 90' lang='lat' dir='ltr'><strong>nuncupant,</strong></span> <span class='ocrx_word' id='word_1_263' title='bbox 3355 2369 3461 2410; x_wconf 92' lang='lat' dir='ltr'><strong>non</strong></span> <span class='ocrx_word' id='word_1_264' title='bbox 3498 2371 3712 2426; x_wconf 81' lang='lat' dir='ltr'><strong>reges.</strong></span> 
     </span>
    </p>
   </div>
   <div class='ocr_carea' id='block_1_33' title="bbox 385 2435 1986 2529">
    <p class='ocr_par' dir='ltr' id='par_1_33' title="bbox 385 2435 1983 2529">
     <span class='ocr_line' id='line_1_33' title="bbox 385 2435 1983 2529; baseline -0.005 -17"><span class='ocrx_word' id='word_1_265' title='bbox 385 2435 592 2529; x_wconf 83' lang='lat' dir='ltr'><strong>regiam</strong></span> <span class='ocrx_word' id='word_1_266' title='bbox 626 2456 969 2528; x_wconf 85' lang='lat' dir='ltr'><strong>majestatem</strong></span> <span class='ocrx_word' id='word_1_267' title='bbox 999 2455 1292 2526; x_wconf 76' lang='lat' dir='ltr'><strong>signiﬁcat.</strong></span> <span class='ocrx_word' id='word_1_268' title='bbox 1325 2454 1390 2508; x_wconf 74' lang='lat'><strong>2°</strong></span> <span class='ocrx_word' id='word_1_269' title='bbox 1422 2452 1576 2520; x_wconf 89' lang='lat' dir='ltr'><strong>Quod</strong></span> <span class='ocrx_word' id='word_1_270' title='bbox 1609 2454 1724 2506; x_wconf 81' lang='lat' dir='ltr'><strong>atas</strong></span> <span class='ocrx_word' id='word_1_271' title='bbox 1757 2450 1983 2504; x_wconf 83' lang='lat' dir='ltr'><strong>habebat</strong></span> 
     </span>
    </p>
   </div>
   <div class='ocr_carea' id='block_1_34' title="bbox 2096 2435 3719 2529">
    <p class='ocr_par' dir='ltr' id='par_1_34' title="bbox 2096 2435 3719 2515">
     <span class='ocr_line' id='line_1_34' title="bbox 2096 2435 3719 2515; baseline 0.006 -24"><span class='ocrx_word' id='word_1_272' title='bbox 2096 2435 2296 2492; x_wconf 86' lang='lat' dir='ltr'><strong>Habuit</strong></span> <span class='ocrx_word' id='word_1_273' title='bbox 2346 2441 2574 2510; x_wconf 87' lang='lat' dir='ltr'><strong>proinde</strong></span> <span class='ocrx_word' id='word_1_274' title='bbox 2631 2442 2805 2496; x_wconf 88' lang='lat' dir='ltr'><strong>bestia</strong></span> <span class='ocrx_word' id='word_1_275' title='bbox 2861 2445 3052 2510; x_wconf 89' lang='lat' dir='ltr'><strong>tertia,</strong></span> <span class='ocrx_word' id='word_1_276' title='bbox 3102 2444 3396 2515; x_wconf 86' lang='lat' dir='ltr'><strong>leopardus</strong></span> <span class='ocrx_word' id='word_1_277' title='bbox 3445 2446 3596 2503; x_wconf 67' lang='lat' dir='ltr'><strong>Suev</strong></span> <span class='ocrx_word' id='word_1_278' title='bbox 3617 2463 3719 2513; x_wconf 83' lang='lat' dir='ltr'><strong>us,</strong></span> 
     </span>
    </p>
   </div>
   <div class='ocr_carea' id='block_1_35' title="bbox 385 2528 3724 2621">
    <p class='ocr_par' dir='ltr' id='par_1_35' title="bbox 385 2528 3724 2621">
     <span class='ocr_line' id='line_1_35' title="bbox 385 2528 3724 2621; baseline 0.002 -33"><span class='ocrx_word' id='word_1_279' title='bbox 385 2528 530 2620; x_wconf 35' lang='lat' dir='ltr'><strong>quas;</strong></span> <span class='ocrx_word' id='word_1_280' title='bbox 560 2551 689 2616; x_wconf 55' lang='lat' dir='ltr'><strong>am,</strong></span> <span class='ocrx_word' id='word_1_281' title='bbox 717 2562 938 2619; x_wconf 68' lang='grc' dir='ltr'><strong>ηυαηιον</strong></span> <span class='ocrx_word' id='word_1_282' title='bbox 966 2565 1126 2621; x_wconf 62' lang='lat' dir='ltr'><strong>supra</strong></span> <span class='ocrx_word' id='word_1_283' title='bbox 1148 2565 1222 2617; x_wconf 57' lang='lat' dir='ltr'><strong>se,</strong></span> <span class='ocrx_word' id='word_1_284' title='bbox 1249 2557 1296 2602; x_wconf 70' lang='grc' dir='ltr'><strong>ει</strong></span> <span class='ocrx_word' id='word_1_285' title='bbox 1321 2556 1549 2617; x_wconf 58' lang='lat' dir='ltr'><strong>quam”</strong></span> <span class='ocrx_word' id='word_1_286' title='bbox 1595 2549 1756 2601; x_wconf 45' lang='lat' dir='ltr'><strong>etiam</strong></span> <span class='ocrx_word' id='word_1_287' title='bbox 1811 2545 1986 2617; x_wconf 72' lang='grc' dir='ltr'><em>εαρξια</em></span> <span class='ocrx_word' id='word_1_288' title='bbox 2088 2528 2206 2584; x_wconf 90' lang='lat' dir='ltr'><strong>alas</strong></span> <span class='ocrx_word' id='word_1_289' title='bbox 2238 2541 2472 2600; x_wconf 86' lang='lat' dir='ltr'><strong>quatuor</strong></span> <span class='ocrx_word' id='word_1_290' title='bbox 2513 2549 2678 2604; x_wconf 88' lang='lat' dir='ltr'><strong>super</strong></span> <span class='ocrx_word' id='word_1_291' title='bbox 2706 2549 2767 2589; x_wconf 90' lang='lat' dir='ltr'><strong>se</strong></span> <span class='ocrx_word' id='word_1_292' title='bbox 2811 2547 2864 2590; x_wconf 91' lang='lat' dir='ltr'><strong>et</strong></span> <span class='ocrx_word' id='word_1_293' title='bbox 2894 2545 3128 2606; x_wconf 86' lang='lat' dir='ltr'><strong>quatuor</strong></span> <span class='ocrx_word' id='word_1_294' title='bbox 3153 2539 3354 2610; x_wconf 75' lang='lat' dir='ltr'><strong>capita,</strong></span> <span class='ocrx_word' id='word_1_295' title='bbox 3381 2548 3430 2593; x_wconf 90' lang='lat' dir='ltr'><strong>et</strong></span> <span class='ocrx_word' id='word_1_296' title='bbox 3461 2546 3724 2608; x_wconf 74' lang='lat' dir='ltr'><strong>potestas</strong></span> 
     </span>
    </p>
   </div>
   <div class='ocr_carea' id='block_1_36' title="bbox 391 2623 3724 2713">
    <p class='ocr_par' dir='ltr' id='par_1_36' title="bbox 391 2623 3724 2713">
     <span class='ocr_line' id='line_1_36' title="bbox 391 2623 3724 2713; baseline -0.004 -11"><span class='ocrx_word' id='word_1_297' title='bbox 391 2656 538 2700; x_wconf 81' lang='lat' dir='ltr'><strong>eram</strong></span> <span class='ocrx_word' id='word_1_298' title='bbox 576 2644 629 2698; x_wconf 83' lang='lat' dir='ltr'><strong>in</strong></span> <span class='ocrx_word' id='word_1_299' title='bbox 661 2643 843 2702; x_wconf 80' lang='lat' dir='ltr'><strong>bestia.</strong></span> <span class='ocrx_word' id='word_1_300' title='bbox 871 2642 1006 2699; x_wconf 89' lang='lat' dir='ltr'><strong>Cum</strong></span> <span class='ocrx_word' id='word_1_301' title='bbox 1057 2659 1185 2699; x_wconf 74' lang='lat' dir='ltr'><strong>vero</strong></span> <span class='ocrx_word' id='word_1_302' title='bbox 1237 2642 1290 2698; x_wconf 92' lang='lat' dir='ltr'><strong>id</strong></span> <span class='ocrx_word' id='word_1_303' title='bbox 1340 2642 1483 2713; x_wconf 92' lang='lat' dir='ltr'><strong>quod</strong></span> <span class='ocrx_word' id='word_1_304' title='bbox 1533 2658 1780 2713; x_wconf 78' lang='lat' dir='ltr'><strong>regnum,</strong></span> <span class='ocrx_word' id='word_1_305' title='bbox 1823 2641 1987 2711; x_wconf 75' lang='lat' dir='ltr'><strong>cujus</strong></span> <span class='ocrx_word' id='word_1_306' title='bbox 2095 2623 2223 2678; x_wconf 84' lang='lat' dir='ltr'><strong>data</strong></span> <span class='ocrx_word' id='word_1_307' title='bbox 2270 2635 2343 2679; x_wconf 81' lang='lat' dir='ltr'><strong>est</strong></span> <span class='ocrx_word' id='word_1_308' title='bbox 2392 2627 2459 2692; x_wconf 85' lang='lat' dir='ltr'><strong>ei,</strong></span> <span class='ocrx_word' id='word_1_309' title='bbox 2491 2643 2609 2696; x_wconf 79' lang='lat' dir='ltr'><strong>quae</strong></span> <span class='ocrx_word' id='word_1_310' title='bbox 2656 2638 2834 2683; x_wconf 87' lang='lat' dir='ltr'><strong>tamen</strong></span> <span class='ocrx_word' id='word_1_311' title='bbox 2883 2644 2984 2685; x_wconf 89' lang='lat' dir='ltr'><strong>nec</strong></span> <span class='ocrx_word' id='word_1_312' title='bbox 3019 2629 3324 2697; x_wconf 88' lang='lat' dir='ltr'><strong>Wandalis,</strong></span> <span class='ocrx_word' id='word_1_313' title='bbox 3356 2647 3458 2686; x_wconf 90' lang='lat' dir='ltr'><strong>nec</strong></span> <span class='ocrx_word' id='word_1_314' title='bbox 3505 2632 3724 2688; x_wconf 83' lang='lat' dir='ltr'><strong>Alanis</strong></span> 
     </span>
    </p>
   </div>
   <div class='ocr_carea' id='block_1_37' title="bbox 389 2717 1986 2810">
    <p class='ocr_par' dir='ltr' id='par_1_37' title="bbox 389 2737 1986 2810">
     <span class='ocr_line' id='line_1_37' title="bbox 389 2737 1986 2810; baseline -0.003 -15"><span class='ocrx_word' id='word_1_315' title='bbox 389 2738 558 2795; x_wconf 88' lang='lat' dir='ltr'><strong>bestia</strong></span> <span class='ocrx_word' id='word_1_316' title='bbox 610 2739 752 2810; x_wconf 88' lang='lat' dir='ltr'><strong>gerit</strong></span> <span class='ocrx_word' id='word_1_317' title='bbox 780 2747 990 2810; x_wconf 87' lang='lat' dir='ltr'><strong>typum,</strong></span> <span class='ocrx_word' id='word_1_318' title='bbox 1035 2737 1236 2794; x_wconf 88' lang='lat' dir='ltr'><strong>habere</strong></span> <span class='ocrx_word' id='word_1_319' title='bbox 1284 2737 1488 2793; x_wconf 87' lang='lat' dir='ltr'><strong>dicitur</strong></span> <span class='ocrx_word' id='word_1_320' title='bbox 1539 2752 1707 2808; x_wconf 85' lang='lat' dir='ltr'><strong>super</strong></span> <span class='ocrx_word' id='word_1_321' title='bbox 1755 2751 1836 2800; x_wconf 89' lang='lat' dir='ltr'><strong>se,</strong></span> <span class='ocrx_word' id='word_1_322' title='bbox 1886 2747 1986 2791; x_wconf 86' lang='lat' dir='ltr'><strong>rex</strong></span> 
     </span>
    </p>
   </div>
   <div class='ocr_carea' id='block_1_38' title="bbox 2096 2717 3723 2810">
    <p class='ocr_par' dir='ltr' id='par_1_38' title="bbox 2096 2717 3723 2792">
     <span class='ocr_line' id='line_1_38' title="bbox 2096 2717 3723 2792; baseline 0.005 -21"><span class='ocrx_word' id='word_1_323' title='bbox 2096 2717 2300 2774; x_wconf 89' lang='lat' dir='ltr'><strong>dicitur</strong></span> <span class='ocrx_word' id='word_1_324' title='bbox 2334 2718 2493 2785; x_wconf 87' lang='lat' dir='ltr'><strong>data;</strong></span> <span class='ocrx_word' id='word_1_325' title='bbox 2534 2721 2735 2792; x_wconf 85' lang='lat' dir='ltr'><strong>quippe</strong></span> <span class='ocrx_word' id='word_1_326' title='bbox 2773 2738 2894 2776; x_wconf 88' lang='lat' dir='ltr'><strong>cum</strong></span> <span class='ocrx_word' id='word_1_327' title='bbox 2926 2723 3038 2778; x_wconf 89' lang='lat' dir='ltr'><strong>cito</strong></span> <span class='ocrx_word' id='word_1_328' title='bbox 3072 2723 3262 2778; x_wconf 78' lang='lat' dir='ltr'><strong>evulsa:</strong></span> <span class='ocrx_word' id='word_1_329' title='bbox 3305 2734 3424 2778; x_wconf 75' lang='lat' dir='ltr'><strong>sunt</strong></span> <span class='ocrx_word' id='word_1_330' title='bbox 3463 2726 3573 2779; x_wconf 75' lang='lat' dir='ltr'><strong>ala:</strong></span> <span class='ocrx_word' id='word_1_331' title='bbox 3609 2725 3723 2779; x_wconf 76' lang='lat' dir='ltr'><strong>lio-</strong></span> 
     </span>
    </p>
   </div>
   <div class='ocr_carea' id='block_1_39' title="bbox 387 2812 1986 2904">
    <p class='ocr_par' dir='ltr' id='par_1_39' title="bbox 387 2831 1986 2904">
     <span class='ocr_line' id='line_1_39' title="bbox 387 2831 1986 2904; baseline -0.004 -14"><span class='ocrx_word' id='word_1_332' title='bbox 387 2833 504 2904; x_wconf 86' lang='lat' dir='ltr'><strong>ejus</strong></span> <span class='ocrx_word' id='word_1_333' title='bbox 535 2834 626 2898; x_wconf 90' lang='lat' dir='ltr'><strong>sit,</strong></span> <span class='ocrx_word' id='word_1_334' title='bbox 665 2832 723 2887; x_wconf 87' lang='lat' dir='ltr'><strong>lit</strong></span> <span class='ocrx_word' id='word_1_335' title='bbox 755 2846 812 2887; x_wconf 88' lang='lat' dir='ltr'><strong>ut</strong></span> <span class='ocrx_word' id='word_1_336' title='bbox 845 2843 1078 2904; x_wconf 85' lang='lat' dir='ltr'><strong>quatuor</strong></span> <span class='ocrx_word' id='word_1_337' title='bbox 1120 2832 1224 2886; x_wconf 77' lang='lat' dir='ltr'><strong>ala:</strong></span> <span class='ocrx_word' id='word_1_338' title='bbox 1255 2841 1310 2887; x_wconf 92' lang='lat' dir='ltr'><strong>et</strong></span> <span class='ocrx_word' id='word_1_339' title='bbox 1358 2831 1584 2887; x_wconf 84' lang='lat' dir='ltr'><strong>totidem</strong></span> <span class='ocrx_word' id='word_1_340' title='bbox 1631 2831 1806 2900; x_wconf 85' lang='lat' dir='ltr'><strong>capita</strong></span> <span class='ocrx_word' id='word_1_341' title='bbox 1863 2843 1986 2899; x_wconf 63' lang='lat' dir='ltr'><strong>quae</strong></span> 
     </span>
    </p>
   </div>
   <div class='ocr_carea' id='block_1_40' title="bbox 2096 2812 3722 2904">
    <p class='ocr_par' dir='ltr' id='par_1_40' title="bbox 2096 2812 3722 2888">
     <span class='ocr_line' id='line_1_40' title="bbox 2096 2812 3722 2888; baseline 0.005 -24"><span class='ocrx_word' id='word_1_342' title='bbox 2096 2826 2238 2874; x_wconf 88' lang='lat' dir='ltr'><strong>rum;</strong></span> <span class='ocrx_word' id='word_1_343' title='bbox 2265 2822 2320 2866; x_wconf 86' lang='lat' dir='ltr'><strong>et</strong></span> <span class='ocrx_word' id='word_1_344' title='bbox 2360 2812 2437 2866; x_wconf 90' lang='lat' dir='ltr'><strong>illi</strong></span> <span class='ocrx_word' id='word_1_345' title='bbox 2473 2813 2527 2866; x_wconf 85' lang='lat' dir='ltr'><strong>in</strong></span> <span class='ocrx_word' id='word_1_346' title='bbox 2571 2824 2716 2885; x_wconf 84' lang='lat' dir='ltr'><strong>parte</strong></span> <span class='ocrx_word' id='word_1_347' title='bbox 2770 2824 3044 2883; x_wconf 77' lang='lat' dir='ltr'><strong>steterunt,</strong></span> <span class='ocrx_word' id='word_1_348' title='bbox 3079 2816 3130 2871; x_wconf 87' lang='lat' dir='ltr'><strong>id</strong></span> <span class='ocrx_word' id='word_1_349' title='bbox 3176 2825 3280 2886; x_wconf 83' lang='lat' dir='ltr'><strong>est,</strong></span> <span class='ocrx_word' id='word_1_350' title='bbox 3313 2816 3473 2872; x_wconf 84' lang='lat' dir='ltr'><strong>Alani</strong></span> <span class='ocrx_word' id='word_1_351' title='bbox 3509 2818 3722 2888; x_wconf 84' lang='lat' dir='ltr'><strong>prius—</strong></span> 
     </span>
    </p>
   </div>
   <div class='ocr_carea' id='block_1_41' title="bbox 384 2907 3722 2996">
    <p class='ocr_par' dir='ltr' id='par_1_41' title="bbox 384 2907 3722 2996">
     <span class='ocr_line' id='line_1_41' title="bbox 384 2907 3722 2996; baseline 0.001 -32"><span class='ocrx_word' id='word_1_352' title='bbox 384 2942 550 2996; x_wconf 63' lang='grc' dir='ltr'><strong>ευβοι-</strong></span> <span class='ocrx_word' id='word_1_353' title='bbox 583 2926 794 2982; x_wconf 57' lang='lat' dir='ltr'><strong>mnia,“</strong></span> <span class='ocrx_word' id='word_1_354' title='bbox 825 2926 1053 2980; x_wconf 52' lang='lat' dir='ltr'><strong>bestiam</strong></span> <span class='ocrx_word' id='word_1_355' title='bbox 1085 2934 1262 2989; x_wconf 51' lang='lat' dir='ltr'><strong>em“,</strong></span> <span class='ocrx_word' id='word_1_356' title='bbox 1298 2935 1422 2978; x_wconf 73' lang='grc' dir='ltr'><strong>οοιο</strong></span> <span class='ocrx_word' id='word_1_357' title='bbox 1451 2937 1610 2994; x_wconf 62' lang='grc' dir='ltr'><strong>ηερε</strong></span> <span class='ocrx_word' id='word_1_358' title='bbox 1652 2921 1982 2992; x_wconf 62' lang='lat' dir='ltr'><strong>signiﬁcent,</strong></span> <span class='ocrx_word' id='word_1_359' title='bbox 2091 2919 2252 2974; x_wconf 91' lang='lat' dir='ltr'><strong>quam</strong></span> <span class='ocrx_word' id='word_1_360' title='bbox 2284 2907 2693 2963; x_wconf 84' lang='lat' dir='ltr'><strong>successionem</strong></span> <span class='ocrx_word' id='word_1_361' title='bbox 2721 2909 2872 2978; x_wconf 78' lang='lat' dir='ltr'><strong>regni</strong></span> <span class='ocrx_word' id='word_1_362' title='bbox 2904 2911 2987 2964; x_wconf 93' lang='lat' dir='ltr'><strong>sui</strong></span> <span class='ocrx_word' id='word_1_363' title='bbox 3024 2909 3292 2967; x_wconf 87' lang='lat' dir='ltr'><strong>haberent</strong></span> <span class='ocrx_word' id='word_1_364' title='bbox 3321 2911 3376 2967; x_wconf 91' lang='lat' dir='ltr'><strong>in</strong></span> <span class='ocrx_word' id='word_1_365' title='bbox 3407 2910 3722 2968; x_wconf 81' lang='lat' dir='ltr'><strong>Lusitania</strong></span> 
     </span>
    </p>
   </div>
   <div class='ocr_carea' id='block_1_42' title="bbox 389 3002 3720 3090">
    <p class='ocr_par' dir='ltr' id='par_1_42' title="bbox 389 3002 3720 3090">
     <span class='ocr_line' id='line_1_42' title="bbox 389 3002 3720 3090; baseline -0.002 -19"><span class='ocrx_word' id='word_1_366' title='bbox 389 3019 478 3090; x_wconf 90' lang='lat' dir='ltr'><strong>qui</strong></span> <span class='ocrx_word' id='word_1_367' title='bbox 511 3019 628 3088; x_wconf 87' lang='lat' dir='ltr'><strong>ejus</strong></span> <span class='ocrx_word' id='word_1_368' title='bbox 658 3018 838 3088; x_wconf 81' lang='lat' dir='ltr'><strong>regni,</strong></span> <span class='ocrx_word' id='word_1_369' title='bbox 868 3016 1449 3085; x_wconf 60' lang='lat' dir='ltr'><strong>suceessudemporis,</strong></span> <span class='ocrx_word' id='word_1_370' title='bbox 1501 3014 1740 3070; x_wconf 80' lang='lat' dir='ltr'><strong>habenas</strong></span> <span class='ocrx_word' id='word_1_371' title='bbox 1779 3013 1985 3068; x_wconf 85' lang='lat' dir='ltr'><strong>recturi</strong></span> <span class='ocrx_word' id='word_1_372' title='bbox 2091 3002 2354 3060; x_wconf 88' lang='lat' dir='ltr'><strong>destructi</strong></span> <span class='ocrx_word' id='word_1_373' title='bbox 2377 3005 2790 3073; x_wconf 85' lang='lat' dir='ltr'><strong>sunt,Waudali</strong></span> <span class='ocrx_word' id='word_1_374' title='bbox 2827 3024 2957 3064; x_wconf 81' lang='lat' dir='ltr'><strong>vero</strong></span> <span class='ocrx_word' id='word_1_375' title='bbox 2981 3009 3031 3062; x_wconf 93' lang='lat' dir='ltr'><strong>in</strong></span> <span class='ocrx_word' id='word_1_376' title='bbox 3057 3009 3297 3065; x_wconf 77' lang='lat' dir='ltr'><strong>Africam</strong></span> <span class='ocrx_word' id='word_1_377' title='bbox 3321 3022 3720 3067; x_wconf 83' lang='lat' dir='ltr'><strong>secesserunt.</strong></span> 
     </span>
    </p>
   </div>
   <div class='ocr_carea' id='block_1_43' title="bbox 388 3099 3721 3179">
    <p class='ocr_par' dir='ltr' id='par_1_43' title="bbox 388 3099 3721 3179">
     <span class='ocr_line' id='line_1_43' title="bbox 388 3099 3721 3179; baseline -0.002 -12"><span class='ocrx_word' id='word_1_378' title='bbox 388 3111 595 3167; x_wconf 81' lang='lat' dir='ltr'><strong>essent.</strong></span> <span class='ocrx_word' id='word_1_379' title='bbox 631 3113 694 3168; x_wconf 75' lang='grc' dir='ltr'><strong>ὅθ</strong></span> <span class='ocrx_word' id='word_1_380' title='bbox 724 3110 880 3177; x_wconf 86' lang='lat' dir='ltr'><strong>Quod</strong></span> <span class='ocrx_word' id='word_1_381' title='bbox 927 3109 1240 3179; x_wconf 85' lang='lat' dir='ltr'><strong>specialiter</strong></span> <span class='ocrx_word' id='word_1_382' title='bbox 1286 3107 1354 3163; x_wconf 90' lang='lat' dir='ltr'><strong>de</strong></span> <span class='ocrx_word' id='word_1_383' title='bbox 1403 3123 1464 3163; x_wconf 87' lang='lat' dir='ltr'><strong>ea</strong></span> <span class='ocrx_word' id='word_1_384' title='bbox 1514 3107 1794 3176; x_wconf 88' lang='lat' dir='ltr'><strong>scribitur,</strong></span> <span class='ocrx_word' id='word_1_385' title='bbox 1839 3104 1984 3176; x_wconf 92' lang='lat' dir='ltr'><strong>quod</strong></span> <span class='ocrx_word' id='word_1_386' title='bbox 2164 3099 2270 3155; x_wconf 88' lang='lat' dir='ltr'><strong>Sed</strong></span> <span class='ocrx_word' id='word_1_387' title='bbox 2303 3102 2658 3171; x_wconf 85' lang='lat' dir='ltr'><strong>quamobrem</strong></span> <span class='ocrx_word' id='word_1_388' title='bbox 2697 3113 2930 3173; x_wconf 90' lang='lat' dir='ltr'><strong>quatuor</strong></span> <span class='ocrx_word' id='word_1_389' title='bbox 2953 3104 3166 3175; x_wconf 89' lang='lat' dir='ltr'><strong>priores</strong></span> <span class='ocrx_word' id='word_1_390' title='bbox 3199 3121 3355 3176; x_wconf 78' lang='lat' dir='ltr'><strong>reges</strong></span> <span class='ocrx_word' id='word_1_391' title='bbox 3380 3106 3721 3161; x_wconf 83' lang='lat' dir='ltr'><strong>Suevorum</strong></span> 
     </span>
    </p>
   </div>
   <div class='ocr_carea' id='block_1_44' title="bbox 389 3191 3724 3277">
    <p class='ocr_par' dir='ltr' id='par_1_44' title="bbox 389 3191 3724 3277">
     <span class='ocr_line' id='line_1_44' title="bbox 389 3191 3724 3277; baseline -0.001 -19"><span class='ocrx_word' id='word_1_392' title='bbox 389 3214 634 3277; x_wconf 88' lang='lat' dir='ltr'><strong>potestas</strong></span> <span class='ocrx_word' id='word_1_393' title='bbox 659 3203 788 3259; x_wconf 86' lang='lat' dir='ltr'><strong>data</strong></span> <span class='ocrx_word' id='word_1_394' title='bbox 813 3211 901 3258; x_wconf 92' lang='lat' dir='ltr'><strong>est</strong></span> <span class='ocrx_word' id='word_1_395' title='bbox 936 3203 1008 3268; x_wconf 92' lang='lat' dir='ltr'><strong>ei,</strong></span> <span class='ocrx_word' id='word_1_396' title='bbox 1041 3203 1184 3274; x_wconf 90' lang='lat' dir='ltr'><strong>quod</strong></span> <span class='ocrx_word' id='word_1_397' title='bbox 1219 3212 1398 3257; x_wconf 90' lang='lat' dir='ltr'><strong>tamen</strong></span> <span class='ocrx_word' id='word_1_398' title='bbox 1437 3202 1505 3256; x_wconf 90' lang='lat' dir='ltr'><strong>de</strong></span> <span class='ocrx_word' id='word_1_399' title='bbox 1546 3201 1760 3256; x_wconf 89' lang='lat' dir='ltr'><strong>duabus</strong></span> <span class='ocrx_word' id='word_1_400' title='bbox 1793 3199 1988 3270; x_wconf 83' lang='lat' dir='ltr'><strong>priori-</strong></span> <span class='ocrx_word' id='word_1_401' title='bbox 2017 3191 2065 3257; x_wconf 86' lang='lat' dir='ltr'><strong>C</strong></span> <span class='ocrx_word' id='word_1_402' title='bbox 2096 3191 2216 3258; x_wconf 68' lang='lat' dir='ltr'><strong>01w.</strong></span> <span class='ocrx_word' id='word_1_403' title='bbox 2248 3202 2301 3247; x_wconf 79' lang='lat' dir='ltr'><strong>cl</strong></span> <span class='ocrx_word' id='word_1_404' title='bbox 2331 3202 2566 3263; x_wconf 72' lang='lat' dir='ltr'><strong>quatuor</strong></span> <span class='ocrx_word' id='word_1_405' title='bbox 2593 3195 2926 3264; x_wconf 87' lang='lat' dir='ltr'><strong>posteriores</strong></span> <span class='ocrx_word' id='word_1_406' title='bbox 2974 3198 3146 3268; x_wconf 84' lang='lat' dir='ltr'><strong>capita</strong></span> <span class='ocrx_word' id='word_1_407' title='bbox 3200 3207 3619 3267; x_wconf 84' lang='lat' dir='ltr'><strong>nuncupantur,</strong></span> <span class='ocrx_word' id='word_1_408' title='bbox 3659 3209 3724 3256; x_wconf 90' lang='lat' dir='ltr'><strong>ct</strong></span> 
     </span>
    </p>
   </div>
   <div class='ocr_carea' id='block_1_45' title="bbox 390 3287 3727 3366">
    <p class='ocr_par' dir='ltr' id='par_1_45' title="bbox 390 3287 3727 3366">
     <span class='ocr_line' id='line_1_45' title="bbox 390 3287 3727 3366; baseline -0.001 -12"><span class='ocrx_word' id='word_1_409' title='bbox 390 3297 495 3354; x_wconf 90' lang='lat' dir='ltr'><strong>bus</strong></span> <span class='ocrx_word' id='word_1_410' title='bbox 521 3298 724 3354; x_wconf 90' lang='lat' dir='ltr'><strong>dictum</strong></span> <span class='ocrx_word' id='word_1_411' title='bbox 759 3311 868 3353; x_wconf 87' lang='lat' dir='ltr'><strong>ttOn</strong></span> <span class='ocrx_word' id='word_1_412' title='bbox 908 3307 994 3352; x_wconf 87' lang='lat' dir='ltr'><strong>est</strong></span> <span class='ocrx_word' id='word_1_413' title='bbox 1029 3314 1041 3351; x_wconf 93' lang='lat'>:</span> <span class='ocrx_word' id='word_1_414' title='bbox 1077 3298 1164 3351; x_wconf 91' lang='lat' dir='ltr'><strong>ubi</strong></span> <span class='ocrx_word' id='word_1_415' title='bbox 1210 3295 1458 3366; x_wconf 78' lang='lat' dir='ltr'><strong>profecto</strong></span> <span class='ocrx_word' id='word_1_416' title='bbox 1508 3297 1773 3365; x_wconf 78' lang='lat' dir='ltr'><strong>innititur,</strong></span> <span class='ocrx_word' id='word_1_417' title='bbox 1811 3295 1987 3350; x_wconf 83' lang='lat' dir='ltr'><strong>natio-</strong></span> <span class='ocrx_word' id='word_1_418' title='bbox 2095 3298 2201 3338; x_wconf 80' lang='lat'><strong>&quot;0&quot;</strong></span> <span class='ocrx_word' id='word_1_419' title='bbox 2258 3299 2450 3340; x_wconf 74' lang='lat' dir='ltr'><strong>omnes</strong></span> <span class='ocrx_word' id='word_1_420' title='bbox 2497 3287 2702 3356; x_wconf 60' lang='lat' dir='ltr'><strong>Capua,</strong></span> <span class='ocrx_word' id='word_1_421' title='bbox 2749 3298 2843 3340; x_wconf 68' lang='grc' dir='ltr'><strong>τιυι</strong></span> <span class='ocrx_word' id='word_1_422' title='bbox 2895 3303 3000 3343; x_wconf 84' lang='lat' dir='ltr'><strong>n0n</strong></span> <span class='ocrx_word' id='word_1_423' title='bbox 3051 3304 3244 3344; x_wconf 70' lang='lat' dir='ltr'><strong>omnes</strong></span> <span class='ocrx_word' id='word_1_424' title='bbox 3293 3289 3433 3343; x_wconf 56' lang='lat' dir='ltr'><strong>alii}?</strong></span> <span class='ocrx_word' id='word_1_425' title='bbox 3475 3288 3551 3346; x_wconf 67' lang='lat' dir='ltr'><strong>U1</strong></span> <span class='ocrx_word' id='word_1_426' title='bbox 3598 3307 3727 3362; x_wconf 74' lang='lat' dir='ltr'><strong>ego</strong></span> 
     </span>
    </p>
   </div>
   <div class='ocr_carea' id='block_1_46' title="bbox 387 769 1977 844">
    <p class='ocr_par' dir='ltr' id='par_1_46' title="bbox 387 769 1977 844">
     <span class='ocr_line' id='line_1_46' title="bbox 387 769 1977 844; baseline -0.005 -14"><span class='ocrx_word' id='word_1_427' title='bbox 387 774 517 844; x_wconf 90' lang='lat' dir='ltr'><strong>poli,</strong></span> <span class='ocrx_word' id='word_1_428' title='bbox 546 773 886 844; x_wconf 86' lang='lat' dir='ltr'><strong>jugularunt,</strong></span> <span class='ocrx_word' id='word_1_429' title='bbox 913 772 1106 828; x_wconf 86' lang='lat' dir='ltr'><strong>scribit</strong></span> <span class='ocrx_word' id='word_1_430' title='bbox 1130 773 1246 840; x_wconf 86' lang='lat' dir='ltr'><strong>ipse</strong></span> <span class='ocrx_word' id='word_1_431' title='bbox 1271 770 1476 827; x_wconf 84' lang='lat' dir='ltr'><strong>ldatius</strong></span> <span class='ocrx_word' id='word_1_432' title='bbox 1507 771 1574 826; x_wconf 88' lang='lat' dir='ltr'><strong>ad</strong></span> <span class='ocrx_word' id='word_1_433' title='bbox 1599 787 1798 825; x_wconf 89' lang='lat' dir='ltr'><strong>annum</strong></span> <span class='ocrx_word' id='word_1_434' title='bbox 1821 769 1977 823; x_wconf 88' lang='lat' dir='ltr'><strong>Dom.</strong></span> 
     </span>
    </p>
   </div>
   <div class='ocr_carea' id='block_1_47' title="bbox 383 864 1982 939">
    <p class='ocr_par' dir='ltr' id='par_1_47' title="bbox 383 864 1982 939">
     <span class='ocr_line' id='line_1_47' title="bbox 383 864 1982 939; baseline -0.002 -16"><span class='ocrx_word' id='word_1_435' title='bbox 383 867 490 924; x_wconf 71' lang='grc'><strong>420</strong></span> <span class='ocrx_word' id='word_1_436' title='bbox 519 879 572 924; x_wconf 90' lang='lat' dir='ltr'><strong>et</strong></span> <span class='ocrx_word' id='word_1_437' title='bbox 599 869 724 924; x_wconf 69' lang='grc'><strong>427.</strong></span> <span class='ocrx_word' id='word_1_438' title='bbox 752 869 819 923; x_wconf 83' lang='grc' dir='ltr'><strong>Ει</strong></span> <span class='ocrx_word' id='word_1_439' title='bbox 848 868 1002 939; x_wconf 90' lang='lat' dir='ltr'><strong>quasi</strong></span> <span class='ocrx_word' id='word_1_440' title='bbox 1029 883 1215 938; x_wconf 89' lang='lat' dir='ltr'><strong>parum</strong></span> <span class='ocrx_word' id='word_1_441' title='bbox 1254 868 1322 928; x_wconf 89' lang='lat' dir='ltr'><strong>de</strong></span> <span class='ocrx_word' id='word_1_442' title='bbox 1363 865 1623 923; x_wconf 88' lang='lat' dir='ltr'><strong>carnibus</strong></span> <span class='ocrx_word' id='word_1_443' title='bbox 1653 864 1982 921; x_wconf 83' lang='lat' dir='ltr'><strong>Christianis</strong></span> 
     </span>
    </p>
   </div>
   <div class='ocr_carea' id='block_1_48' title="bbox 383 959 1984 1033">
    <p class='ocr_par' dir='ltr' id='par_1_48' title="bbox 383 959 1984 1033">
     <span class='ocr_line' id='line_1_48' title="bbox 383 959 1984 1033; baseline -0.001 -17"><span class='ocrx_word' id='word_1_444' title='bbox 383 961 773 1027; x_wconf 80' lang='lat' dir='ltr'><strong>comedissent,</strong></span> <span class='ocrx_word' id='word_1_445' title='bbox 820 978 1028 1033; x_wconf 76' lang='lat' dir='ltr'><strong>surgere</strong></span> <span class='ocrx_word' id='word_1_446' title='bbox 1077 977 1266 1016; x_wconf 90' lang='lat' dir='ltr'><strong>rursus</strong></span> <span class='ocrx_word' id='word_1_447' title='bbox 1311 962 1577 1031; x_wconf 85' lang='lat' dir='ltr'><strong>jubentur</strong></span> <span class='ocrx_word' id='word_1_448' title='bbox 1634 970 1681 1015; x_wconf 86' lang='lat' dir='ltr'><strong>et</strong></span> <span class='ocrx_word' id='word_1_449' title='bbox 1711 959 1984 1014; x_wconf 86' lang='lat' dir='ltr'><strong>comedere</strong></span> 
     </span>
    </p>
   </div>
   <div class='ocr_carea' id='block_1_49' title="bbox 383 1052 1983 1126">
    <p class='ocr_par' dir='ltr' id='par_1_49' title="bbox 383 1052 1983 1126">
     <span class='ocr_line' id='line_1_49' title="bbox 383 1052 1983 1126; baseline 0 -20"><span class='ocrx_word' id='word_1_450' title='bbox 383 1068 564 1108; x_wconf 78' lang='lat' dir='ltr'><strong>carnes</strong></span> <span class='ocrx_word' id='word_1_451' title='bbox 592 1053 868 1126; x_wconf 82' lang='lat' dir='ltr'><strong>plurimas,</strong></span> <span class='ocrx_word' id='word_1_452' title='bbox 902 1069 1010 1124; x_wconf 86' lang='lat' dir='ltr'><strong>quo</strong></span> <span class='ocrx_word' id='word_1_453' title='bbox 1043 1052 1338 1108; x_wconf 91' lang='lat' dir='ltr'><strong>denotatur</strong></span> <span class='ocrx_word' id='word_1_454' title='bbox 1371 1052 1671 1108; x_wconf 86' lang='lat' dir='ltr'><strong>Waudalos</strong></span> <span class='ocrx_word' id='word_1_455' title='bbox 1701 1068 1726 1104; x_wconf 91' lang='lat' dir='ltr'><strong>a</strong></span> <span class='ocrx_word' id='word_1_456' title='bbox 1760 1052 1983 1107; x_wconf 67' lang='lat' dir='ltr'><strong>sedibus</strong></span> 
     </span>
    </p>
   </div>
   <div class='ocr_carea' id='block_1_50' title="bbox 382 1147 1983 1219">
    <p class='ocr_par' dir='ltr' id='par_1_50' title="bbox 382 1147 1983 1219">
     <span class='ocr_line' id='line_1_50' title="bbox 382 1147 1983 1219; baseline -0.001 -17"><span class='ocrx_word' id='word_1_457' title='bbox 382 1163 518 1218; x_wconf 91' lang='lat' dir='ltr'><strong>quas</strong></span> <span class='ocrx_word' id='word_1_458' title='bbox 557 1148 711 1219; x_wconf 90' lang='lat' dir='ltr'><strong>prius</strong></span> <span class='ocrx_word' id='word_1_459' title='bbox 739 1148 792 1202; x_wconf 91' lang='lat' dir='ltr'><strong>in</strong></span> <span class='ocrx_word' id='word_1_460' title='bbox 834 1147 1096 1218; x_wconf 90' lang='lat' dir='ltr'><strong>Hispania</strong></span> <span class='ocrx_word' id='word_1_461' title='bbox 1139 1147 1418 1202; x_wconf 88' lang='lat' dir='ltr'><strong>habebant</strong></span> <span class='ocrx_word' id='word_1_462' title='bbox 1465 1147 1795 1215; x_wconf 74' lang='lat' dir='ltr'><strong>surrexisse,</strong></span> <span class='ocrx_word' id='word_1_463' title='bbox 1828 1154 1883 1201; x_wconf 92' lang='lat' dir='ltr'><strong>et</strong></span> <span class='ocrx_word' id='word_1_464' title='bbox 1929 1149 1983 1200; x_wconf 90' lang='lat' dir='ltr'><strong>in</strong></span> 
     </span>
    </p>
   </div>
   <div class='ocr_carea' id='block_1_51' title="bbox 385 1238 1984 1312">
    <p class='ocr_par' dir='ltr' id='par_1_51' title="bbox 385 1238 1984 1312">
     <span class='ocr_line' id='line_1_51' title="bbox 385 1238 1984 1312; baseline -0.001 -18"><span class='ocrx_word' id='word_1_465' title='bbox 385 1238 623 1294; x_wconf 78' lang='lat' dir='ltr'><strong>Africam</strong></span> <span class='ocrx_word' id='word_1_466' title='bbox 661 1238 1072 1307; x_wconf 78' lang='lat' dir='ltr'><strong>transfretasse,</strong></span> <span class='ocrx_word' id='word_1_467' title='bbox 1102 1241 1191 1296; x_wconf 90' lang='lat' dir='ltr'><strong>ubi</strong></span> <span class='ocrx_word' id='word_1_468' title='bbox 1234 1240 1677 1312; x_wconf 87' lang='lat' dir='ltr'><strong>persecutionem</strong></span> <span class='ocrx_word' id='word_1_469' title='bbox 1703 1239 1848 1294; x_wconf 85' lang='lat' dir='ltr'><strong>illam</strong></span> <span class='ocrx_word' id='word_1_470' title='bbox 1881 1255 1984 1294; x_wconf 86' lang='lat' dir='ltr'><strong>no-</strong></span> 
     </span>
    </p>
   </div>
   <div class='ocr_carea' id='block_1_52' title="bbox 383 1329 1984 1403">
    <p class='ocr_par' dir='ltr' id='par_1_52' title="bbox 383 1329 1984 1403">
     <span class='ocr_line' id='line_1_52' title="bbox 383 1329 1984 1403; baseline 0.001 -16"><span class='ocrx_word' id='word_1_471' title='bbox 383 1329 672 1397; x_wconf 86' lang='lat' dir='ltr'><strong>tissimam,</strong></span> <span class='ocrx_word' id='word_1_472' title='bbox 702 1333 771 1390; x_wconf 89' lang='lat' dir='ltr'><strong>ab</strong></span> <span class='ocrx_word' id='word_1_473' title='bbox 799 1335 882 1389; x_wconf 90' lang='lat' dir='ltr'><strong>eis</strong></span> <span class='ocrx_word' id='word_1_474' title='bbox 915 1333 1288 1390; x_wconf 85' lang='lat' dir='ltr'><strong>Wandalicam</strong></span> <span class='ocrx_word' id='word_1_475' title='bbox 1334 1345 1984 1403; x_wconf 87' lang='lat' dir='ltr'><strong>nuncupatam,commo-</strong></span> 
     </span>
    </p>
   </div>
   <div class='ocr_carea' id='block_1_53' title="bbox 382 1427 1984 1501">
    <p class='ocr_par' dir='ltr' id='par_1_53' title="bbox 382 1427 1984 1501">
     <span class='ocr_line' id='line_1_53' title="bbox 382 1427 1984 1501; baseline 0.001 -19"><span class='ocrx_word' id='word_1_476' title='bbox 382 1437 602 1495; x_wconf 83' lang='lat' dir='ltr'><strong>verunt,</strong></span> <span class='ocrx_word' id='word_1_477' title='bbox 625 1443 788 1486; x_wconf 90' lang='lat' dir='ltr'><strong>causa</strong></span> <span class='ocrx_word' id='word_1_478' title='bbox 815 1430 1109 1485; x_wconf 85' lang='lat' dir='ltr'><strong>Ariauismi</strong></span> <span class='ocrx_word' id='word_1_479' title='bbox 1139 1427 1590 1500; x_wconf 76' lang='lat' dir='ltr'><strong>inducendi,qu:e</strong></span> <span class='ocrx_word' id='word_1_480' title='bbox 1614 1437 1693 1484; x_wconf 90' lang='lat' dir='ltr'><strong>tot</strong></span> <span class='ocrx_word' id='word_1_481' title='bbox 1715 1428 1984 1501; x_wconf 89' lang='lat' dir='ltr'><strong>myriades</strong></span> 
     </span>
    </p>
   </div>
   <div class='ocr_carea' id='block_1_54' title="bbox 385 1521 1982 1597">
    <p class='ocr_par' dir='ltr' id='par_1_54' title="bbox 385 1521 1982 1597">
     <span class='ocr_line' id='line_1_54' title="bbox 385 1521 1982 1597; baseline -0.001 -19"><span class='ocrx_word' id='word_1_482' title='bbox 385 1535 688 1597; x_wconf 88' lang='lat' dir='ltr'><strong>martyrum</strong></span> <span class='ocrx_word' id='word_1_483' title='bbox 727 1525 840 1580; x_wconf 90' lang='lat' dir='ltr'><strong>Deo</strong></span> <span class='ocrx_word' id='word_1_484' title='bbox 873 1526 1224 1580; x_wconf 87' lang='lat' dir='ltr'><strong>consecravit</strong></span> <span class='ocrx_word' id='word_1_485' title='bbox 1287 1535 1342 1580; x_wconf 89' lang='lat' dir='ltr'><strong>et</strong></span> <span class='ocrx_word' id='word_1_486' title='bbox 1394 1539 1422 1577; x_wconf 88' lang='lat' dir='ltr'><strong>a</strong></span> <span class='ocrx_word' id='word_1_487' title='bbox 1480 1525 1697 1579; x_wconf 85' lang='lat' dir='ltr'><strong>Victore</strong></span> <span class='ocrx_word' id='word_1_488' title='bbox 1742 1521 1982 1580; x_wconf 88' lang='lat' dir='ltr'><strong>Uticensi</strong></span> 
     </span>
    </p>
   </div>
   <div class='ocr_carea' id='block_1_55' title="bbox 391 3379 1986 3463">
    <p class='ocr_par' dir='ltr' id='par_1_55' title="bbox 391 3389 1986 3463">
     <span class='ocr_line' id='line_1_55' title="bbox 391 3389 1986 3463; baseline -0.003 -15"><span class='ocrx_word' id='word_1_489' title='bbox 391 3408 514 3448; x_wconf 90' lang='lat' dir='ltr'><strong>nem</strong></span> <span class='ocrx_word' id='word_1_490' title='bbox 534 3408 630 3463; x_wconf 84' lang='lat' dir='ltr'><strong>per</strong></span> <span class='ocrx_word' id='word_1_491' title='bbox 651 3407 770 3447; x_wconf 90' lang='lat' dir='ltr'><strong>eam</strong></span> <span class='ocrx_word' id='word_1_492' title='bbox 795 3390 1027 3445; x_wconf 88' lang='lat' dir='ltr'><strong>bestiam</strong></span> <span class='ocrx_word' id='word_1_493' title='bbox 1054 3389 1738 3460; x_wconf 83' lang='lat' dir='ltr'><strong>signiticatam,peculiare</strong></span> <span class='ocrx_word' id='word_1_494' title='bbox 1759 3403 1986 3459; x_wconf 90' lang='lat' dir='ltr'><strong>regnum</strong></span> 
     </span>
    </p>
   </div>
   <div class='ocr_carea' id='block_1_56' title="bbox 2096 3379 3727 3463">
    <p class='ocr_par' dir='ltr' id='par_1_56' title="bbox 2098 3379 3727 3454">
     <span class='ocr_line' id='line_1_56' title="bbox 2098 3379 3727 3454; baseline 0.006 -22"><span class='ocrx_word' id='word_1_495' title='bbox 2098 3379 2376 3447; x_wconf 79' lang='lat' dir='ltr'><strong>existimo,</strong></span> <span class='ocrx_word' id='word_1_496' title='bbox 2413 3380 2670 3451; x_wconf 89' lang='lat' dir='ltr'><strong>quoniam</strong></span> <span class='ocrx_word' id='word_1_497' title='bbox 2707 3389 2942 3452; x_wconf 70' lang='lat' dir='ltr'><strong>quatuor</strong></span> <span class='ocrx_word' id='word_1_498' title='bbox 2983 3382 3195 3452; x_wconf 90' lang='lat' dir='ltr'><strong>priores</strong></span> <span class='ocrx_word' id='word_1_499' title='bbox 3234 3382 3545 3439; x_wconf 89' lang='lat' dir='ltr'><strong>incredibili</strong></span> <span class='ocrx_word' id='word_1_500' title='bbox 3580 3401 3727 3454; x_wconf 61' lang='lat' dir='ltr'><strong>per-</strong></span> 
     </span>
    </p>
   </div>
   <div class='ocr_carea' id='block_1_57' title="bbox 2097 3471 3726 3546">
    <p class='ocr_par' dir='ltr' id='par_1_57' title="bbox 2097 3471 3726 3546">
     <span class='ocr_line' id='line_1_57' title="bbox 2097 3471 3726 3546; baseline 0.006 -21"><span class='ocrx_word' id='word_1_501' title='bbox 2097 3471 2320 3527; x_wconf 92' lang='lat' dir='ltr'><strong>nicitate</strong></span> <span class='ocrx_word' id='word_1_502' title='bbox 2368 3473 2614 3528; x_wconf 78' lang='lat' dir='ltr'><strong>diversas</strong></span> <span class='ocrx_word' id='word_1_503' title='bbox 2670 3482 3015 3544; x_wconf 66' lang='lat' dir='ltr'><strong>remotasque</strong></span> <span class='ocrx_word' id='word_1_504' title='bbox 3060 3474 3333 3546; x_wconf 72' lang='lat' dir='ltr'><strong>Hispania:</strong></span> <span class='ocrx_word' id='word_1_505' title='bbox 3379 3475 3726 3546; x_wconf 71' lang='lat' dir='ltr'><strong>provincias</strong></span> 
     </span>
    </p>
   </div>
   <div class='ocr_carea' id='block_1_58' title="bbox 2095 3560 3726 3638">
    <p class='ocr_par' dir='ltr' id='par_1_58' title="bbox 2095 3560 3726 3638">
     <span class='ocr_line' id='line_1_58' title="bbox 2095 3560 3726 3638; baseline 0.007 -22"><span class='ocrx_word' id='word_1_506' title='bbox 2095 3560 2400 3632; x_wconf 66' lang='lat' dir='ltr'><strong>deprre’dati</strong></span> <span class='ocrx_word' id='word_1_507' title='bbox 2424 3573 2571 3631; x_wconf 89' lang='lat' dir='ltr'><strong>sunt;</strong></span> <span class='ocrx_word' id='word_1_508' title='bbox 2600 3566 2936 3634; x_wconf 87' lang='lat' dir='ltr'><strong>posteriores</strong></span> <span class='ocrx_word' id='word_1_509' title='bbox 2966 3568 3211 3634; x_wconf 91' lang='lat' dir='ltr'><strong>quietem</strong></span> <span class='ocrx_word' id='word_1_510' title='bbox 3238 3566 3442 3638; x_wconf 85' lang='lat' dir='ltr'><strong>adepti,</strong></span> <span class='ocrx_word' id='word_1_511' title='bbox 3467 3569 3726 3638; x_wconf 77' lang='lat' dir='ltr'><strong>pacificc</strong></span> 
     </span>
    </p>
   </div>
   <div class='ocr_carea' id='block_1_59' title="bbox 2097 3648 3726 3732">
    <p class='ocr_par' dir='ltr' id='par_1_59' title="bbox 2097 3648 3726 3732">
     <span class='ocr_line' id='line_1_59' title="bbox 2097 3648 3726 3732; baseline 0.006 -22"><span class='ocrx_word' id='word_1_512' title='bbox 2097 3665 2285 3726; x_wconf 86' lang='lat' dir='ltr'><strong>gentes</strong></span> <span class='ocrx_word' id='word_1_513' title='bbox 2338 3670 2466 3711; x_wconf 88' lang='lat' dir='ltr'><strong>suas</strong></span> <span class='ocrx_word' id='word_1_514' title='bbox 2518 3657 2922 3728; x_wconf 83' lang='lat' dir='ltr'><strong>gubernarunt.</strong></span> <span class='ocrx_word' id='word_1_515' title='bbox 2959 3648 3326 3715; x_wconf 75' lang='lat' dir='ltr'><strong>Hermenricus</strong></span> <span class='ocrx_word' id='word_1_516' title='bbox 3367 3663 3582 3732; x_wconf 61' lang='lat' dir='ltr'><strong>sa&#39;pius</strong></span> <span class='ocrx_word' id='word_1_517' title='bbox 3615 3682 3726 3720; x_wconf 86' lang='lat' dir='ltr'><strong>eas</strong></span> 
     </span>
    </p>
   </div>
   <div class='ocr_carea' id='block_1_60' title="bbox 2098 3747 3722 3826">
    <p class='ocr_par' dir='ltr' id='par_1_60' title="bbox 2098 3747 3722 3826">
     <span class='ocr_line' id='line_1_60' title="bbox 2098 3747 3722 3826; baseline 0.006 -22"><span class='ocrx_word' id='word_1_518' title='bbox 2098 3747 2374 3804; x_wconf 69' lang='lat' dir='ltr'><strong>Callazcizn</strong></span> <span class='ocrx_word' id='word_1_519' title='bbox 2406 3758 2588 3822; x_wconf 86' lang='lat' dir='ltr'><strong>partes</strong></span> <span class='ocrx_word' id='word_1_520' title='bbox 2614 3768 2734 3819; x_wconf 77' lang='lat' dir='ltr'><strong>qua:</strong></span> <span class='ocrx_word' id='word_1_521' title='bbox 2775 3753 2877 3809; x_wconf 92' lang='lat' dir='ltr'><strong>sub</strong></span> <span class='ocrx_word' id='word_1_522' title='bbox 2906 3752 3023 3824; x_wconf 91' lang='lat' dir='ltr'><strong>ipso</strong></span> <span class='ocrx_word' id='word_1_523' title='bbox 3051 3769 3158 3808; x_wconf 92' lang='lat' dir='ltr'><strong>non</strong></span> <span class='ocrx_word' id='word_1_524' title='bbox 3191 3763 3350 3810; x_wconf 87' lang='lat' dir='ltr'><strong>erant</strong></span> <span class='ocrx_word' id='word_1_525' title='bbox 3378 3754 3722 3826; x_wconf 55' lang='lat' dir='ltr'><strong>infestavit;</strong></span> 
     </span>
    </p>
   </div>
   <div class='ocr_carea' id='block_1_61' title="bbox 2096 3839 3723 3921">
    <p class='ocr_par' dir='ltr' id='par_1_61' title="bbox 2096 3839 3723 3921">
     <span class='ocr_line' id='line_1_61' title="bbox 2096 3839 3723 3921; baseline 0.009 -27"><span class='ocrx_word' id='word_1_526' title='bbox 2096 3839 2330 3896; x_wconf 84' lang='lat' dir='ltr'><strong>Richan</strong></span> <span class='ocrx_word' id='word_1_527' title='bbox 2361 3844 2590 3913; x_wconf 87' lang='lat' dir='ltr'><strong>primum</strong></span> <span class='ocrx_word' id='word_1_528' title='bbox 2627 3844 2928 3900; x_wconf 87' lang='lat' dir='ltr'><strong>Emeritam</strong></span> <span class='ocrx_word' id='word_1_529' title='bbox 2979 3862 3150 3918; x_wconf 91' lang='lat' dir='ltr'><strong>usque</strong></span> <span class='ocrx_word' id='word_1_530' title='bbox 3194 3849 3462 3918; x_wconf 82' lang='lat' dir='ltr'><strong>pervenit,</strong></span> <span class='ocrx_word' id='word_1_531' title='bbox 3502 3865 3723 3921; x_wconf 83' lang='lat' dir='ltr'><strong>postea</strong></span> 
     </span>
    </p>
   </div>
   <div class='ocr_carea' id='block_1_62' title="bbox 2096 3935 3726 4014">
    <p class='ocr_par' dir='ltr' id='par_1_62' title="bbox 2096 3935 3726 4014">
     <span class='ocr_line' id='line_1_62' title="bbox 2096 3935 3726 4014; baseline 0.007 -24"><span class='ocrx_word' id='word_1_532' title='bbox 2096 3935 2354 3991; x_wconf 73' lang='lat' dir='ltr'><strong>Baeticam</strong></span> <span class='ocrx_word' id='word_1_533' title='bbox 2406 3945 2462 3992; x_wconf 92' lang='lat' dir='ltr'><strong>et</strong></span> <span class='ocrx_word' id='word_1_534' title='bbox 2507 3937 2997 4008; x_wconf 88' lang='lat' dir='ltr'><strong>Carthaginensem</strong></span> <span class='ocrx_word' id='word_1_535' title='bbox 3050 3939 3361 4010; x_wconf 85' lang='lat' dir='ltr'><strong>provincias</strong></span> <span class='ocrx_word' id='word_1_536' title='bbox 3402 3956 3726 4014; x_wconf 85' lang='lat' dir='ltr'><strong>aggressus</strong></span> 
     </span>
    </p>
   </div>
   <div class='ocr_carea' id='block_1_63' title="bbox 2097 4027 3722 4098">
    <p class='ocr_par' dir='ltr' id='par_1_63' title="bbox 2097 4027 3722 4098">
     <span class='ocr_line' id='line_1_63' title="bbox 2097 4027 3722 4098; baseline 0.006 -15"><span class='ocrx_word' id='word_1_537' title='bbox 2097 4037 2213 4094; x_wconf 90' lang='lat' dir='ltr'><strong>est;</strong></span> <span class='ocrx_word' id='word_1_538' title='bbox 2240 4027 2535 4084; x_wconf 76' lang='lat' dir='ltr'><strong>Ricciarius</strong></span> <span class='ocrx_word' id='word_1_539' title='bbox 2566 4029 2862 4086; x_wconf 77' lang='lat' dir='ltr'><strong>Vasconias</strong></span> <span class='ocrx_word' id='word_1_540' title='bbox 2889 4030 3212 4098; x_wconf 81' lang='lat' dir='ltr'><strong>devaStavit,</strong></span> <span class='ocrx_word' id='word_1_541' title='bbox 3241 4041 3297 4088; x_wconf 89' lang='lat' dir='ltr'><strong>et</strong></span> <span class='ocrx_word' id='word_1_542' title='bbox 3327 4032 3453 4089; x_wconf 88' lang='lat' dir='ltr'><strong>inde</strong></span> <span class='ocrx_word' id='word_1_543' title='bbox 3479 4035 3722 4093; x_wconf 71' lang='lat' dir='ltr'><strong>thsar-</strong></span> 
     </span>
    </p>
   </div>
   <div class='ocr_carea' id='block_1_64' title="bbox 2096 4124 3724 4194">
    <p class='ocr_par' dir='ltr' id='par_1_64' title="bbox 2096 4124 3724 4194">
     <span class='ocr_line' id='line_1_64' title="bbox 2096 4124 3724 4194; baseline 0.009 -20"><span class='ocrx_word' id='word_1_544' title='bbox 2096 4133 2384 4192; x_wconf 66' lang='lat' dir='ltr'><strong>augustam</strong></span> <span class='ocrx_word' id='word_1_545' title='bbox 2413 4131 2470 4179; x_wconf 91' lang='lat' dir='ltr'><strong>et</strong></span> <span class='ocrx_word' id='word_1_546' title='bbox 2515 4124 2778 4194; x_wconf 89' lang='lat' dir='ltr'><strong>Ilerdam;</strong></span> <span class='ocrx_word' id='word_1_547' title='bbox 2814 4125 3026 4181; x_wconf 85' lang='lat' dir='ltr'><strong>Maldra</strong></span> <span class='ocrx_word' id='word_1_548' title='bbox 3067 4125 3414 4190; x_wconf 83' lang='lat' dir='ltr'><strong>Ulixbonam.</strong></span> <span class='ocrx_word' id='word_1_549' title='bbox 3437 4137 3496 4184; x_wconf 90' lang='lat' dir='ltr'><strong>et</strong></span> <span class='ocrx_word' id='word_1_550' title='bbox 3527 4138 3724 4188; x_wconf 87' lang='lat' dir='ltr'><strong>totam</strong></span> 
     </span>
    </p>
   </div>
   <div class='ocr_carea' id='block_1_65' title="bbox 2096 4216 3722 4296">
    <p class='ocr_par' dir='ltr' id='par_1_65' title="bbox 2096 4216 3722 4296">
     <span class='ocr_line' id='line_1_65' title="bbox 2096 4216 3722 4296; baseline 0.005 -24"><span class='ocrx_word' id='word_1_551' title='bbox 2096 4216 2430 4273; x_wconf 88' lang='lat' dir='ltr'><strong>Lusitaniam</strong></span> <span class='ocrx_word' id='word_1_552' title='bbox 2459 4217 2686 4289; x_wconf 92' lang='lat' dir='ltr'><strong>diripuit</strong></span> <span class='ocrx_word' id='word_1_553' title='bbox 2717 4221 2932 4288; x_wconf 90' lang='lat' dir='ltr'><strong>(scribit</strong></span> <span class='ocrx_word' id='word_1_554' title='bbox 2965 4221 3032 4275; x_wconf 89' lang='lat' dir='ltr'><strong>de</strong></span> <span class='ocrx_word' id='word_1_555' title='bbox 3075 4221 3191 4291; x_wconf 67' lang='lat' dir='ltr'><strong>(jus</strong></span> <span class='ocrx_word' id='word_1_556' title='bbox 3229 4221 3396 4292; x_wconf 87' lang='lat' dir='ltr'><strong>gestis</strong></span> <span class='ocrx_word' id='word_1_557' title='bbox 3424 4219 3722 4296; x_wconf 87' lang='lat' dir='ltr'><strong>ldatins);</strong></span> 
     </span>
    </p>
   </div>
   <div class='ocr_carea' id='block_1_66' title="bbox 388 3475 1991 3554">
    <p class='ocr_par' dir='ltr' id='par_1_66' title="bbox 388 3475 1991 3554">
     <span class='ocr_line' id='line_1_66' title="bbox 388 3475 1991 3554; baseline -0.001 -14"><span class='ocrx_word' id='word_1_558' title='bbox 388 3485 739 3542; x_wconf 84' lang='lat' dir='ltr'><strong>fundaturam</strong></span> <span class='ocrx_word' id='word_1_559' title='bbox 779 3494 835 3540; x_wconf 91' lang='lat' dir='ltr'><strong>et</strong></span> <span class='ocrx_word' id='word_1_560' title='bbox 872 3497 1276 3554; x_wconf 79' lang='lat' dir='ltr'><strong>possessorum,</strong></span> <span class='ocrx_word' id='word_1_561' title='bbox 1305 3475 1474 3554; x_wconf 88' lang='lat' dir='ltr'><strong>longo</strong></span> <span class='ocrx_word' id='word_1_562' title='bbox 1518 3483 1780 3554; x_wconf 88' lang='lat' dir='ltr'><strong>temporis</strong></span> <span class='ocrx_word' id='word_1_563' title='bbox 1819 3484 1991 3538; x_wconf 91' lang='lat' dir='ltr'><strong>inter-</strong></span> 
     </span>
    </p>
   </div>
   <div class='ocr_carea' id='block_1_67' title="bbox 391 3575 1991 3648">
    <p class='ocr_par' dir='ltr' id='par_1_67' title="bbox 391 3575 1991 3648">
     <span class='ocr_line' id='line_1_67' title="bbox 391 3575 1991 3648; baseline -0.001 -14"><span class='ocrx_word' id='word_1_564' title='bbox 391 3579 536 3634; x_wconf 83' lang='lat' dir='ltr'><strong>vallo</strong></span> <span class='ocrx_word' id='word_1_565' title='bbox 570 3593 667 3648; x_wconf 88' lang='lat' dir='ltr'><strong>per</strong></span> <span class='ocrx_word' id='word_1_566' title='bbox 698 3578 992 3633; x_wconf 89' lang='lat' dir='ltr'><strong>multorum</strong></span> <span class='ocrx_word' id='word_1_567' title='bbox 1036 3592 1226 3647; x_wconf 83' lang='lat' dir='ltr'><strong>regum</strong></span> <span class='ocrx_word' id='word_1_568' title='bbox 1270 3577 1410 3632; x_wconf 83' lang='lat' dir='ltr'><strong>vitas</strong></span> <span class='ocrx_word' id='word_1_569' title='bbox 1446 3576 1631 3631; x_wconf 89' lang='lat' dir='ltr'><strong>ducto.</strong></span> <span class='ocrx_word' id='word_1_570' title='bbox 1673 3575 1817 3631; x_wconf 80' lang='lat' dir='ltr'><strong>Nihil</strong></span> <span class='ocrx_word' id='word_1_571' title='bbox 1860 3592 1991 3633; x_wconf 78' lang='lat' dir='ltr'><strong>vero</strong></span> 
     </span>
    </p>
   </div>
   <div class='ocr_carea' id='block_1_68' title="bbox 389 3670 1990 3741">
    <p class='ocr_par' dir='ltr' id='par_1_68' title="bbox 389 3670 1990 3741">
     <span class='ocr_line' id='line_1_68' title="bbox 389 3670 1990 3741; baseline -0.002 -12"><span class='ocrx_word' id='word_1_572' title='bbox 389 3671 636 3729; x_wconf 77' lang='lat' dir='ltr'><strong>exactius</strong></span> <span class='ocrx_word' id='word_1_573' title='bbox 662 3671 870 3729; x_wconf 82' lang='lat' dir='ltr'><strong>Suevos</strong></span> <span class='ocrx_word' id='word_1_574' title='bbox 912 3670 1240 3726; x_wconf 89' lang='lat' dir='ltr'><strong>adumbrare</strong></span> <span class='ocrx_word' id='word_1_575' title='bbox 1280 3679 1484 3741; x_wconf 87' lang='lat' dir='ltr'><strong>posset,</strong></span> <span class='ocrx_word' id='word_1_576' title='bbox 1516 3671 1604 3739; x_wconf 88' lang='lat' dir='ltr'><strong>qui</strong></span> <span class='ocrx_word' id='word_1_577' title='bbox 1638 3670 1873 3740; x_wconf 87' lang='lat' dir='ltr'><strong>speciale</strong></span> <span class='ocrx_word' id='word_1_578' title='bbox 1902 3685 1990 3725; x_wconf 81' lang='lat' dir='ltr'><strong>re-</strong></span> 
     </span>
    </p>
   </div>
   <div class='ocr_carea' id='block_1_69' title="bbox 391 3764 1985 3837">
    <p class='ocr_par' dir='ltr' id='par_1_69' title="bbox 391 3764 1985 3837">
     <span class='ocr_line' id='line_1_69' title="bbox 391 3764 1985 3837; baseline -0.004 -14"><span class='ocrx_word' id='word_1_579' title='bbox 391 3783 560 3836; x_wconf 78' lang='lat' dir='ltr'><strong>gnum</strong></span> <span class='ocrx_word' id='word_1_580' title='bbox 593 3766 904 3822; x_wconf 88' lang='lat' dir='ltr'><strong>habuerunt</strong></span> <span class='ocrx_word' id='word_1_581' title='bbox 932 3767 986 3822; x_wconf 91' lang='lat' dir='ltr'><strong>in</strong></span> <span class='ocrx_word' id='word_1_582' title='bbox 1021 3765 1298 3837; x_wconf 83' lang='lat' dir='ltr'><strong>Hispania,</strong></span> <span class='ocrx_word' id='word_1_583' title='bbox 1330 3764 1475 3837; x_wconf 92' lang='lat' dir='ltr'><strong>quod</strong></span> <span class='ocrx_word' id='word_1_584' title='bbox 1509 3773 1688 3820; x_wconf 90' lang='lat' dir='ltr'><strong>tamen</strong></span> <span class='ocrx_word' id='word_1_585' title='bbox 1722 3780 1823 3820; x_wconf 92' lang='lat' dir='ltr'><strong>nec</strong></span> <span class='ocrx_word' id='word_1_586' title='bbox 1853 3765 1985 3820; x_wconf 81' lang='lat' dir='ltr'><strong>Ala-</strong></span> 
     </span>
    </p>
   </div>
   <div class='ocr_carea' id='block_1_70' title="bbox 386 3843 1990 3928">
    <p class='ocr_par' dir='ltr' id='par_1_70' title="bbox 386 3843 1990 3928">
     <span class='ocr_line' id='line_1_70' title="bbox 386 3843 1990 3928; baseline -0.003 -12"><span class='ocrx_word' id='word_1_587' title='bbox 386 3860 466 3928; x_wconf 91' lang='lat' dir='ltr'><strong>ni,</strong></span> <span class='ocrx_word' id='word_1_588' title='bbox 501 3876 603 3917; x_wconf 88' lang='lat' dir='ltr'><strong>nec</strong></span> <span class='ocrx_word' id='word_1_589' title='bbox 645 3859 898 3916; x_wconf 85' lang='lat' dir='ltr'><strong>Wandali</strong></span> <span class='ocrx_word' id='word_1_590' title='bbox 945 3859 1290 3914; x_wconf 77' lang='lat' dir='ltr'><strong>l‘undavere:</strong></span> <span class='ocrx_word' id='word_1_591' title='bbox 1345 3870 1398 3913; x_wconf 90' lang='lat' dir='ltr'><strong>et</strong></span> <span class='ocrx_word' id='word_1_592' title='bbox 1438 3857 1504 3912; x_wconf 91' lang='lat' dir='ltr'><strong>ad</strong></span> <span class='ocrx_word' id='word_1_593' title='bbox 1557 3843 1761 3913; x_wconf 84' lang='lat' dir='ltr'><strong>tantam</strong></span> <span class='ocrx_word' id='word_1_594' title='bbox 1814 3855 1990 3912; x_wconf 87' lang='lat' dir='ltr'><strong>indies</strong></span> 
     </span>
    </p>
   </div>
   <div class='ocr_carea' id='block_1_71' title="bbox 388 3948 1987 4022">
    <p class='ocr_par' dir='ltr' id='par_1_71' title="bbox 388 3948 1987 4022">
     <span class='ocr_line' id='line_1_71' title="bbox 388 3948 1987 4022; baseline -0.003 -14"><span class='ocrx_word' id='word_1_595' title='bbox 388 3952 740 4009; x_wconf 88' lang='lat' dir='ltr'><strong>devenerunt</strong></span> <span class='ocrx_word' id='word_1_596' title='bbox 772 3951 1033 4022; x_wconf 76' lang='lat' dir='ltr'><strong>potentia:</strong></span> <span class='ocrx_word' id='word_1_597' title='bbox 1069 3950 1526 4022; x_wconf 85' lang='lat' dir='ltr'><strong>magnitudinem,</strong></span> <span class='ocrx_word' id='word_1_598' title='bbox 1561 3959 1617 4004; x_wconf 93' lang='lat' dir='ltr'><strong>ut</strong></span> <span class='ocrx_word' id='word_1_599' title='bbox 1645 3949 1713 4006; x_wconf 88' lang='lat' dir='ltr'><strong>de</strong></span> <span class='ocrx_word' id='word_1_600' title='bbox 1742 3948 1987 4005; x_wconf 82' lang='lat' dir='ltr'><strong>Rcchilla</strong></span> 
     </span>
    </p>
   </div>
   <div class='ocr_carea' id='block_1_72' title="bbox 388 4044 1984 4118">
    <p class='ocr_par' dir='ltr' id='par_1_72' title="bbox 388 4044 1984 4118">
     <span class='ocr_line' id='line_1_72' title="bbox 388 4044 1984 4118; baseline -0.004 -12"><span class='ocrx_word' id='word_1_601' title='bbox 388 4065 579 4106; x_wconf 88' lang='lat' dir='ltr'><strong>eorum</strong></span> <span class='ocrx_word' id='word_1_602' title='bbox 632 4065 759 4118; x_wconf 86' lang='lat' dir='ltr'><strong>rege</strong></span> <span class='ocrx_word' id='word_1_603' title='bbox 811 4047 1014 4104; x_wconf 86' lang='lat' dir='ltr'><strong>scribat</strong></span> <span class='ocrx_word' id='word_1_604' title='bbox 1071 4048 1140 4101; x_wconf 76' lang='grc' dir='ltr'><strong>Μ.</strong></span> <span class='ocrx_word' id='word_1_605' title='bbox 1173 4047 1440 4102; x_wconf 82' lang='lat' dir='ltr'><strong>Maximus</strong></span> <span class='ocrx_word' id='word_1_606' title='bbox 1493 4048 1545 4101; x_wconf 92' lang='lat' dir='ltr'><strong>in</strong></span> <span class='ocrx_word' id='word_1_607' title='bbox 1598 4044 1802 4101; x_wconf 88' lang='lat' dir='ltr'><strong>Chron.</strong></span> <span class='ocrx_word' id='word_1_608' title='bbox 1855 4060 1984 4100; x_wconf 88' lang='lat' dir='ltr'><strong>ann.</strong></span> 
     </span>
    </p>
   </div>
   <div class='ocr_carea' id='block_1_73' title="bbox 390 4138 1990 4210">
    <p class='ocr_par' dir='ltr' id='par_1_73' title="bbox 390 4138 1990 4210">
     <span class='ocr_line' id='line_1_73' title="bbox 390 4138 1990 4210; baseline -0.003 -12"><span class='ocrx_word' id='word_1_609' title='bbox 390 4143 548 4198; x_wconf 87' lang='lat' dir='ltr'><strong>Dom.</strong></span> <span class='ocrx_word' id='word_1_610' title='bbox 571 4142 679 4198; x_wconf 71' lang='grc'><strong>448</strong></span> <span class='ocrx_word' id='word_1_611' title='bbox 705 4139 1296 4205; x_wconf 80' lang='lat' dir='ltr'><strong>:Rechilla,Suerornm</strong></span> <span class='ocrx_word' id='word_1_612' title='bbox 1321 4155 1432 4202; x_wconf 76' lang='lat' dir='ltr'><strong>rex,</strong></span> <span class='ocrx_word' id='word_1_613' title='bbox 1454 4155 1580 4209; x_wconf 83' lang='lat' dir='ltr'><strong>pene</strong></span> <span class='ocrx_word' id='word_1_614' title='bbox 1607 4140 1761 4192; x_wconf 84' lang='lat' dir='ltr'><strong>totius</strong></span> <span class='ocrx_word' id='word_1_615' title='bbox 1790 4138 1990 4210; x_wconf 50' lang='lat' dir='ltr'><strong>Ilispa.</strong></span> 
     </span>
    </p>
   </div>
   <div class='ocr_carea' id='block_1_74' title="bbox 388 4231 1978 4304">
    <p class='ocr_par' dir='ltr' id='par_1_74' title="bbox 388 4231 1978 4304">
     <span class='ocr_line' id='line_1_74' title="bbox 388 4231 1978 4304; baseline -0.001 -17"><span class='ocrx_word' id='word_1_616' title='bbox 388 4235 490 4289; x_wconf 80' lang='lat' dir='ltr'><strong>uia:</strong></span> <span class='ocrx_word' id='word_1_617' title='bbox 531 4236 814 4289; x_wconf 84' lang='lat' dir='ltr'><strong>monarcha</strong></span> <span class='ocrx_word' id='word_1_618' title='bbox 844 4234 922 4304; x_wconf 72' lang='lat' dir='ltr'><strong>ﬁt.</strong></span> <span class='ocrx_word' id='word_1_619' title='bbox 955 4232 1178 4286; x_wconf 86' lang='lat' dir='ltr'><strong>Duravit</strong></span> <span class='ocrx_word' id='word_1_620' title='bbox 1208 4247 1339 4286; x_wconf 78' lang='lat' dir='ltr'><strong>vero</strong></span> <span class='ocrx_word' id='word_1_621' title='bbox 1373 4233 1613 4301; x_wconf 61' lang='lat' dir='ltr'><strong>ipsorum</strong></span> <span class='ocrx_word' id='word_1_622' title='bbox 1657 4247 1884 4302; x_wconf 85' lang='lat' dir='ltr'><strong>regnum</strong></span> <span class='ocrx_word' id='word_1_623' title='bbox 1909 4231 1978 4285; x_wconf 85' lang='lat' dir='ltr'><strong>al)</strong></span> 
     </span>
    </p>
   </div>
   <div class='ocr_carea' id='block_1_75' title="bbox 390 4322 1988 4395">
    <p class='ocr_par' dir='ltr' id='par_1_75' title="bbox 390 4322 1988 4395">
     <span class='ocr_line' id='line_1_75' title="bbox 390 4322 1988 4395; baseline 0 -17"><span class='ocrx_word' id='word_1_624' title='bbox 390 4341 520 4380; x_wconf 93' lang='lat' dir='ltr'><strong>ann.</strong></span> <span class='ocrx_word' id='word_1_625' title='bbox 552 4327 685 4393; x_wconf 74' lang='lat' dir='ltr'><strong>Ml,</strong></span> <span class='ocrx_word' id='word_1_626' title='bbox 723 4341 833 4395; x_wconf 91' lang='lat' dir='ltr'><strong>quo</strong></span> <span class='ocrx_word' id='word_1_627' title='bbox 872 4325 925 4378; x_wconf 93' lang='lat' dir='ltr'><strong>in</strong></span> <span class='ocrx_word' id='word_1_628' title='bbox 961 4323 1272 4379; x_wconf 60' lang='lat' dir='ltr'><strong>Callaeciam</strong></span> <span class='ocrx_word' id='word_1_629' title='bbox 1301 4333 1672 4390; x_wconf 89' lang='lat' dir='ltr'><strong>secesserunt,</strong></span> <span class='ocrx_word' id='word_1_630' title='bbox 1708 4337 1877 4394; x_wconf 87' lang='lat' dir='ltr'><strong>usque</strong></span> <span class='ocrx_word' id='word_1_631' title='bbox 1919 4322 1988 4378; x_wconf 91' lang='lat' dir='ltr'><strong>ad</strong></span> 
     </span>
    </p>
   </div>
   <div class='ocr_carea' id='block_1_76' title="bbox 389 4414 1990 4486">
    <p class='ocr_par' dir='ltr' id='par_1_76' title="bbox 389 4414 1990 4486">
     <span class='ocr_line' id='line_1_76' title="bbox 389 4414 1990 4486; baseline 0 -14"><span class='ocrx_word' id='word_1_632' title='bbox 389 4433 592 4472; x_wconf 87' lang='lat' dir='ltr'><strong>annum</strong></span> <span class='ocrx_word' id='word_1_633' title='bbox 629 4420 663 4473; x_wconf 76' lang='grc'>5</span> <span class='ocrx_word' id='word_1_634' title='bbox 689 4416 930 4472; x_wconf 82' lang='lat' dir='ltr'><strong>Mauritii</strong></span> <span class='ocrx_word' id='word_1_635' title='bbox 961 4415 1335 4486; x_wconf 90' lang='lat' dir='ltr'><strong>imperatoris,</strong></span> <span class='ocrx_word' id='word_1_636' title='bbox 1365 4425 1420 4471; x_wconf 92' lang='lat' dir='ltr'><strong>et</strong></span> <span class='ocrx_word' id='word_1_637' title='bbox 1447 4414 1648 4470; x_wconf 87' lang='lat' dir='ltr'><strong>Christi</strong></span> <span class='ocrx_word' id='word_1_638' title='bbox 1689 4415 1818 4479; x_wconf 77' lang='lat'><strong>588,</strong></span> <span class='ocrx_word' id='word_1_639' title='bbox 1852 4425 1990 4472; x_wconf 89' lang='lat' dir='ltr'><strong>teste</strong></span> 
     </span>
    </p>
   </div>
   <div class='ocr_carea' id='block_1_77' title="bbox 396 4506 1987 4576">
    <p class='ocr_par' dir='ltr' id='par_1_77' title="bbox 396 4506 1987 4576">
     <span class='ocr_line' id='line_1_77' title="bbox 396 4506 1987 4576; baseline -0.003 -11"><span class='ocrx_word' id='word_1_640' title='bbox 396 4509 611 4566; x_wconf 83' lang='lat' dir='ltr'><strong>Joanne</strong></span> <span class='ocrx_word' id='word_1_641' title='bbox 640 4507 952 4564; x_wconf 80' lang='lat' dir='ltr'><strong>Viclarensi</strong></span> <span class='ocrx_word' id='word_1_642' title='bbox 984 4508 1037 4563; x_wconf 92' lang='lat' dir='ltr'><strong>in</strong></span> <span class='ocrx_word' id='word_1_643' title='bbox 1064 4506 1296 4576; x_wconf 84' lang='lat' dir='ltr'><strong>Chron.,</strong></span> <span class='ocrx_word' id='word_1_644' title='bbox 1327 4522 1446 4573; x_wconf 67' lang='lat' dir='ltr'><strong>seu,</strong></span> <span class='ocrx_word' id='word_1_645' title='bbox 1491 4515 1553 4562; x_wconf 94' lang='lat' dir='ltr'><strong>ut</strong></span> <span class='ocrx_word' id='word_1_646' title='bbox 1603 4507 1674 4562; x_wconf 86' lang='grc' dir='ltr'><strong>Μ.</strong></span> <span class='ocrx_word' id='word_1_647' title='bbox 1721 4507 1987 4561; x_wconf 82' lang='lat' dir='ltr'><strong>Maximus</strong></span> 
     </span>
    </p>
   </div>
   <div class='ocr_carea' id='block_1_78' title="bbox 2093 4310 3729 4383">
    <p class='ocr_par' dir='ltr' id='par_1_78' title="bbox 2093 4310 3729 4383">
     <span class='ocr_line' id='line_1_78' title="bbox 2093 4310 3729 4383; baseline 0.004 -17"><span class='ocrx_word' id='word_1_648' title='bbox 2093 4321 2151 4368; x_wconf 88' lang='lat' dir='ltr'><strong>at</strong></span> <span class='ocrx_word' id='word_1_649' title='bbox 2179 4317 2312 4367; x_wconf 68' lang='lat' dir='ltr'><strong>Vero</strong></span> <span class='ocrx_word' id='word_1_650' title='bbox 2353 4310 2782 4379; x_wconf 75' lang='lat' dir='ltr'><strong>Remismundus,</strong></span> <span class='ocrx_word' id='word_1_651' title='bbox 2830 4313 3206 4383; x_wconf 78' lang='lat' dir='ltr'><strong>Arianimirus,</strong></span> <span class='ocrx_word' id='word_1_652' title='bbox 3241 4315 3402 4379; x_wconf 78' lang='lat' dir='ltr'><strong>Miro.</strong></span> <span class='ocrx_word' id='word_1_653' title='bbox 3432 4325 3480 4370; x_wconf 81' lang='lat' dir='ltr'><strong>et</strong></span> <span class='ocrx_word' id='word_1_654' title='bbox 3514 4315 3729 4373; x_wconf 65' lang='lat' dir='ltr'><strong>Evario</strong></span> 
     </span>
    </p>
   </div>
   <div class='ocr_carea' id='block_1_79' title="bbox 2092 4409 3727 4483">
    <p class='ocr_par' dir='ltr' id='par_1_79' title="bbox 2092 4409 3727 4483">
     <span class='ocr_line' id='line_1_79' title="bbox 2092 4409 3727 4483; baseline -0.002 -19"><span class='ocrx_word' id='word_1_655' title='bbox 2092 4427 2203 4477; x_wconf 78' lang='lat' dir='ltr'><strong>cus,</strong></span> <span class='ocrx_word' id='word_1_656' title='bbox 2238 4409 2304 4466; x_wconf 91' lang='lat' dir='ltr'><strong>de</strong></span> <span class='ocrx_word' id='word_1_657' title='bbox 2352 4409 2468 4466; x_wconf 89' lang='lat' dir='ltr'><strong>solo</strong></span> <span class='ocrx_word' id='word_1_658' title='bbox 2499 4424 2665 4480; x_wconf 83' lang='lat' dir='ltr'><strong>regno</strong></span> <span class='ocrx_word' id='word_1_659' title='bbox 2704 4424 2805 4465; x_wconf 92' lang='lat' dir='ltr'><strong>suo</strong></span> <span class='ocrx_word' id='word_1_660' title='bbox 2849 4425 3072 4467; x_wconf 88' lang='lat' dir='ltr'><strong>curasse</strong></span> <span class='ocrx_word' id='word_1_661' title='bbox 3101 4411 3375 4482; x_wconf 89' lang='lat' dir='ltr'><strong>leguntur.</strong></span> <span class='ocrx_word' id='word_1_662' title='bbox 3403 4409 3533 4467; x_wconf 88' lang='lat' dir='ltr'><strong>Inde</strong></span> <span class='ocrx_word' id='word_1_663' title='bbox 3566 4429 3727 4483; x_wconf 78' lang='lat' dir='ltr'><strong>qua.</strong></span> 
     </span>
    </p>
   </div>
   <div class='ocr_carea' id='block_1_80' title="bbox 2096 4503 3724 4575">
    <p class='ocr_par' dir='ltr' id='par_1_80' title="bbox 2096 4503 3724 4575">
     <span class='ocr_line' id='line_1_80' title="bbox 2096 4503 3724 4575; baseline 0.003 -16"><span class='ocrx_word' id='word_1_664' title='bbox 2096 4514 2217 4560; x_wconf 91' lang='lat' dir='ltr'><strong>tuor</strong></span> <span class='ocrx_word' id='word_1_665' title='bbox 2249 4505 2456 4575; x_wconf 84' lang='lat' dir='ltr'><strong>priores</strong></span> <span class='ocrx_word' id='word_1_666' title='bbox 2491 4519 2650 4574; x_wconf 83' lang='lat' dir='ltr'><strong>reges</strong></span> <span class='ocrx_word' id='word_1_667' title='bbox 2680 4519 2776 4573; x_wconf 89' lang='lat' dir='ltr'><strong>per</strong></span> <span class='ocrx_word' id='word_1_668' title='bbox 2801 4503 2918 4560; x_wconf 89' lang='lat' dir='ltr'><strong>alas</strong></span> <span class='ocrx_word' id='word_1_669' title='bbox 2955 4515 3210 4574; x_wconf 88' lang='lat' dir='ltr'><strong>quatuor,</strong></span> <span class='ocrx_word' id='word_1_670' title='bbox 3245 4503 3468 4560; x_wconf 90' lang='lat' dir='ltr'><strong>totidem</strong></span> <span class='ocrx_word' id='word_1_671' title='bbox 3506 4518 3724 4575; x_wconf 85' lang='lat' dir='ltr'><strong>poste-</strong></span> 
     </span>
    </p>
   </div>
   <div class='ocr_carea' id='block_1_81' title="bbox 392 4583 3726 4678">
    <p class='ocr_par' dir='ltr' id='par_1_81' title="bbox 392 4583 3726 4678">
     <span class='ocr_line' id='line_1_81' title="bbox 392 4583 3726 4678; baseline -0.002 -16"><span class='ocrx_word' id='word_1_672' title='bbox 392 4605 586 4678; x_wconf 92' lang='lat' dir='ltr'><strong>inquit,</strong></span> <span class='ocrx_word' id='word_1_673' title='bbox 619 4604 674 4660; x_wconf 91' lang='lat' dir='ltr'><strong>in</strong></span> <span class='ocrx_word' id='word_1_674' title='bbox 723 4618 846 4672; x_wconf 90' lang='lat' dir='ltr'><strong>suo,</strong></span> <span class='ocrx_word' id='word_1_675' title='bbox 898 4619 1027 4658; x_wconf 93' lang='lat' dir='ltr'><strong>ann.</strong></span> <span class='ocrx_word' id='word_1_676' title='bbox 1083 4602 1239 4656; x_wconf 87' lang='lat' dir='ltr'><strong>Dom.</strong></span> <span class='ocrx_word' id='word_1_677' title='bbox 1277 4600 1405 4664; x_wconf 84' lang='lat'><strong>586,</strong></span> <span class='ocrx_word' id='word_1_678' title='bbox 1439 4615 1546 4671; x_wconf 90' lang='lat' dir='ltr'><strong>quo</strong></span> <span class='ocrx_word' id='word_1_679' title='bbox 1593 4617 1621 4654; x_wconf 91' lang='lat' dir='ltr'><strong>a</strong></span> <span class='ocrx_word' id='word_1_680' title='bbox 1671 4591 2067 4672; x_wconf 84' lang='lat' dir='ltr'><strong>LeovigildoD</strong></span> <span class='ocrx_word' id='word_1_681' title='bbox 2094 4599 2266 4655; x_wconf 87' lang='lat' dir='ltr'><strong>riores</strong></span> <span class='ocrx_word' id='word_1_682' title='bbox 2321 4614 2418 4669; x_wconf 90' lang='lat' dir='ltr'><strong>per</strong></span> <span class='ocrx_word' id='word_1_683' title='bbox 2464 4607 2695 4669; x_wconf 90' lang='lat' dir='ltr'><strong>quatuor</strong></span> <span class='ocrx_word' id='word_1_684' title='bbox 2741 4583 2917 4667; x_wconf 70' lang='lat' dir='ltr'><strong>capita</strong></span> <span class='ocrx_word' id='word_1_685' title='bbox 2959 4597 3331 4668; x_wconf 87' lang='lat' dir='ltr'><strong>propriissitne</strong></span> <span class='ocrx_word' id='word_1_686' title='bbox 3383 4597 3726 4659; x_wconf 80' lang='lat' dir='ltr'><strong>adumbrati</strong></span> 
     </span>
    </p>
   </div>
   <div class='ocr_carea' id='block_1_82' title="bbox 393 4695 1985 4770">
    <p class='ocr_par' dir='ltr' id='par_1_82' title="bbox 393 4695 1985 4770">
     <span class='ocr_line' id='line_1_82' title="bbox 393 4695 1985 4770; baseline -0.004 -13"><span class='ocrx_word' id='word_1_687' title='bbox 393 4699 694 4758; x_wconf 87' lang='lat' dir='ltr'><strong>Gothorum</strong></span> <span class='ocrx_word' id='word_1_688' title='bbox 725 4714 856 4770; x_wconf 87' lang='lat' dir='ltr'><strong>rege</strong></span> <span class='ocrx_word' id='word_1_689' title='bbox 887 4696 1161 4768; x_wconf 80' lang='lat' dir='ltr'><strong>subjugati</strong></span> <span class='ocrx_word' id='word_1_690' title='bbox 1189 4706 1316 4752; x_wconf 91' lang='lat' dir='ltr'><strong>sunt</strong></span> <span class='ocrx_word' id='word_1_691' title='bbox 1346 4705 1470 4766; x_wconf 90' lang='lat' dir='ltr'><strong>post</strong></span> <span class='ocrx_word' id='word_1_692' title='bbox 1499 4696 1600 4750; x_wconf 75' lang='grc'><strong>177</strong></span> <span class='ocrx_word' id='word_1_693' title='bbox 1631 4695 1717 4750; x_wconf 88' lang='lat' dir='ltr'><strong>vel</strong></span> <span class='ocrx_word' id='word_1_694' title='bbox 1754 4696 1852 4752; x_wconf 76' lang='lat'><strong>179</strong></span> <span class='ocrx_word' id='word_1_695' title='bbox 1885 4711 1985 4751; x_wconf 89' lang='lat' dir='ltr'><strong>an-</strong></span> 
     </span>
    </p>
   </div>
   <div class='ocr_carea' id='block_1_83' title="bbox 392 4787 1990 4864">
    <p class='ocr_par' dir='ltr' id='par_1_83' title="bbox 392 4787 1990 4864">
     <span class='ocr_line' id='line_1_83' title="bbox 392 4787 1990 4864; baseline -0.003 -16"><span class='ocrx_word' id='word_1_696' title='bbox 392 4808 494 4849; x_wconf 89' lang='lat' dir='ltr'><strong>nos</strong></span> <span class='ocrx_word' id='word_1_697' title='bbox 522 4791 732 4864; x_wconf 91' lang='lat' dir='ltr'><strong>imperii</strong></span> <span class='ocrx_word' id='word_1_698' title='bbox 764 4789 1084 4847; x_wconf 78' lang='lat' dir='ltr'><strong>Callaeciani</strong></span> <span class='ocrx_word' id='word_1_699' title='bbox 1117 4805 1131 4842; x_wconf 90' lang='lat'><strong>:</strong></span> <span class='ocrx_word' id='word_1_700' title='bbox 1165 4803 1272 4858; x_wconf 90' lang='lat' dir='ltr'><strong>quo</strong></span> <span class='ocrx_word' id='word_1_701' title='bbox 1320 4797 1566 4857; x_wconf 88' lang='lat' dir='ltr'><strong>tempore</strong></span> <span class='ocrx_word' id='word_1_702' title='bbox 1611 4787 1861 4842; x_wconf 83' lang='lat' dir='ltr'><strong>Bracarac</strong></span> <span class='ocrx_word' id='word_1_703' title='bbox 1903 4802 1990 4844; x_wconf 91' lang='lat' dir='ltr'><strong>re-</strong></span> 
     </span>
    </p>
   </div>
   <div class='ocr_carea' id='block_1_84' title="bbox 390 4879 1990 4958">
    <p class='ocr_par' dir='ltr' id='par_1_84' title="bbox 390 4879 1990 4958">
     <span class='ocr_line' id='line_1_84' title="bbox 390 4879 1990 4958; baseline 0 -23"><span class='ocrx_word' id='word_1_704' title='bbox 390 4887 531 4958; x_wconf 76' lang='lat' dir='ltr'><strong>giam</strong></span> <span class='ocrx_word' id='word_1_705' title='bbox 566 4885 772 4939; x_wconf 88' lang='lat' dir='ltr'><strong>curiam</strong></span> <span class='ocrx_word' id='word_1_706' title='bbox 805 4882 1125 4938; x_wconf 89' lang='lat' dir='ltr'><strong>habuerunt.</strong></span> <span class='ocrx_word' id='word_1_707' title='bbox 1161 4881 1314 4938; x_wconf 86' lang='lat' dir='ltr'><strong>Unde</strong></span> <span class='ocrx_word' id='word_1_708' title='bbox 1341 4889 1396 4936; x_wconf 88' lang='lat' dir='ltr'><strong>et</strong></span> <span class='ocrx_word' id='word_1_709' title='bbox 1426 4896 1566 4934; x_wconf 90' lang='lat' dir='ltr'><strong>nunc</strong></span> <span class='ocrx_word' id='word_1_710' title='bbox 1608 4879 1732 4948; x_wconf 87' lang='lat' dir='ltr'><strong>ejus</strong></span> <span class='ocrx_word' id='word_1_711' title='bbox 1761 4880 1990 4951; x_wconf 74' lang='lat' dir='ltr'><strong>provin-</strong></span> 
     </span>
    </p>
   </div>
   <div class='ocr_carea' id='block_1_85' title="bbox 391 4972 1988 5044">
    <p class='ocr_par' dir='ltr' id='par_1_85' title="bbox 391 4972 1988 5044">
     <span class='ocr_line' id='line_1_85' title="bbox 391 4972 1988 5044; baseline -0.003 -10"><span class='ocrx_word' id='word_1_712' title='bbox 391 4980 492 5034; x_wconf 63' lang='lat' dir='ltr'><strong>cia:</strong></span> <span class='ocrx_word' id='word_1_713' title='bbox 518 4976 722 5033; x_wconf 87' lang='lat' dir='ltr'><strong>incolas</strong></span> <span class='ocrx_word' id='word_1_714' title='bbox 749 4974 998 5031; x_wconf 90' lang='lat' dir='ltr'><strong>nonnulli</strong></span> <span class='ocrx_word' id='word_1_715' title='bbox 1023 4975 1181 5030; x_wconf 77' lang='lat' dir='ltr'><strong>Seras</strong></span> <span class='ocrx_word' id='word_1_716' title='bbox 1203 4972 1357 5044; x_wconf 90' lang='lat' dir='ltr'><strong>quasi</strong></span> <span class='ocrx_word' id='word_1_717' title='bbox 1385 4973 1596 5030; x_wconf 87' lang='lat' dir='ltr'><strong>Suevos</strong></span> <span class='ocrx_word' id='word_1_718' title='bbox 1611 4983 1828 5029; x_wconf 79' lang='lat' dir='ltr'><strong>vocant.</strong></span> <span class='ocrx_word' id='word_1_719' title='bbox 1851 4973 1988 5029; x_wconf 87' lang='lat' dir='ltr'><strong>Toto</strong></span> 
     </span>
    </p>
   </div>
   <div class='ocr_carea' id='block_1_86' title="bbox 391 5065 1983 5141">
    <p class='ocr_par' dir='ltr' id='par_1_86' title="bbox 391 5065 1983 5141">
     <span class='ocr_line' id='line_1_86' title="bbox 391 5065 1983 5141; baseline -0.002 -17"><span class='ocrx_word' id='word_1_720' title='bbox 391 5086 522 5126; x_wconf 78' lang='lat' dir='ltr'><strong>vero</strong></span> <span class='ocrx_word' id='word_1_721' title='bbox 551 5068 933 5141; x_wconf 64' lang='lat' dir='ltr'><strong>praedictorum</strong></span> <span class='ocrx_word' id='word_1_722' title='bbox 966 5066 1070 5122; x_wconf 73' lang='grc'><strong>177</strong></span> <span class='ocrx_word' id='word_1_723' title='bbox 1109 5081 1379 5120; x_wconf 84' lang='lat' dir='ltr'><strong>annorum</strong></span> <span class='ocrx_word' id='word_1_724' title='bbox 1427 5065 1624 5136; x_wconf 89' lang='lat' dir='ltr'><strong>spatio,</strong></span> <span class='ocrx_word' id='word_1_725' title='bbox 1658 5077 1782 5122; x_wconf 91' lang='lat' dir='ltr'><strong>octo</strong></span> <span class='ocrx_word' id='word_1_726' title='bbox 1825 5066 1983 5121; x_wconf 90' lang='lat' dir='ltr'><strong>dum-</strong></span> 
     </span>
    </p>
   </div>
   <div class='ocr_carea' id='block_1_87' title="bbox 395 5155 1984 5233">
    <p class='ocr_par' dir='ltr' id='par_1_87' title="bbox 395 5155 1984 5233">
     <span class='ocr_line' id='line_1_87' title="bbox 395 5155 1984 5233; baseline -0.004 -15"><span class='ocrx_word' id='word_1_727' title='bbox 395 5170 542 5218; x_wconf 82' lang='lat' dir='ltr'><strong>taxat</strong></span> <span class='ocrx_word' id='word_1_728' title='bbox 590 5176 746 5233; x_wconf 86' lang='lat' dir='ltr'><strong>reges</strong></span> <span class='ocrx_word' id='word_1_729' title='bbox 813 5160 1066 5216; x_wconf 83' lang='lat' dir='ltr'><strong>habuisse</strong></span> <span class='ocrx_word' id='word_1_730' title='bbox 1121 5158 1400 5230; x_wconf 84' lang='lat' dir='ltr'><strong>leguntur,</strong></span> <span class='ocrx_word' id='word_1_731' title='bbox 1456 5155 1648 5212; x_wconf 85' lang='lat' dir='ltr'><strong>ordine</strong></span> <span class='ocrx_word' id='word_1_732' title='bbox 1711 5158 1984 5228; x_wconf 89' lang='lat' dir='ltr'><strong>sequenti.</strong></span> 
     </span>
    </p>
   </div>
   <div class='ocr_carea' id='block_1_88' title="bbox 393 5247 1990 5320">
    <p class='ocr_par' dir='ltr' id='par_1_88' title="bbox 393 5247 1990 5320">
     <span class='ocr_line' id='line_1_88' title="bbox 393 5247 1990 5320; baseline -0.001 -12"><span class='ocrx_word' id='word_1_733' title='bbox 393 5253 612 5308; x_wconf 79' lang='lat' dir='ltr'><strong>Primus</strong></span> <span class='ocrx_word' id='word_1_734' title='bbox 644 5252 744 5308; x_wconf 81' lang='lat' dir='ltr'><strong>fuit</strong></span> <span class='ocrx_word' id='word_1_735' title='bbox 789 5251 1186 5316; x_wconf 81' lang='lat' dir='ltr'><strong>IIermeuricus,</strong></span> <span class='ocrx_word' id='word_1_736' title='bbox 1221 5251 1311 5320; x_wconf 85' lang='lat' dir='ltr'><strong>qui</strong></span> <span class='ocrx_word' id='word_1_737' title='bbox 1364 5249 1416 5303; x_wconf 89' lang='lat' dir='ltr'><strong>in</strong></span> <span class='ocrx_word' id='word_1_738' title='bbox 1468 5247 1724 5319; x_wconf 86' lang='lat' dir='ltr'><strong>lliSpanis</strong></span> <span class='ocrx_word' id='word_1_739' title='bbox 1778 5248 1990 5320; x_wconf 81' lang='lat' dir='ltr'><strong>primus</strong></span> 
     </span>
    </p>
   </div>
   <div class='ocr_carea' id='block_1_89' title="bbox 395 5341 1989 5414">
    <p class='ocr_par' dir='ltr' id='par_1_89' title="bbox 395 5341 1989 5414">
     <span class='ocr_line' id='line_1_89' title="bbox 395 5341 1989 5414; baseline -0.004 -10"><span class='ocrx_word' id='word_1_740' title='bbox 395 5347 700 5404; x_wconf 85' lang='lat' dir='ltr'><strong>Sucvorum</strong></span> <span class='ocrx_word' id='word_1_741' title='bbox 753 5346 906 5414; x_wconf 88' lang='lat' dir='ltr'><strong>regni</strong></span> <span class='ocrx_word' id='word_1_742' title='bbox 961 5343 1156 5399; x_wconf 88' lang='lat' dir='ltr'><strong>solium</strong></span> <span class='ocrx_word' id='word_1_743' title='bbox 1210 5341 1421 5408; x_wconf 88' lang='lat' dir='ltr'><strong>erexit;</strong></span> <span class='ocrx_word' id='word_1_744' title='bbox 1454 5341 1587 5397; x_wconf 85' lang='lat' dir='ltr'><strong>\ixit</strong></span> <span class='ocrx_word' id='word_1_745' title='bbox 1631 5349 1766 5398; x_wconf 85' lang='lat' dir='ltr'><strong>teste</strong></span> <span class='ocrx_word' id='word_1_746' title='bbox 1818 5344 1989 5398; x_wconf 88' lang='lat' dir='ltr'><strong>ldatio</strong></span> 
     </span>
    </p>
   </div>
   <div class='ocr_carea' id='block_1_90' title="bbox 395 5435 1988 5512">
    <p class='ocr_par' dir='ltr' id='par_1_90' title="bbox 395 5435 1988 5512">
     <span class='ocr_line' id='line_1_90' title="bbox 395 5435 1988 5512; baseline -0.004 -16"><span class='ocrx_word' id='word_1_747' title='bbox 395 5456 570 5512; x_wconf 88' lang='lat' dir='ltr'><strong>usque</strong></span> <span class='ocrx_word' id='word_1_748' title='bbox 609 5440 677 5495; x_wconf 91' lang='lat' dir='ltr'><strong>ad</strong></span> <span class='ocrx_word' id='word_1_749' title='bbox 707 5455 841 5493; x_wconf 92' lang='lat' dir='ltr'><strong>ann.</strong></span> <span class='ocrx_word' id='word_1_750' title='bbox 885 5439 1099 5494; x_wconf 90' lang='lat' dir='ltr'><strong>Domini</strong></span> <span class='ocrx_word' id='word_1_751' title='bbox 1140 5436 1268 5502; x_wconf 71' lang='grc'><strong>440,</strong></span> <span class='ocrx_word' id='word_1_752' title='bbox 1299 5435 1628 5505; x_wconf 83' lang='lat' dir='ltr'><strong>reliquitque</strong></span> <span class='ocrx_word' id='word_1_753' title='bbox 1670 5435 1821 5507; x_wconf 90' lang='lat' dir='ltr'><strong>regni</strong></span> <span class='ocrx_word' id='word_1_754' title='bbox 1859 5451 1988 5490; x_wconf 86' lang='lat' dir='ltr'><strong>suc-</strong></span> 
     </span>
    </p>
   </div>
   <div class='ocr_carea' id='block_1_91' title="bbox 395 5528 1990 5593">
    <p class='ocr_par' dir='ltr' id='par_1_91' title="bbox 395 5528 1990 5593">
     <span class='ocr_line' id='line_1_91' title="bbox 395 5528 1990 5593; baseline -0.006 -1"><span class='ocrx_word' id='word_1_755' title='bbox 395 5551 674 5593; x_wconf 89' lang='lat' dir='ltr'><strong>cessorem</strong></span> <span class='ocrx_word' id='word_1_756' title='bbox 729 5535 900 5590; x_wconf 88' lang='lat' dir='ltr'><strong>lilium</strong></span> <span class='ocrx_word' id='word_1_757' title='bbox 963 5548 1119 5590; x_wconf 88' lang='lat' dir='ltr'><strong>suum</strong></span> <span class='ocrx_word' id='word_1_758' title='bbox 1174 5530 1570 5586; x_wconf 80' lang='lat' dir='ltr'><strong>Rechillanem.</strong></span> <span class='ocrx_word' id='word_1_759' title='bbox 1630 5529 1694 5583; x_wconf 88' lang='lat' dir='ltr'><strong>ll.</strong></span> <span class='ocrx_word' id='word_1_760' title='bbox 1748 5528 1990 5586; x_wconf 76' lang='lat' dir='ltr'><strong>Iter/tilla</strong></span> 
     </span>
    </p>
   </div>
   <div class='ocr_carea' id='block_1_92' title="bbox 393 5623 1992 5696">
    <p class='ocr_par' dir='ltr' id='par_1_92' title="bbox 393 5623 1992 5696">
     <span class='ocr_line' id='line_1_92' title="bbox 393 5623 1992 5696; baseline -0.004 -10"><span class='ocrx_word' id='word_1_761' title='bbox 393 5631 536 5686; x_wconf 91' lang='lat' dir='ltr'><strong>obiit</strong></span> <span class='ocrx_word' id='word_1_762' title='bbox 564 5645 706 5686; x_wconf 61' lang='lat' dir='ltr'><strong>ann.‘</strong></span> <span class='ocrx_word' id='word_1_763' title='bbox 729 5627 1104 5693; x_wconf 62' lang='lat' dir='ltr'><strong>Domiui&#39;blﬂ,</strong></span> <span class='ocrx_word' id='word_1_764' title='bbox 1137 5627 1226 5696; x_wconf 90' lang='lat' dir='ltr'><strong>qui</strong></span> <span class='ocrx_word' id='word_1_765' title='bbox 1259 5623 1357 5680; x_wconf 79' lang='lat' dir='ltr'><strong>fuit</strong></span> <span class='ocrx_word' id='word_1_766' title='bbox 1386 5624 1456 5680; x_wconf 64' lang='lat'><strong>24</strong></span> <span class='ocrx_word' id='word_1_767' title='bbox 1479 5625 1771 5680; x_wconf 86' lang='lat' dir='ltr'><strong>Theodosii</strong></span> <span class='ocrx_word' id='word_1_768' title='bbox 1800 5625 1992 5680; x_wconf 81' lang='lat' dir='ltr'><strong>Junio-</strong></span> 
     </span>
    </p>
   </div>
   <div class='ocr_carea' id='block_1_93' title="bbox 397 5716 1992 5788">
    <p class='ocr_par' dir='ltr' id='par_1_93' title="bbox 397 5716 1992 5788">
     <span class='ocr_line' id='line_1_93' title="bbox 397 5716 1992 5788; baseline -0.003 -12"><span class='ocrx_word' id='word_1_769' title='bbox 397 5723 490 5777; x_wconf 85' lang='lat' dir='ltr'><strong>ris.</strong></span> <span class='ocrx_word' id='word_1_770' title='bbox 518 5721 604 5778; x_wconf 91' lang='lat' dir='ltr'><strong>Ill.</strong></span> <span class='ocrx_word' id='word_1_771' title='bbox 631 5722 695 5778; x_wconf 86' lang='lat' dir='ltr'><strong>Ei</strong></span> <span class='ocrx_word' id='word_1_772' title='bbox 723 5721 993 5778; x_wconf 87' lang='lat' dir='ltr'><strong>successit</strong></span> <span class='ocrx_word' id='word_1_773' title='bbox 1019 5718 1341 5786; x_wconf 77' lang='lat' dir='ltr'><strong>Ricciarius,</strong></span> <span class='ocrx_word' id='word_1_774' title='bbox 1373 5717 1513 5772; x_wconf 81' lang='lat' dir='ltr'><strong>[ilius</strong></span> <span class='ocrx_word' id='word_1_775' title='bbox 1554 5716 1745 5788; x_wconf 87' lang='lat' dir='ltr'><strong>ipsius,</strong></span> <span class='ocrx_word' id='word_1_776' title='bbox 1771 5716 1860 5787; x_wconf 92' lang='lat' dir='ltr'><strong>qui</strong></span> <span class='ocrx_word' id='word_1_777' title='bbox 1892 5731 1992 5771; x_wconf 87' lang='lat' dir='ltr'><strong>an-</strong></span> 
     </span>
    </p>
   </div>
   <div class='ocr_carea' id='block_1_94' title="bbox 397 5811 2007 5886">
    <p class='ocr_par' dir='ltr' id='par_1_94' title="bbox 397 5811 2007 5886">
     <span class='ocr_line' id='line_1_94' title="bbox 397 5811 2007 5886; baseline 0 -14"><span class='ocrx_word' id='word_1_778' title='bbox 397 5831 467 5872; x_wconf 90' lang='lat' dir='ltr'><strong>no</strong></span> <span class='ocrx_word' id='word_1_779' title='bbox 493 5817 740 5875; x_wconf 82' lang='lat' dir='ltr'><strong>secundo</strong></span> <span class='ocrx_word' id='word_1_780' title='bbox 799 5813 1044 5873; x_wconf 84' lang='lat' dir='ltr'><strong>Martiani</strong></span> <span class='ocrx_word' id='word_1_781' title='bbox 1089 5811 1350 5886; x_wconf 84' lang='lat' dir='ltr'><strong>principis</strong></span> <span class='ocrx_word' id='word_1_782' title='bbox 1389 5812 1604 5870; x_wconf 88' lang='lat' dir='ltr'><strong>occisus</strong></span> <span class='ocrx_word' id='word_1_783' title='bbox 1653 5812 1776 5883; x_wconf 82' lang='lat' dir='ltr'><strong>fuit,</strong></span> <span class='ocrx_word' id='word_1_784' title='bbox 1816 5825 2007 5872; x_wconf 78' lang='lat' dir='ltr'><strong>mense</strong></span> 
     </span>
    </p>
   </div>
   <div class='ocr_carea' id='block_1_95' title="bbox 2093 4689 3727 4762">
    <p class='ocr_par' dir='ltr' id='par_1_95' title="bbox 2093 4689 3727 4762">
     <span class='ocr_line' id='line_1_95' title="bbox 2093 4689 3727 4762; baseline 0.002 -16"><span class='ocrx_word' id='word_1_785' title='bbox 2093 4701 2238 4756; x_wconf 90' lang='lat' dir='ltr'><strong>sunt,</strong></span> <span class='ocrx_word' id='word_1_786' title='bbox 2265 4701 2320 4747; x_wconf 91' lang='lat' dir='ltr'><strong>et</strong></span> <span class='ocrx_word' id='word_1_787' title='bbox 2349 4705 2523 4762; x_wconf 93' lang='lat' dir='ltr'><strong>neque</strong></span> <span class='ocrx_word' id='word_1_788' title='bbox 2553 4705 2744 4746; x_wconf 89' lang='lat' dir='ltr'><strong>omnes</strong></span> <span class='ocrx_word' id='word_1_789' title='bbox 2765 4689 2887 4756; x_wconf 87' lang='lat' dir='ltr'><strong>al:e,</strong></span> <span class='ocrx_word' id='word_1_790' title='bbox 2911 4705 3086 4762; x_wconf 87' lang='lat' dir='ltr'><strong>neque</strong></span> <span class='ocrx_word' id='word_1_791' title='bbox 3113 4705 3302 4747; x_wconf 88' lang='lat' dir='ltr'><strong>omnes</strong></span> <span class='ocrx_word' id='word_1_792' title='bbox 3342 4691 3525 4762; x_wconf 89' lang='lat' dir='ltr'><strong>capita</strong></span> <span class='ocrx_word' id='word_1_793' title='bbox 3562 4708 3727 4749; x_wconf 70' lang='lat' dir='ltr'><strong>nun-</strong></span> 
     </span>
    </p>
   </div>
   <div class='ocr_carea' id='block_1_96' title="bbox 2093 4786 2296 4857">
    <p class='ocr_par' dir='ltr' id='par_1_96' title="bbox 2093 4786 2296 4857">
     <span class='ocr_line' id='line_1_96' title="bbox 2093 4786 2296 4857; baseline -0.01 -15"><span class='ocrx_word' id='word_1_794' title='bbox 2093 4786 2296 4857; x_wconf 78' lang='lat' dir='ltr'><strong>cupau.</strong></span> 
     </span>
    </p>
   </div>
   <div class='ocr_carea' id='block_1_97' title="bbox 2170 4879 3725 4948">
    <p class='ocr_par' dir='ltr' id='par_1_97' title="bbox 2170 4879 3725 4948">
     <span class='ocr_line' id='line_1_97' title="bbox 2170 4879 3725 4948; baseline 0.003 -14"><span class='ocrx_word' id='word_1_795' title='bbox 2170 4880 2371 4948; x_wconf 83' lang='lat' dir='ltr'><strong>Quarta</strong></span> <span class='ocrx_word' id='word_1_796' title='bbox 2411 4880 2593 4945; x_wconf 82' lang='lat' dir='ltr'><strong>bestia,</strong></span> <span class='ocrx_word' id='word_1_797' title='bbox 2625 4879 2804 4935; x_wconf 82' lang='lat' dir='ltr'><strong>Gothi.</strong></span> <span class='ocrx_word' id='word_1_798' title='bbox 2833 4908 2904 4920; x_wconf 93' lang='lat'><strong><em>—</em></strong></span> <span class='ocrx_word' id='word_1_799' title='bbox 2924 4879 3003 4934; x_wconf 92' lang='lat' dir='ltr'><strong>De</strong></span> <span class='ocrx_word' id='word_1_800' title='bbox 3030 4889 3222 4948; x_wconf 88' lang='lat' dir='ltr'><strong>quarta</strong></span> <span class='ocrx_word' id='word_1_801' title='bbox 3269 4879 3489 4936; x_wconf 88' lang='lat' dir='ltr'><strong>demum</strong></span> <span class='ocrx_word' id='word_1_802' title='bbox 3522 4881 3725 4938; x_wconf 81' lang='lat' dir='ltr'><strong>bestia</strong></span> 
     </span>
    </p>
   </div>
   <div class='ocr_carea' id='block_1_98' title="bbox 2095 4971 3726 5044">
    <p class='ocr_par' dir='ltr' id='par_1_98' title="bbox 2095 4971 3726 5044">
     <span class='ocr_line' id='line_1_98' title="bbox 2095 4971 3726 5044; baseline 0.001 -14"><span class='ocrx_word' id='word_1_803' title='bbox 2095 4974 2360 5039; x_wconf 87' lang='lat' dir='ltr'><strong>dicemus,</strong></span> <span class='ocrx_word' id='word_1_804' title='bbox 2405 4974 2456 5028; x_wconf 93' lang='lat' dir='ltr'><strong>in</strong></span> <span class='ocrx_word' id='word_1_805' title='bbox 2481 4989 2583 5043; x_wconf 85' lang='lat' dir='ltr'><strong>qua</strong></span> <span class='ocrx_word' id='word_1_806' title='bbox 2608 4983 2839 5040; x_wconf 82' lang='lat' dir='ltr'><strong>quatuor</strong></span> <span class='ocrx_word' id='word_1_807' title='bbox 2866 4971 3054 5029; x_wconf 87' lang='lat' dir='ltr'><strong>Daniel</strong></span> <span class='ocrx_word' id='word_1_808' title='bbox 3089 4982 3275 5029; x_wconf 83' lang='lat' dir='ltr'><strong>notatu</strong></span> <span class='ocrx_word' id='word_1_809' title='bbox 3298 4972 3458 5044; x_wconf 88' lang='lat' dir='ltr'><strong>digna</strong></span> <span class='ocrx_word' id='word_1_810' title='bbox 3497 4977 3726 5043; x_wconf 70' lang='lat' dir='ltr'><strong>przeri-</strong></span> 
     </span>
    </p>
   </div>
   <div class='ocr_carea' id='block_1_99' title="bbox 2097 5066 3731 5136">
    <p class='ocr_par' dir='ltr' id='par_1_99' title="bbox 2097 5066 3731 5136">
     <span class='ocr_line' id='line_1_99' title="bbox 2097 5066 3731 5136; baseline 0.002 -13"><span class='ocrx_word' id='word_1_811' title='bbox 2097 5067 2176 5123; x_wconf 91' lang='lat' dir='ltr'><strong>dit</strong></span> <span class='ocrx_word' id='word_1_812' title='bbox 2205 5086 2218 5123; x_wconf 89' lang='lat'><strong>:</strong></span> <span class='ocrx_word' id='word_1_813' title='bbox 2247 5069 2305 5122; x_wconf 84' lang='lat' dir='ltr'><strong>l°</strong></span> <span class='ocrx_word' id='word_1_814' title='bbox 2328 5066 2484 5136; x_wconf 87' lang='lat' dir='ltr'><strong>Quod</strong></span> <span class='ocrx_word' id='word_1_815' title='bbox 2509 5066 2808 5122; x_wconf 88' lang='lat' dir='ltr'><strong>mirabilior</strong></span> <span class='ocrx_word' id='word_1_816' title='bbox 2829 5077 2884 5122; x_wconf 90' lang='lat' dir='ltr'><strong>et</strong></span> <span class='ocrx_word' id='word_1_817' title='bbox 2921 5066 3211 5123; x_wconf 90' lang='lat' dir='ltr'><strong>terribilior</strong></span> <span class='ocrx_word' id='word_1_818' title='bbox 3236 5077 3355 5122; x_wconf 77' lang='lat' dir='ltr'><strong>erat</strong></span> <span class='ocrx_word' id='word_1_819' title='bbox 3383 5073 3636 5133; x_wconf 65' lang='lat' dir='ltr'><strong>ueteris.</strong></span> <span class='ocrx_word' id='word_1_820' title='bbox 3669 5083 3731 5127; x_wconf 83' lang='lat' dir='ltr'><strong>et</strong></span> 
     </span>
    </p>
   </div>
   <div class='ocr_carea' id='block_1_100' title="bbox 2098 5159 3731 5234">
    <p class='ocr_par' dir='ltr' id='par_1_100' title="bbox 2098 5159 3731 5234">
     <span class='ocr_line' id='line_1_100' title="bbox 2098 5159 3731 5234; baseline 0.001 -18"><span class='ocrx_word' id='word_1_821' title='bbox 2098 5162 2248 5234; x_wconf 80' lang='lat' dir='ltr'><strong>fortis</strong></span> <span class='ocrx_word' id='word_1_822' title='bbox 2275 5161 2454 5228; x_wconf 74' lang='lat' dir='ltr'><strong>nimis,</strong></span> <span class='ocrx_word' id='word_1_823' title='bbox 2489 5169 2679 5230; x_wconf 89' lang='lat' dir='ltr'><strong>utpote</strong></span> <span class='ocrx_word' id='word_1_824' title='bbox 2717 5175 2837 5229; x_wconf 67' lang='lat' dir='ltr'><strong>quae</strong></span> <span class='ocrx_word' id='word_1_825' title='bbox 2890 5160 3068 5214; x_wconf 82' lang='lat' dir='ltr'><strong>dentes</strong></span> <span class='ocrx_word' id='word_1_826' title='bbox 3111 5163 3310 5232; x_wconf 76' lang='lat' dir='ltr'><strong>ferreos</strong></span> <span class='ocrx_word' id='word_1_827' title='bbox 3342 5159 3563 5214; x_wconf 75' lang='lat' dir='ltr'><strong>habebat</strong></span> <span class='ocrx_word' id='word_1_828' title='bbox 3597 5181 3731 5217; x_wconf 80' lang='lat' dir='ltr'><strong>nra-</strong></span> 
     </span>
    </p>
   </div>
   <div class='ocr_carea' id='block_1_101' title="bbox 2100 5251 3732 5328">
    <p class='ocr_par' dir='ltr' id='par_1_101' title="bbox 2100 5251 3732 5328">
     <span class='ocr_line' id='line_1_101' title="bbox 2100 5251 3732 5328; baseline 0 -18"><span class='ocrx_word' id='word_1_829' title='bbox 2100 5273 2251 5328; x_wconf 78' lang='lat' dir='ltr'><strong>gnos,</strong></span> <span class='ocrx_word' id='word_1_830' title='bbox 2279 5263 2336 5310; x_wconf 85' lang='lat' dir='ltr'><strong>et</strong></span> <span class='ocrx_word' id='word_1_831' title='bbox 2390 5270 2589 5325; x_wconf 85' lang='lat' dir='ltr'><strong>ungues</strong></span> <span class='ocrx_word' id='word_1_832' title='bbox 2636 5253 2889 5310; x_wconf 83' lang='lat' dir='ltr'><strong>similiter</strong></span> <span class='ocrx_word' id='word_1_833' title='bbox 2937 5253 3151 5320; x_wconf 80' lang='lat' dir='ltr'><strong>ferreos,</strong></span> <span class='ocrx_word' id='word_1_834' title='bbox 3183 5264 3236 5307; x_wconf 88' lang='lat' dir='ltr'><strong>et</strong></span> <span class='ocrx_word' id='word_1_835' title='bbox 3280 5268 3376 5309; x_wconf 87' lang='lat' dir='ltr'><strong>ore</strong></span> <span class='ocrx_word' id='word_1_836' title='bbox 3421 5251 3584 5308; x_wconf 73' lang='lat' dir='ltr'><strong>simul</strong></span> <span class='ocrx_word' id='word_1_837' title='bbox 3652 5273 3732 5313; x_wconf 79' lang='lat' dir='ltr'><strong>ac</strong></span> 
     </span>
    </p>
   </div>
   <div class='ocr_carea' id='block_1_102' title="bbox 2103 5345 3725 5419">
    <p class='ocr_par' dir='ltr' id='par_1_102' title="bbox 2103 5345 3725 5419">
     <span class='ocr_line' id='line_1_102' title="bbox 2103 5345 3725 5419; baseline 0 -15"><span class='ocrx_word' id='word_1_838' title='bbox 2103 5347 2330 5419; x_wconf 88' lang='lat' dir='ltr'><strong>pedibus</strong></span> <span class='ocrx_word' id='word_1_839' title='bbox 2362 5347 2544 5402; x_wconf 87' lang='lat' dir='ltr'><strong>omnia</strong></span> <span class='ocrx_word' id='word_1_840' title='bbox 2597 5361 2716 5416; x_wconf 72' lang='lat' dir='ltr'><strong>qua:</strong></span> <span class='ocrx_word' id='word_1_841' title='bbox 2758 5345 2860 5400; x_wconf 90' lang='lat' dir='ltr'><strong>sibi</strong></span> <span class='ocrx_word' id='word_1_842' title='bbox 2909 5345 3310 5415; x_wconf 68' lang='lat' dir='ltr'><strong>objic‘cbantur</strong></span> <span class='ocrx_word' id='word_1_843' title='bbox 3352 5346 3725 5404; x_wconf 76' lang='lat' dir='ltr'><strong>comminue-</strong></span> 
     </span>
    </p>
   </div>
   <div class='ocr_carea' id='block_1_103' title="bbox 2108 5437 3731 5508">
    <p class='ocr_par' dir='ltr' id='par_1_103' title="bbox 2108 5437 3731 5508">
     <span class='ocr_line' id='line_1_103' title="bbox 2108 5437 3731 5508; baseline 0.001 -14"><span class='ocrx_word' id='word_1_844' title='bbox 2108 5440 2222 5507; x_wconf 88' lang='lat' dir='ltr'><strong>bat,</strong></span> <span class='ocrx_word' id='word_1_845' title='bbox 2262 5438 2640 5506; x_wconf 87' lang='lat' dir='ltr'><strong>eouculcabat,</strong></span> <span class='ocrx_word' id='word_1_846' title='bbox 2671 5445 2728 5492; x_wconf 89' lang='lat' dir='ltr'><strong>et</strong></span> <span class='ocrx_word' id='word_1_847' title='bbox 2775 5437 3134 5502; x_wconf 85' lang='lat' dir='ltr'><strong>dilacerabat;</strong></span> <span class='ocrx_word' id='word_1_848' title='bbox 3161 5439 3224 5492; x_wconf 70' lang='lat'><strong>2°</strong></span> <span class='ocrx_word' id='word_1_849' title='bbox 3253 5437 3397 5508; x_wconf 90' lang='lat' dir='ltr'><strong>quod</strong></span> <span class='ocrx_word' id='word_1_850' title='bbox 3426 5438 3731 5496; x_wconf 70' lang='lat' dir='ltr'><strong>dissimilis</strong></span> 
     </span>
    </p>
   </div>
   <div class='ocr_carea' id='block_1_104' title="bbox 2103 5527 3734 5598">
    <p class='ocr_par' dir='ltr' id='par_1_104' title="bbox 2103 5527 3734 5598">
     <span class='ocr_line' id='line_1_104' title="bbox 2103 5527 3734 5598; baseline -0.002 -11"><span class='ocrx_word' id='word_1_851' title='bbox 2103 5542 2212 5588; x_wconf 89' lang='lat' dir='ltr'><strong>erat</strong></span> <span class='ocrx_word' id='word_1_852' title='bbox 2266 5530 2486 5596; x_wconf 63' lang='lat' dir='ltr'><strong>caeteris,</strong></span> <span class='ocrx_word' id='word_1_853' title='bbox 2530 5543 2630 5584; x_wconf 90' lang='lat' dir='ltr'><strong>nec</strong></span> <span class='ocrx_word' id='word_1_854' title='bbox 2671 5538 2900 5597; x_wconf 87' lang='lat' dir='ltr'><strong>certam,</strong></span> <span class='ocrx_word' id='word_1_855' title='bbox 2949 5527 3090 5598; x_wconf 89' lang='lat' dir='ltr'><strong>quod</strong></span> <span class='ocrx_word' id='word_1_856' title='bbox 3139 5530 3410 5597; x_wconf 85' lang='lat' dir='ltr'><strong>sciamus,</strong></span> <span class='ocrx_word' id='word_1_857' title='bbox 3465 5528 3734 5589; x_wconf 72' lang='lat' dir='ltr'><strong>habean</strong></span> 
     </span>
    </p>
   </div>
   <div class='ocr_carea' id='block_1_105' title="bbox 2105 5620 3736 5696">
    <p class='ocr_par' dir='ltr' id='par_1_105' title="bbox 2105 5620 3736 5696">
     <span class='ocr_line' id='line_1_105' title="bbox 2105 5620 3736 5696; baseline 0.002 -17"><span class='ocrx_word' id='word_1_858' title='bbox 2105 5626 2361 5696; x_wconf 89' lang='lat' dir='ltr'><strong>liguram;</strong></span> <span class='ocrx_word' id='word_1_859' title='bbox 2391 5624 2452 5679; x_wconf 79' lang='lat'><strong>5°</strong></span> <span class='ocrx_word' id='word_1_860' title='bbox 2485 5621 2628 5692; x_wconf 91' lang='lat' dir='ltr'><strong>quod</strong></span> <span class='ocrx_word' id='word_1_861' title='bbox 2675 5620 2898 5674; x_wconf 77' lang='lat' dir='ltr'><strong>habebat</strong></span> <span class='ocrx_word' id='word_1_862' title='bbox 2947 5637 3146 5674; x_wconf 83' lang='lat' dir='ltr'><strong>cornua</strong></span> <span class='ocrx_word' id='word_1_863' title='bbox 3191 5622 3387 5686; x_wconf 83' lang='lat' dir='ltr'><strong>decem,</strong></span> <span class='ocrx_word' id='word_1_864' title='bbox 3412 5636 3540 5693; x_wconf 81' lang='lat' dir='ltr'><strong>post</strong></span> <span class='ocrx_word' id='word_1_865' title='bbox 3584 5641 3736 5693; x_wconf 69' lang='lat' dir='ltr'><strong>quae</strong></span> 
     </span>
    </p>
   </div>
   <div class='ocr_carea' id='block_1_106' title="bbox 2107 5712 3733 5785">
    <p class='ocr_par' dir='ltr' id='par_1_106' title="bbox 2107 5712 3733 5785">
     <span class='ocr_line' id='line_1_106' title="bbox 2107 5712 3733 5785; baseline 0.001 -12"><span class='ocrx_word' id='word_1_866' title='bbox 2107 5733 2272 5773; x_wconf 80' lang='lat' dir='ltr'><strong>cornu</strong></span> <span class='ocrx_word' id='word_1_867' title='bbox 2304 5713 2451 5768; x_wconf 85' lang='lat' dir='ltr'><strong>aliud</strong></span> <span class='ocrx_word' id='word_1_868' title='bbox 2476 5712 2754 5785; x_wconf 79' lang='lat' dir='ltr'><strong>parvulum</strong></span> <span class='ocrx_word' id='word_1_869' title='bbox 2787 5722 2958 5766; x_wconf 87' lang='lat' dir='ltr'><strong>ortum</strong></span> <span class='ocrx_word' id='word_1_870' title='bbox 2985 5723 3060 5767; x_wconf 73' lang='lat' dir='ltr'><strong>cst</strong></span> <span class='ocrx_word' id='word_1_871' title='bbox 3097 5712 3162 5766; x_wconf 89' lang='lat' dir='ltr'><strong>de</strong></span> <span class='ocrx_word' id='word_1_872' title='bbox 3191 5713 3358 5768; x_wconf 81' lang='lat' dir='ltr'><strong>medio</strong></span> <span class='ocrx_word' id='word_1_873' title='bbox 3398 5729 3608 5769; x_wconf 85' lang='lat' dir='ltr'><strong>eorum.</strong></span> <span class='ocrx_word' id='word_1_874' title='bbox 3641 5717 3733 5774; x_wconf 82' lang='lat' dir='ltr'><strong>Do</strong></span> 
     </span>
    </p>
   </div>
   <div class='ocr_carea' id='block_1_107' title="bbox 2108 5805 3731 5880">
    <p class='ocr_par' dir='ltr' id='par_1_107' title="bbox 2108 5805 3731 5880">
     <span class='ocr_line' id='line_1_107' title="bbox 2108 5805 3731 5880; baseline 0.001 -12"><span class='ocrx_word' id='word_1_875' title='bbox 2108 5808 2217 5868; x_wconf 74' lang='lat' dir='ltr'><strong>hoc</strong></span> <span class='ocrx_word' id='word_1_876' title='bbox 2264 5819 2444 5867; x_wconf 89' lang='lat' dir='ltr'><strong>autem</strong></span> <span class='ocrx_word' id='word_1_877' title='bbox 2477 5805 2647 5864; x_wconf 89' lang='lat' dir='ltr'><strong>multa</strong></span> <span class='ocrx_word' id='word_1_878' title='bbox 2678 5807 2964 5864; x_wconf 87' lang='lat' dir='ltr'><strong>dicuntur:</strong></span> <span class='ocrx_word' id='word_1_879' title='bbox 3000 5807 3274 5874; x_wconf 89' lang='lat' dir='ltr'><strong>nimirum,</strong></span> <span class='ocrx_word' id='word_1_880' title='bbox 3301 5807 3445 5880; x_wconf 91' lang='lat' dir='ltr'><strong>quod</strong></span> <span class='ocrx_word' id='word_1_881' title='bbox 3496 5820 3731 5870; x_wconf 86' lang='lat' dir='ltr'><strong>tantum</strong></span> 
     </span>
    </p>
   </div>
  </div>
