4062 6340
266 243 380 302 585

746 242 1118 304 APPENDIX.
1158 244 1225 301 IN
1266 242 1711 301 I’ROPIIETIADI
1752 240 2066 301 DANIELIS
2105 243 2196 300 DE
2234 241 2572 313 QUATUUR
2612 243 3054 306 ANIMALIBUS.

3445 253 3555 314 5'86

264 365 467 430 crevit,
499 372 553 420 ut
584 366 755 438 majus
787 375 935 422 esset
966 366 1164 421 cwteris
1193 365 1451 421 cornibus
1478 362 1620 436 quod
1650 362 1715 417 ad
1741 362 1859 434 ejus
1890 364 1940 425 Α
1968 363 2133 434 igitur
2182 378 2212 417 a
2268 364 2491 421 nemine
2532 374 2957 437 cognosceretur
3013 375 3199 437 quarta
3253 366 3555 427 Gothorum

264 469 623 530 conspectum
657 459 955 515 ceciderunt
982 461 1079 515 tria
1121 475 1318 513 cornua
1341 474 1359 525 ;
1386 458 1527 528 quod
1558 438 1697 511 ociili
1719 454 1866 524 quasi

264 552 412 606 oculi
433 554 656 608 hominis
679 554 897 609 erantin
921 570 1089 608 cornu
1117 555 1239 615 isto,
1269 551 1413 623 quod
1441 550 1677 606 habebat
1699 551 1862 605 etiam

264 663 330 701 os
368 648 583 718 loquens
625 649 869 719 grantia,
903 662 997 702 seu
1028 648 1281 719 ingentia.
1332 645 1395 699 ιο
1445 645 1668 700 Domum
1719 642 1862 713 (ιιιιά

263 752 499 810 promer
545 757 732 797 vocem
791 756 1104 797 sermonum
1156 738 1439 812 grandium
1504 754 1639 809 quos
1692 751 1863 794 cornu

265 831 405 887 illud
439 832 777 904 loquebatur,
826 834 1100 905 interfecta
1133 835 1231 904 fuit
1262 832 1444 899 bestia,
1481 841 1528 887 et
1561 830 1712 901 periit
1753 846 1867 885 cor-

265 940 369 995 pus
401 926 532 994 ejus,
558 934 604 979 ct
633 925 883 979 traditum
910 935 984 980 est
1010 924 1077 979 ad
1103 923 1506 979 comburendum
1526 924 1656 995 igni.
1683 921 1868 977 Manu-

264 1017 523 1074 ducimur
554 1035 686 1075 vero
715 1020 779 1073 ad
812 1020 930 1090 ejus
960 1018 1327 1090 cognitionem
1361 1018 1604 1088 angelica
1646 1017 1868 1085 exposi-

266 1110 449 1178 tione,
472 1127 575 1181 qua
616 1112 682 1165 ad
720 1111 999 1167 Danielem
1056 1112 1256 1167 dictum
1299 1120 1424 1166 est:
1459 1109 1633 1165 Bestia
1678 1118 1869 1181 quarta

264 1218 490 1275 regnum
530 1214 773 1275 quartum
806 1206 901 1259 erit
944 1206 995 1259 in
1028 1213 1189 1271 terra,
1216 1205 1357 1274 quod
1387 1204 1556 1274 majus
1581 1203 1677 1257 erit
1707 1201 1870 1257 omni-

263 1296 374 1349 bus
402 1297 593 1367 regnis,
613 1308 657 1348 et
681 1296 942 1350 derorubi!
976 1297 1266 1350 universam
1294 1305 1504 1361 terram,
1524 1305 1570 1348 et
1596 1295 1871 1349 conculca-

266 1390 377 1457 lrit,
408 1398 453 1443 et
482 1391 787 1444 comminuet
829 1407 965 1446 eam.
1014 1392 1185 1446 Porro
1244 1406 1447 1445 cornua
1500 1391 1676 1445 decem
1706 1390 1760 1460 ip
1788 1390 1870 1444 ius

266 1481 426 1554 regni
453 1483 625 1536 decem
645 1498 789 1554 reges
831 1491 977 1537 erunt
1006 1498 1024 1537 :
1055 1491 1103 1536 et
1134 1481 1272 1537 alius
1299 1489 1575 1552 consurget
1605 1487 1720 1552 post
1759 1496 1865 1549 eos,

264 1586 330 1630 et
358 1578 468 1643 ipse
493 1575 754 1646 potentior
792 1577 891 1630 erit
931 1576 1212 1646 prioribus,
1236 1584 1287 1629 et
1316 1583 1416 1629 tres
1445 1589 1589 1647 reges
1624 1572 1869 1628 humilia-

266 1668 374 1735 bit,
407 1681 452 1725 et
492 1686 756 1726 sermones
793 1680 976 1725 contra
1003 1669 1284 1725 Eacelsum
1314 1670 1567 1741 loquetur,
1597 1679 1644 1723 et
1665 1676 1870 1723 sanctos

1964 455 2159 522 bestia,
2186 471 2294 512 non
2327 458 2523 512 mirum
2555 459 2601 512 si
2645 458 2858 529 species
2888 459 3007 530 ejus
3044 477 3154 516 non
3198 460 3548 530 describitur,

1967 550 2063 606 sed
2091 549 2375 607 dissimilis
2398 551 2598 608 dicitur
2620 553 2859 607 catteris.
3226 546 3245 549 “

2039 642 2190 711 Quod
2234 644 2302 700 ad
2343 661 2530 718 regum
2583 662 2872 702 numerum
2930 646 3091 719 hujus
3141 649 3378 705 nationis
3432 665 3560 719 spe-

1966 735 2304 806 etat,decem
2330 738 2591 793 cornibus
2620 739 3067 795 adumbratorum
3088 782 3102 807 ,
3133 741 3321 796 decem
3352 743 3556 814 habuit,

1970 841 2078 882 non
2111 828 2233 898 plus
2257 843 2357 885 nec
2387 830 2584 900 minus,
2611 831 2679 886 ab
2710 831 2982 902 Atautpho
3002 831 3092 901 qui
3120 833 3326 900 primus
3351 835 3565 890 Gotho-

1970 933 2089 975 rum
2124 919 2175 975 in
2208 919 2493 991 Hispanias
2524 913 2766 989 intravit,
2803 940 2971 994 usque
2997 924 3063 979 ad
3105 925 3403 982 Liubanem
3426 968 3441 993 ,
3474 929 3562 983 cui

1970 1011 2297 1070 undecimus
2314 1016 2577 1071 successit
2605 1016 2967 1087 Leovigildus;
2992 1016 3060 1073 de
3082 1034 3189 1088 quo
3211 1020 3469 1090 quidquid
3494 1023 3562 1078 de

1973 1107 2260 1164 undecimo
2286 1124 2460 1165 cornu
2490 1110 2694 1167 dictum
2724 1122 2805 1166 est
2836 1111 2902 1166 ad
2937 1128 3192 1184 unguem,
3230 1123 3287 1167 ut
3318 1130 3440 1168 mox
3473 1130 3562 1170 os-

1973 1200 2215 1271 tendam,
2245 1202 2575 1259 verilicatur.
2601 1203 2816 1262 Primus
2847 1204 2940 1260 fuit
2963 1204 3060 1277 (uti
3090 1205 3349 1277 diximus)
3381 1206 3563 1262 illaul-

1973 1294 2137 1366 phus,
2158 1294 2459 1352 Barcinone
2480 1297 2695 1353 occisus
2733 1312 2860 1354 ann.
2892 1298 3049 1355 Dom.
3076 1299 3202 1353 416.
3235 1297 3298 1353 ll.
3326 1299 3556 1368 Wallia,

1971 1389 2064 1461 qui
2092 1388 2229 1445 duos
2250 1391 2494 1461 regnavit
2523 1406 2719 1459 annos,
2749 1399 2806 1447 et
2830 1392 2967 1447 obiit
2991 1392 3119 1448 418.
3155 1390 3243 1447 lll.
3277 1393 3568 1448 Theodore-

1973 1483 2092 1549 dus,
2118 1483 2211 1553 qui
2236 1498 2365 1538 ann.
2394 1484 2552 1540 Dom.
2585 1484 2692 1539 455
2713 1485 2925 1541 occisus
2947 1485 3222 1541 oceubuit.
3239 1487 3326 1541 IV.
3348 1487 3478 1557 Ejus
3505 1489 3570 1543 li-

1974 1573 2080 1629 lius
2121 1572 2452 1644 Thorismus,
2496 1591 2593 1632 seu
2640 1576 3107 1645 Thorismundus,
3158 1580 3248 1648 qui
3286 1596 3430 1635 anno
3473 1596 3564 1637 sc-

1975 1666 2161 1738 quenti
2193 1678 2420 1724 necatus
2449 1678 2553 1725 est.
2589 1668 2653 1725 ν.
2681 1669 2958 1726 Successit
2986 1671 3154 1728 frater
3181 1673 3296 1743 ejus
3325 1673 3564 1730 Theodo-

268 1761 538 1817 Altissimi
566 1771 812 1819 conteret.
847 1763 923 1819 De
972 1762 1230 1834 superbia
1277 1769 1458 1818 autem
1514 1768 1569 1817 et
1621 1768 1870 1831 tempore
1902 1763 1947 1824 Β
1975 1760 2136 1827 ricus,
2169 1759 2263 1831 qui
2287 1777 2432 1818 almo
2461 1762 2568 1819 464
2593 1762 2661 1818 ab
2693 1764 2891 1819 Enrieo
2922 1763 3092 1821 fratre
3126 1781 3226 1821 suo
3266 1767 3568 1823 trucidatus

266 1855 673 1913 dominationis
709 1857 881 1928 ipsius
932 1856 1118 1912 subdit
1148 1874 1161 1910 :
1189 1864 1239 1910 et
1288 1854 1487 1927 putabit
1525 1853 1665 1925 quod
1710 1853 1873 1925 possit

267 1959 483 2005 mutare
509 1961 738 2023 tempora
785 1962 831 2005 et
860 1952 1023 2021 leges,
1052 1959 1102 2004 et
1135 1950 1402 2006 tradentur
1445 1950 1501 2003 in
1544 1963 1702 2001 manu
1756 1949 1871 2019 ejus

268 2042 475 2114 (Saneti
527 2044 807 2109 videlicet,
840 2044 908 2100 de
935 2043 1140 2115 quibus
1180 2044 1327 2113 prius
1372 2042 1613 2108 dixerat,
1650 2040 1872 2112 faciebat

269 2137 470 2191 bellum
492 2136 738 2192 adversus
760 2147 963 2192 sanctos
993 2145 1038 2192 et
1069 2134 1379 2210 prwvalebat
1409 2135 1528 2207 eis),
1552 2135 1872 2205 quouSque?

269 2242 441 2297 usque
468 2228 521 2281 in
560 2228 737 2296 finem,
768 2239 824 2284 (ι
873 2238 1002 2284 tunc
1032 2229 1247 2283 tandem
1296 2245 1515 2299 regnum
1544 2238 1591 2283 et
1621 2236 1868 2300 potestas,

270 2328 328 2373 et
370 2320 669 2391 magnitudo
706 2337 823 2392 qua:
852 2332 927 2376 est
951 2320 1128 2376 subter
1156 2336 1304 2374 omne
1327 2320 1513 2375 caelum
1543 2319 1753 2373 dubitur
1778 2335 1873 2390 pa-

272 2415 401 2485 pulo
430 2425 729 2470 sanctorum
757 2416 1031 2481 ditissimi,
1062 2430 1128 2471 eo
1149 2430 1237 2483 rue
1260 2431 1440 2469 omnes
1476 2431 1620 2486 reges
1648 2414 1872 2468 servient

271 2518 329 2562 et
350 2510 610 2579 obedient,
643 2517 689 2564 et
720 2525 934 2581 regnum
969 2509 1341 2579 sempiternum
1364 2508 1485 2563 erit.
1516 2506 1709 2562 Mirum
1741 2519 1870 2577 pro-

272 2600 423 2657 fecto
446 2618 604 2673 quam
636 2603 776 2658 bene
807 2603 923 2658 lucc
959 2604 1142 2658 omnia
1185 2600 1489 2658 Gothorum
1535 2600 1681 2671 genti
1722 2601 1869 2669 ejus-

272 2711 385 2766 que
427 2698 645 2768 regibus
702 2696 753 2752 iu
802 2697 1082 2768 Hispanit,
1113 2697 1471 2769 regnantibus
1515 2693 1863 2750 conveniant.

273 2787 386 2858 Ipsi
414 2796 605 2860 quarta
632 2790 800 2845 bestia
830 2800 882 2845 et
914 2804 1141 2861 regnum
1194 2797 1452 2861 quartum
1498 2795 1646 2853 sunt,
1681 2794 1868 2854 utpote

272 2881 366 2951 qui
398 2890 522 2950 post
566 2892 798 2937 cancros
826 2892 935 2937 tres
966 2881 1217 2937 nationes
1251 2880 1537 2952 Ilispanias
1571 2882 1864 2946 intrarunt,

274 2972 377 3041 ipsi
411 2972 664 3028 fortiores
691 2983 745 3028 et
792 2972 1087 3030 ferociores
1130 2972 1371 3037 caeteris,
1413 2971 1678 3041 majorem
1724 2980 1865 3025 stra-

274 3082 394 3137 gem
441 3068 494 3122 in
537 3067 807 3138 Ilispaniis
850 3065 1120 3134 fecerunt,
1153 3065 1256 3136 ipsi
1287 3065 1581 3121 dissimiles
1614 3062 1864 3132 reliquis,

1973 1864 2077 1912 est.
2114 1855 2202 1911 VI.
2234 1855 2459 1915 Euricus
2486 1858 2621 1929 ipse,
2653 1860 2742 1930 qui
2769 1875 2912 1915 anno
2946 1861 3158 1915 Domini
3189 1861 3313 1917 482.
3348 1862 3571 1918 Arelate

1974 1947 2029 2003 in
2049 1948 2225 2005 Gallia
2240 1948 2469 2007 Gothica
2485 1959 2733 2007 mortuus
2755 1960 2856 2018 est,
2886 1953 3176 2025 habuitque
3194 1970 3568 2011 successorem

1973 2038 2267 2097 Alaricum.
2300 2040 2415 2096 VII.
2449 2041 2692 2098 Alaricus
2723 2044 2969 2113 regnavit
2998 2060 3169 2100 annos
3200 2046 3271 2102 23
3297 2063 3468 2119 usque
3497 2047 3567 2101 ad

1972 2147 2174 2190 annum
2201 2134 2418 2190 Domini
2442 2134 2567 2191 506.
2600 2134 2738 2190 VIII.
2764 2136 2900 2191 lluie
2928 2139 3197 2193 successit
3235 2140 3373 2194 filius
3398 2140 3566 2209 ipsius

1972 2226 2340 2294 Amalaricus,
2372 2226 2701 2283 Theoderici
2740 2226 2905 2285 Italia:
2937 2232 3079 2301 regis
3113 2247 3179 2285 ex
3221 2231 3325 2287 lilia
3357 2249 3563 2304 nepos,

1975 2318 2155 2373 infans
2187 2318 2389 2389 adhuc,
2418 2328 2473 2375 et
2503 2319 2739 2391 pueriles
2771 2336 2878 2376 non
2915 2323 3187 2379 excedens
3209 2341 3383 2379 annos
3414 2344 3427 2381 :
3458 2342 3571 2398 quo

1974 2421 2220 2485 tempore
2241 2412 2621 2470 Theodoricns
2641 2415 2965 2485 gubernavit
2993 2417 3044 2471 in
3067 2416 3321 2488 ΙιίειιιιιιῙει
3353 2435 3447 2488 pro
3470 2436 3574 2476 ue-

1973 2517 2121 2579 pote.
2151 2508 2246 2565 IX.
2287 2509 2669 2583 Athanagildus
2703 2512 2790 2583 qui
2826 2512 3065 2569 habenas
3093 2516 3242 2585 regni
3277 2517 3451 2571 tenuit
3475 2534 3577 2571 us-

1972 2618 2076 2673 que
2100 2603 2165 2657 ad
2200 2620 2403 2659 annum
2432 2606 2467 2659 Ξ).
2488 2603 2695 2660 'Justini
2729 2606 3005 2673 Junioris,
3052 2607 3253 2663 Christi
3282 2626 3412 2664 vero
3439 2610 3568 2676 567,

1972 2711 2082 2765 quo
2110 2694 2363 2750 nimirum
2390 2696 2774 2769 Athanagildus
2802 2715 2893 2753 rea:
2924 2696 3213 2753 Gothorum
3246 2700 3341 2769 (ait
3392 2700 3568 2755 Vicia-

1972 2789 2173 2862 rensis)
2199 2791 2251 2845 in
2288 2788 2553 2861 Hispania
2587 2792 2704 2845 vita:
2729 2790 2884 2861 finem
2906 2793 3158 2863 suscepit,
3192 2802 3240 2847 et
3280 2792 3445 2848 Liuba
3475 2812 3568 2865 pro

1970 2899 2029 2937 eo
2059 2882 2112 2937 in
2139 2898 2354 2956 regnum
2393 2882 2713 2954 provehitur,
2757 2881 2960 2954 fuitque
2991 2883 3039 2938 Χ
3081 2883 3225 2940 inter
3263 2885 3566 2941 Gothorum

1972 2974 2250 3046 Hispania:
2280 2989 2461 3047 reges.
2492 2974 2696 3030 Horum
2724 2976 2961 3030 omnium
2986 2986 3238 3032 auctores
3262 2977 3436 3034 habeo
3460 2988 3568 3035 tres

1972 3067 2215 3123 oculatos
2245 3075 2435 3136 testes,
2464 3065 2720 3133 Idalium,
2749 3066 3076 3135 Maximum,
3103 3077 3158 3124 et
3183 3068 3447 3126 Joannem
3476 3070 3571 3127 Vi-

274 3176 377 3216 nec
405 3170 611 3217 certam
644 3160 874 3229 alicujus
902 3158 1151 3237 animalis
1182 3159 1471 3231 imaginem
1503 3173 1613 3229 pra:
1636 3172 1697 3213 se
1728 3155 1867 3213 lere-
1892 3147 1938 3212 C
1977 3159 2307 3216 clarensetn.
2332 3158 2441 3216 Sed
2463 3168 2592 3215 sunt
2618 3159 2707 3231 qui
2735 3169 2853 3231 post
2879 3160 3235 3232 Ataulphum,
3264 3161 3565 3234 Sigericum

274 3258 406 3309 haut
427 3254 504 3327 (id
528 3263 629 3319 est,
663 3268 763 3310 nec
788 3253 1126 3322 luentegnec
1168 3252 1302 3319 ursi,
1331 3266 1433 3309 nec
1460 3250 1639 3322 pardi,
1666 3248 1752 3304 vel
1787 3248 1867 3304 al-

277 3349 443 3401 terius
472 3345 715 3415 cujusvis
754 3347 965 3410 bestia},
1000 3361 1121 3416 quae
1174 3344 1408 3400 describi
1450 3350 1601 3399 certe
1643 3340 1862 3415 possit),

272 3438 415 3509 quod
472 3439 727 3494 nimirum
782 3453 889 3494 non
936 3439 1210 3493 intrarunt
1263 3438 1316 3493 iu
1377 3437 1665 3507 Hispanias
1710 3435 1866 3505 quasi

276 3531 481 3596 hostes,
508 3540 564 3585 et
615 3530 925 3601 pra‘dones,
958 3529 1097 3585 sicut
1136 3529 1361 3600 reliqua:
1410 3528 1658 3583 barbara:
1691 3526 1865 3582 natio-

275 3639 391 3688 nes,
439 3624 535 3678 sed
579 3624 680 3679 sub
724 3624 880 3680 titulo
927 3623 1281 3679 defensorum
1330 3620 1562 3677 Romani
1629 3619 1864 3691 imperii,

274 3730 395 3771 cum
423 3725 601 3771 tamen
628 3730 818 3772 omnes
851 3717 1191 3784 deciperent,
1225 3726 1276 3770 et
1322 3714 1596 3769 Romanus
1626 3730 1731 3768 non
1764 3713 1867 3768 mi-

275 3825 377 3865 nus
392 3825 551 3880 quam
571 3818 800 3864 caeteros
823 3817 1155 3865 conarentur
1178 3808 1248 3863 ab
1270 3807 1528 3873 Hispania
1547 3806 1861 3863 deturbare.

278 3901 351 3956 De
385 3902 766 3972 persecutione
806 3902 1173 3957 Barliarorum
1218 3901 1321 3956 sub
1352 3901 1600 3955 Romano
1646 3900 1885 3955 nomine‘

279 3992 389 4047 hau:
421 3992 626 4048 Matius
671 4008 818 4048 anno
862 3991 932 4048 25
963 3990 1222 4046 Archadii
1264 4000 1319 4047 et
1364 3990 1617 4055 Ilonorii,
1644 3990 1735 4061 qui
1767 3988 1869 4045 fuit

283 4085 555 4140 secundus
608 4084 680 4140 ab
737 4085 979 4156 ingressu
1029 4084 1328 4141 Gothorum
1362 4101 1375 4137 :
1411 4081 1611 4138 Wallia
1640 4098 1732 4137 rea:
1763 4080 1869 4137 Go-

276 4180 500 4245 thorum,
535 4178 756 4234 Romani
790 4178 1012 4233 nominis
1043 4195 1201 4233 causa
1235 4179 1376 4232 intra
1409 4176 1666 4249 Hispania
1703 4177 1868 4231 credes

278 4273 521 4326 maximas
545 4272 709 4343 efficit
732 4269 1085 4326 Barbarorum
1104 4281 1189 4338 ;et
1213 4285 1355 4325 anno
1385 4270 1634 4341 sequenti
1660 4285 1673 4322 :
1701 4268 1870 4326 Wou-

278 4364 380 4419 dali
411 4363 607 4435 Siiingi
646 4366 699 4418 in
735 4363 932 4418 Bretica
962 4380 1054 4435 per
1083 4362 1335 4419 Walliam
1380 4379 1546 4434 regem
1582 4377 1757 4417 omnes
1778 4378 1871 4415 ex-

278 4459 477 4522 stincti;
528 4457 684 4512 Alani
726 4450 963 4527 quoque,
1012 4458 1143 4511 adeo
1184 4457 1444 4511 cresisuut
1494 4474 1526 4509 a
1574 4453 1777 4518 Gothis,
1811 4462 1867 4507 ut

1970 3251 2246 3308 collocent
2293 3263 2419 3307 ante
2468 3250 2758 3318 Walliam,
2820 3252 2910 3323 'qui
2964 3261 3141 3309 tamen
3192 3255 3400 3325 regium
3459 3273 3565 3311 non

1962 3345 2215 3402 ascendit
2233 3345 2457 3411 solium,
2490 3344 2635 3401 unde
2659 3361 2687 3400 a
2711 3346 2978 3417 Prospero
3008 3355 3061 3403 et
3082 3346 3253 3403 IJatio
3283 3350 3335 3404 in
3360 3351 3534 3406 catalo
3552 3383 3565 3393 -

1966 3452 2037 3508 go
2063 3437 2368 3494 Gothorum
2413 3453 2601 3509 regum
2641 3453 2750 3493 non
2802 3422 3136 3508 admittitur,
3168 3441 3237 3495 de
3272 3457 3381 3511 quo
3402 3459 3566 3513 supe-

1968 3529 2084 3585 rius
2110 3530 2244 3585 satis
2273 3529 2475 3586 diCtum
2507 3547 2537 3585 a
2577 3530 2734 3587 nobis
2761 3538 2869 3587 est.
2902 3531 3171 3603 Tempore
3201 3536 3364 3590 etiam
3396 3537 3567 3592 infan-

1969 3624 2059 3679 tiae
2090 3622 2381 3678 Amalarici
2427 3623 2625 3678 invasit
2661 3638 2884 3691 regnum
2913 3624 3032 3691 ejus
3071 3625 3415 3695 Gesalaicus,
3466 3630 3563 3685 sed

1970 3715 2244 3786 tyrannidi
2277 3714 2447 3786 ipsius
2475 3715 2847 3772 Theodoricns
2880 3717 3081 3788 negotii
3111 3719 3443 3787 gubernator
3469 3738 3565 3777 oe-

1968 3809 2176 3873 currit;
2212 3808 2527 3864 Gesalaicus
2558 3823 2692 3865 vero
2729 3808 2987 3880 profugus
3012 3819 3066 3864 et
3088 3826 3255 3882 vagus
3289 3815 3338 3867 in
3377 3815 3566 3871 Galliis

1968 3910 2214 3955 mortuus
2244 3911 2326 3956 εει
2346 3916 2472 3955 ann.
2501 3898 2719 3955 Domini
2744 3900 2871 3957 5l0.
2904 3901 3067 3957 Addit
3089 3902 3330 3961 Isidorus
3359 3908 3559 3979 (quem

1968 3992 2299 4049 recentiores
2327 3994 2778 4069 sequuntur)tres
2800 3992 2936 4049 alios
2956 4004 3079 4051 ante
3100 3996 3549 4071 Athanagildum,

1970 4085 2181 4143 scilicet
2208 4085 2534 4153 Theudium,
2563 4085 2971 4155 ’l‘heudiselum,
2998 4098 3053 4144 et
3084 4089 3327 4161 Agilam,
3361 4095 3451 4165 qui
3487 4106 3565 4151 ta-

1973 4192 2094 4232 men
2128 4178 2340 4248 tyranni
2375 4177 2553 4246 poxius
2581 4192 2742 4248 quam
2774 4178 2888 4234 veri
2920 4194 3075 4250 reges
3103 4180 3351 4254 fuerunt,
3383 4194 3440 4242 et
3471 4204 3559 4244 ea-

1972 4277 2193 4341 propter
2215 4269 2285 4325 bl.
2310 4269 2575 4325 Maximus
2595 4271 2683 4341 qui
2707 4271 2945 4327 exactius
2966 4287 3052 4328 res
3076 4271 3372 4332 Gothorum
3396 4280 3561 4336 chro-

1973 4361 2224 4433 nologice
2256 4371 2476 4419 secutus
2506 4369 2619 4431 est,
2662 4377 2759 4419 eos
2794 4379 2824 4420 a
2866 4364 3110 4436 catalogo
3140 4381 3326 4437 regum
3372 4371 3560 4443 ejecit,

1974 4453 2497 4526 indignosjudicans
2526 4463 2675 4509 tanto
2710 4457 2938 4523 honore,
2970 4457 3114 4528 quod
3140 4457 3312 4516 Lucas
3343 4462 3564 4520 Tuden-

279 4552 527 4606 exstincto
582 4565 702 4621 rege
745 4549 998 4621 ipsorum,
1032 4546 1422 4604 Wandalorum
1470 4565 1523 4602 se
1578 4547 1865 4617 patrocinio
1895 4536 1949 4597 D
1973 4549 2051 4603 sis
2078 4549 2226 4614 fecit,
2252 4548 2417 4604 immo
2438 4563 2504 4604 eo
2530 4556 2689 4617 teste,
2719 4549 2960 4605 Isidorus
2991 4551 3150 4606 etiam
3170 4595 3183 4621 ,
3213 4554 3367 4625 cujus
3391 4556 3566 4615 Chro-

280 4641 636 4715 subjugarent.
695 4641 829 4709 Quis
891 4656 999 4695 non
1052 4642 1262 4696 diceret
1307 4641 1515 4697 Gothos
1570 4640 1868 4696 fidissimos

283 4735 649 4791 Romanorum
680 4736 1016 4791 auxiliares?
1049 4735 1179 4791 nihil
1213 4745 1392 4793 tamen
1439 4737 1652 4807 longius
1682 4737 1870 4791 aberat

284 4829 348 4881 ab
404 4829 646 4898 ipsorum
700 4828 930 4893 animis;
984 4842 1107 4883 cum
1140 4831 1283 4883 enim
1332 4829 1548 4885 occasio
1594 4844 1717 4884 sese
1771 4829 1870 4885 ob.

286 4922 423 4990 tnlit,
464 4920 763 4977 exercitum
826 4921 1194 4977 Romanorum
1243 4909 1378 4991 quos
1442 4922 1616 4990 palam
1675 4921 1869 4990 juvarc

286 5010 693 5080 promittebant,
747 5010 939 5067 fraude
986 5019 1042 5093 et
1089 5010 1431 5081 deceptione,
1474 5026 1597 5067 cum
1644 5012 1758 5081 jam
1800 5012 1870 5069 de

286 5105 501 5160 victoria
550 5105 929 5176 loquebantur,
960 5105 1012 5159 in
1060 5120 1252 5160 manus
1281 5104 1668 5161 Wandalorum
1706 5105 1874 5162 tradi-

287 5196 501 5252 derunt.
531 5197 661 5265 Ejus
705 5196 786 5251 rei
838 5197 993 5251 testis
1023 5197 1188 5251 etiam
1237 5204 1322 5252 est
1350 5197 1570 5263 ldatius,
1600 5198 1687 5267 qui
1729 5212 1875 5254 anno

287 5289 355 5345 23
380 5290 595 5345 Arcadii
630 5289 825 5360 inquit,
856 5287 1100 5346 Custinus
1133 5292 1380 5362 magister
1409 5292 1633 5345 militum
1684 5292 1877 5347 Roma-

290 5400 491 5449 norum,
519 5399 636 5438 cum
677 5400 868 5456 magna
900 5400 1081 5449 manu,
1109 5395 1159 5440 et
1184 5385 1401 5439 auxiliis
1430 5383 1743 5454 Gothorum,
1768 5386 1875 5442 bei-

293 5474 393 5529 lum
415 5476 467 5530 ia
499 5474 697 5531 Baetica
725 5474 999 5531 Wandalis
1028 5477 1185 5548 infert
1216 5492 1234 5531 :
1261 5494 1393 5549 quos
1414 5494 1529 5533 cum
1558 5479 1626 5533 ml
1647 5480 1881 5553 inepiam

294 5569 340 5621 vi
361 5569 648 5623 obsidionis
669 5580 917 5636 arctarct,
941 5570 1071 5624 adeo
1086 5580 1139 5623 ut
1168 5585 1222 5624 se
1240 5570 1448 5626 tradere
1466 5574 1582 5642 jam
1610 5580 1882 5645 pararent;

1976 4639 2134 4694 nieon
2166 4639 2233 4694 ad
2258 4639 2482 4696 verbum
2521 4642 2639 4711 ipse
2679 4642 3020 4712 trauscripsit
3049 4660 3113 4698 ex
3144 4647 3451 4714 purioribus
3480 4651 3567 4723 (ut

1975 4730 2224 4802 apparet)
2248 4732 2625 4803 originalibus,
2655 4747 2812 4804 quam
2839 4749 2980 4790 nunc
3001 4745 3238 4792 exstent.
3262 4739 3393 4795 Nam
3417 4756 3568 4801 certe

1973 4823 2284 4880 Chronieon
2310 4825 2457 4896 quod
2503 4826 2644 4880 inter
2674 4827 2790 4895 ejus
2821 4842 2988 4895 opera
3019 4840 3197 4885 exstat
3226 4831 3559 4904 Gothorum,

1977 4918 2077 4973 sub
2109 4917 2330 4973 nomine
2356 4916 2582 4985 Isidori,
2616 4918 2915 4975 innumeris
2941 4932 3111 4977 scatet
3139 4926 3351 4982 mendis
3382 4930 3435 4984 in
3468 4947 3566 4984 an-

1975 5026 2170 5066 norum
2211 5011 2385 5077 notis,
2432 5011 2484 5066 in
2525 5010 2870 5080 nominibus,
2905 5012 2957 5067 in
2994 5014 3187 5071 ordine
3218 5029 3270 5072 et
3316 5020 3567 5077 seriore-

1974 5119 2125 5175 gum,
2167 5113 2221 5159 et
2252 5104 2373 5158 aliis
2402 5119 2521 5174 qua:
2550 5103 2708 5159 facile
2736 5103 2914 5173 quivis
2944 5107 3239 5166 collatione
3280 5111 3412 5166 facta
3442 5129 3562 5168 eum

1976 5188 2265 5267 conciliis,
2305 5198 2515 5267 ldatio,
2567 5196 2864 5254 Viclarensi
2909 5209 2964 5254 et
3003 5204 3216 5258 ueteris
3258 5208 3571 5263 auctoribus

1980 5290 2374 5364 deprehendet.
2410 5291 2609 5348 Decem
2644 5291 2807 5362 igitur
2844 5293 3122 5352 dumtaxat
3152 5296 3451 5355 Gothorum
3488 5319 3571 5358 re-

1980 5387 2078 5456 ges
2105 5384 2257 5441 fuere
2277 5398 2447 5455 usque
2474 5384 2539 5439 ad
2564 5384 2887 5442 Liubanem.

2062 5480 2302 5539 Liubane
2326 5489 2504 5536 tamen
2537 5479 2895 5537 nihilominus
2922 5494 3204 5555 regnante,
3237 5466 3584 5560 Leovigihlus

1988 5573 2364 5646 (undecimum
2392 5575 2586 5643 cornu)
2616 5583 2824 5644 partem
2871 5578 3019 5646 regni
3049 5577 3288 5648 accepit;
3320 5597 3427 5651 quo
3453 5603 3582 5642 were

296 5663 582 5720 inconsulte
635 5665 843 5734 publica
901 5666 1181 5720 certamine
1226 5669 1532 5740 conﬂigens,
1564 5666 1886 5723 auxiliorum
1990 5665 2059 5723 de
2088 5664 2180 5722 illo
2202 5665 2514 5733 diceretur,
2550 5664 2683 5721 Ecce
2711 5682 2874 5721 cornu
2915 5668 3064 5721 aliud
3100 5668 3375 5738 parvulum
3411 5688 3581 5734 ortum

301 5755 477 5826 fraude
504 5757 771 5829 deceptus,
800 5755 871 5811 ad
900 5755 1256 5813 Tarraconem
1304 5759 1469 5816 rictus
1511 5758 1714 5833 effugit.
1751 5761 1884 5820 Cum

749 5847 1026 5913 ΡΑτιιυι..
1067 5848 1182 5912 XX
1199 5848 1310 5914 XI.

1992 5768 2066 5818 est
2089 5760 2154 5818 de
2175 5759 2343 5818 ntedio
2371 5775 2587 5829 eorum;
2616 5760 2669 5817 in
2696 5760 2878 5819 medio
2907 5763 3051 5818 enim
3089 5765 3244 5837 regni
3275 5766 3456 5828 fratris
3497 5776 3582 5831 sui

2962 5854 3040 5919 19
