3962 6336
490 362 723 423 parvum
761 359 986 416 regnum
1027 342 1134 400 sibi
1178 340 1463 399 constituit
1509 359 1525 397 :

492 453 771 515 gestorum
803 438 920 510 ejus
948 434 1402 507 chronographus
1445 433 1526 489 sic
1577 431 1821 486 notavit:
1866 431 2024 485 Auno
2055 428 2089 489 5

495 534 694 593 Justini
722 531 994 597 Juniuris,
1043 525 1375 599 Leoeigildus
1414 540 1692 596 germanus
1728 521 1977 576 Linbonis
2012 536 2091 575 re-

496 630 594 703 gis,
610 625 886 694 superstite
909 627 1071 697 fratre
1091 623 1146 676 in
1170 635 1379 693 regnum
1403 616 1659 671 citerioris
1684 613 1957 687 Hispania:
1976 630 2093 668 con-
2116 684 2121 689 ἢ

499 721 754 776 stituitur.
783 718 951 774 Porro
965 724 1076 772 tres
1098 728 1255 785 reges
1273 712 1531 783 postejus
1553 719 1733 765 ortum
1756 707 2090 774 ceciderunt,

497 814 671 873 Liuba
701 812 1035 876 Gothorum,
1067 816 1121 864 et
1162 807 1315 871 Miro,
1369 813 1530 876 atque
1577 802 1839 859 Evoricus
1887 801 2094 857 Suevo-

499 926 647 975 rum,
676 919 949 978 regnaque
975 903 1217 973 ipsorum
1246 911 1349 954 suo
1380 893 1609 967 adjecit,
1652 904 1709 950 ut
1742 893 1885 951 idem
1917 891 2095 948 Viola-

497 1001 680 1059 rensis
707 997 933 1056 scribit:
967 1010 1076 1066 quo
1105 992 1361 1047 nimirum
1393 987 1524 1044 illud
1562 987 1615 1043 in
1647 1001 1714 1044 eo
1752 984 2092 1049 verilicetur,

502 1094 681 1152 Cornu
721 1088 868 1147 aliud
895 1097 1063 1143 ortum
1098 1085 1298 1154 fuerat,
1338 1091 1457 1137 ante
1485 1080 1622 1153 quod
1664 1080 1956 1136 ceciderant
1995 1077 2096 1131 tria

502 1203 719 1251 cornua,
750 1193 797 1238 et
824 1182 995 1254 majus
1021 1188 1133 1234 erat
1162 1176 1382 1243 caeteris;
1413 1183 1468 1230 et
1497 1173 1671 1244 majus
1700 1171 1894 1238 multo,
1926 1186 2097 1241 quau-

504 1277 795 1349 doquidem
822 1274 1132 1331 universam
1162 1267 1500 1340 Hispaniam,
1530 1281 1651 1338 qua:
1675 1265 1857 1321 multis
1880 1262 2097 1333 regibus

501 1370 781 1442 variisque
826 1366 1166 1439 principibus
1212 1360 1455 1432 subjecta
1506 1358 1683 1415 fueral
1729 1356 1936 1439 primus
1982 1370 2097 1409 om-

504 1465 653 1532 nium
696 1461 798 1516 sub
828 1476 926 1515 sua
965 1454 1211 1527 reposuit
1257 1461 1553 1524 potestate,
1587 1450 1655 1507 ad
1700 1448 1842 1521 quod
1876 1460 2099 1503 necesse

504 1554 606 1611 fuit
635 1552 953 1615 Vasconias,
1005 1532 1404 1627 Bastetaniant,
1454 1542 1857 1610 Malacitanam,
1887 1538 2099 1596 Cordu-

505 1648 765 1714 bensem,
817 1652 872 1699 et
901 1639 1381 1704 Assidonieusem,
1422 1636 1663 1706 aliasque
1705 1633 2011 1706 provincias
2044 1640 2099 1688 et

1385 222 1684 284 FLAVlUS
1721 218 1968 282 LULIUS
2009 216 2288 278 osxren
2326 188 2861 277 cuncubweus.

1571 340 1718 412 quod
1762 337 2089 395 Viclarcnsis
2120 337 2170 401 Α
2196 334 2342 406 pessi
2374 334 2568 401 fuere;
2615 333 2669 389 id
2699 331 2843 404 quod
2888 330 3103 389 Marcus
3148 328 3406 387 Maximus
3432 329 3751 402 Cmsaraugu.

3654 214 3753 287 58!

2191 440 2381 486 stanus
2413 441 2540 486 tunc
2571 429 2832 500 temporis
2859 428 3170 497 episcopus,
3205 433 3263 481 et
3288 424 3401 495 ipse
3435 426 3661 484 oculatus
3682 436 3753 485 te-

2191 522 2290 578 stis
2320 522 2516 578 scribit
2537 522 2602 577 ad
2624 536 2829 577 annum
2855 520 3067 577 Domini
3099 518 3226 576 583.
3255 516 3496 574 Faciebat
3524 534 3642 592 ergo
3662 519 3755 576 bel-

2192 616 2301 672 lum
2331 617 2575 673 adversus
2601 617 2845 682 Sauctos,
2875 623 2922 670 et
2947 613 3255 686 prteralcbat
3280 614 3368 669 eis.

2267 710 2374 766 Sed
2410 710 2539 780 quid
2573 709 2849 781 signiﬁcat
2881 708 3029 780 quod
3070 706 3413 777 subjuugitur
3442 723 3457 765 :
3486 705 3613 763 Ecce
3638 708 3758 764 oculi

2193 801 2339 873 quasi
2369 801 2507 857 oculi
2534 801 2756 855 hominis
2776 807 2925 856 erant
2951 800 3007 854 in
3032 815 3193 854 cornu
3214 800 3347 854 isto?
3369 798 3610 857 nimirum
3633 799 3761 871 quod

2194 894 2262 950 ad
2285 894 2640 950 debellandos
2662 904 2881 950 sanctos
2906 908 3015 947 non
3030 906 3172 948 cmca
3199 906 3297 947 sua
3317 889 3592 946 dumtaxat
3611 894 3761 963 phan-

2196 990 2330 1046 tasia
2365 988 2704 1057 movebatur,
2758 987 2854 1043 sed
2888 987 3183 1042 munitorum
3231 987 3599 1056 episcoporum
3624 984 3762 1042 insti-

2196 1087 2433 1157 gatione,
2464 1086 2555 1158 qui
2583 1084 2728 1141 oculi
2761 1083 3025 1140 Ecclesia:
3048 1081 3524 1150 nuncupabantur;
3555 1078 3765 1150 quiniut-

2199 1194 2290 1236 mo
2333 1188 2388 1235 et
2428 1178 2660 1236 concilia
2692 1177 3008 1234 celebrabat
3042 1191 3208 1246 super
3256 1173 3443 1229 eadem
3476 1188 3552 1231 re.
3582 1172 3768 1241 Accipe

2199 1271 2270 1327 Μ.
2299 1271 2522 1327 Maximi
2562 1270 2726 1327 verba
2770 1270 2839 1323 ad
2872 1284 3071 1324 annum
3108 1267 3319 1323 Domini
3354 1266 3449 1323 58l
3486 1282 3499 1318 :
3533 1262 3765 1337 Leorigil-

2200 1365 2298 1420 dus
2335 1366 2521 1420 iterum
2551 1363 3018 1437 Hermenegildunt
3051 1362 3221 1433 ﬁlium
3251 1377 3401 1415 suum
3444 1359 3631 1414 obsidet
3653 1401 3667 1424 ,
3693 1374 3768 1414 ca-

2203 1466 2452 1527 ptumque
2478 1454 2717 1512 Toletum
2761 1455 2929 1520 ducit,
2960 1454 3131 1523 ibique
3157 1455 3350 1509 carceri
3381 1452 3653 1522 ntancipat.
3675 1451 3770 1508 Sed

2202 1564 2330 1606 ecce
2358 1547 2551 1604 oculos
2579 1548 2740 1618 hujus
2762 1563 2930 1616 cornu
2956 1562 2972 1602 :
3010 1545 3109 1603 Ubi
3154 1544 3409 1617 synodum
3436 1544 3785 1615 episcoporunt'

2204 1644 2536 1705 Arianorum,
2556 1657 2761 1714 suaeque
2785 1643 3025 1715 factionis
3055 1640 3350 1710 contrahit,
3373 1644 3455 1695 cui
3485 1638 3773 1695 Paschasius

505 1744 670 1799 urbes
698 1739 845 1798 bello
868 1738 971 1794 sibi
997 1736 1301 1806 subjicere,
1341 1740 1395 1788 et
1418 1732 1722 1788 Suevorum
1752 1728 1844 1802 qui
1888 1729 1940 1784 in
1972 1727 2099 1784 Gal-
2133 1729 2175 1791 Β
2203 1739 2469 1810 ερίεεοραε
2495 1736 2745 1793 Ecclesia;
2766 1737 2828 1795 ε,
2860 1736 3086 1792 Eulalia;
3114 1736 3377 1793 Toletum
3392 1733 3774 1808 prmum“...

504 1833 660 1903 lzccia
711 1830 1151 1903 putentabantur,
1196 1840 1421 1896 regnum
1468 1823 1692 1888 delere;
1745 1822 1835 1877 cui
1885 1820 2100 1878 demum

506 1898 743 1985 Galliam
773 1923 1181 1979 Narbonensem
1213 1918 1431 1989 adjecit,
1459 1915 1600 1973 unde
1619 1924 1675 1972 et
1694 1916 1960 1971 devorasse
1981 1913 2103 1968 uni-

505 2039 703 2079 uersam
733 2029 922 2074 terram
949 2013 1324 2089 propriissime
1351 2012 1527 2069 dictus
1547 2018 1652 2081 est,
1684 2022 1731 2067 et
1752 2009 2100 2078 conculcasse,

507 2134 569 2173 ac
596 2114 958 2172 comminuisse
987 2128 1116 2167 eam.

582 2209 779 2283 Magna
814 2221 1027 2279 quoque
1053 2214 1101 2260 et
1128 2203 1360 2277 iugentia
1396 2210 1577 2256 contra
1603 2198 1875 2256 Excelsum
1902 2197 2103 2254 locutus

512 2306 632 2378 fuit,
677 2302 932 2358 nimirum
974 2309 1161 2355 contra
1194 2295 1396 2352 Christi
1445 2293 1793 2351 Divinitatem
1844 2292 2103 2362 blasphe-

508 2398 652 2452 mias
679 2408 961 2459 evomens,
996 2398 1184 2461 utpote
1227 2388 1558 2444 Arianorum
1597 2383 2099 2456 propugnaculum,

508 2499 559 2546 et
587 2487 775 2543 bellum
792 2503 855 2543 ea
875 2484 943 2541 de
955 2498 1116 2539 causa
1141 2481 1386 2537 adversus
1411 2490 1618 2534 sanctos
1639 2476 1882 2551 faciebat,
1902 2485 1949 2532 et
1971 2490 2107 2548 prte-

512 2582 711 2640 calebat
737 2582 831 2637 eis.
863 2579 1008 2636 Nihil
1037 2578 1250 2645 verius,
1296 2576 1432 2632 nihil
1474 2578 1643 2648 magis
1691 2575 1887 2631 litterae
1909 2590 2106 2631 conso-

511 2690 642 2737 num
675 2696 687 2732 :
722 2692 844 2733 nam
874 2689 1108 2733 concors
1132 2680 1416 2733 auctorum
1451 2686 1553 2726 vox
1588 2678 1694 2738 est,
1730 2668 2102 2740 Leovigildum

512 2770 713 2829 bellum
744 2768 1074 2827 acerrimum
1097 2766 1359 2823 indixisse
1387 2764 1676 2823 catholicis
1697 2805 1714 2832 ,
1754 2777 1986 2833 quorum
2008 2777 2105 2833 pa-

512 2864 802 2922 trocinium
830 2858 1283 2929 llermenegildus
1313 2858 1454 2913 illius
1481 2864 1825 2928 susceperat,
1859 2845 2106 2927 ipsisque

510 2973 729 3029 semper
746 2953 1119 3027 prmvaluisse.
1150 2950 1353 3022 Accipe
1376 2951 1544 3007 verba
1566 2950 1635 3006 Μ.
1661 2949 1898 3017 Maximi,
1928 2951 2016 3021 qui
2042 2964 2104 3004 ea

513 3067 636 3124 quae
665 3049 799 3104 vidit
841 3046 1051 3117 scripto
1081 3043 1321 3109 tradidit.
1367 3046 1524 3099 Anno
1568 3042 1778 3099 Domini
1810 3043 1936 3099 580.
1973 3042 2106 3097 Iler-

2210 1833 2415 1889 t'eniuut
2468 1849 2527 1888 eo
2594 1832 2888 1888 Vincentius
2941 1832 3210 1903 episcopus
3255 1828 3774 1901 Gazsaraugustattus:

2208 1925 2459 1993 Suntnia,
2490 1935 2536 1982 et
2577 1924 2900 1994 Nepotianus
2932 1926 3162 1997 episcopi
3192 1922 3529 1979 Emeritensis
3549 1920 3775 1979 Ecclesia:

2207 2018 2396 2073 intrusi
2446 2032 2464 2072 :
2519 2017 2704 2092 Ugnus
2744 2018 3172 2082 Barcinonensis,
3224 2015 3428 2070 Murita
3482 2013 3771 2070 Valentinus

2206 2110 2560 2184 Argimundus
2591 2110 3026 2181 Portucallensis,
3060 2108 3360 2181 Gardingus
3390 2109 3653 2182 cpiscopus
3682 2103 3776 2161 Tu-

2209 2206 2381 2262 densis
2401 2247 2417 2272 ,
2450 2216 2498 2261 et
2520 2206 2611 2261 alii
2636 2205 2869 2271 eiusdem
2889 2217 3056 2260 seeae.
3091 2205 3273 2259 Elatus
3305 2212 3386 2259 tot
3412 2203 3623 2258 Patrum
3650 2200 3779 2256 lavo-

2208 2314 2269 2356 re
2304 2298 2679 2370 Leovigildus,
2713 2313 2821 2353 non
2864 2298 3063 2353 mirum
3103 2298 3147 2352 si
3176 2305 3434 2367 putaret,
3464 2294 3598 2367 quod
3630 2300 3778 2365 posset

2207 2400 2408 2446 mutare
2433 2402 2667 2463 tempora
2685 2402 2733 2445 et
2760 2389 2896 2462 leges
2917 2389 3069 2462 regni
3102 2389 3209 2457 sui,
3236 2397 3294 2444 et
3319 2400 3508 2445 sectae.
3532 2385 3688 2458 Cujus
3711 2384 3781 2442 rei

2209 2482 2364 2538 nobis
2389 2483 2593 2552 praebet
2614 2483 2920 2551 exemplum
2943 2482 3271 2539 Viclareusis
3292 2496 3308 2548 ;
3331 2496 3455 2537 eum
3481 2481 3620 2537 enim
3640 2480 3779 2536 Aria-

2209 2593 2403 2632 norum
2438 2578 2556 2649 lege
2580 2577 2881 2633 inviolabili
2910 2587 3128 2633 cautum
3160 2584 3331 2647 esset,
3366 2592 3436 2633 nc
3465 2577 3584 2647 quis
3610 2575 3672 2630 ad
3697 2589 3783 2631 eos

2207 2667 2276 2724 de
2313 2668 2598 2725 catholicis
2656 2669 2889 2726 transire
2935 2670 3391 2740 permitteretur,
3445 2667 3547 2724 uisi
3584 2671 3785 2724 lavat-ro

2207 2762 2249 2833 il
2254 2762 2307 2819 lo
2333 2777 2432 2818 suo
2458 2762 2673 2819 Zenoso
2703 2762 3162 2835 rebaptizaretur:
3201 2763 3550 2835 Leovigildus
3575 2777 3787 2834 congree

2208 2864 2334 2928 gate
2363 2857 2593 2913 concilio
2643 2872 2865 2913 suorum
2896 2857 3231 2925 antistitum,
3277 2857 3454 2928 legem
3503 2853 3780 2928 abrogavit,

2212 2962 2409 3005 novam
2441 2950 2542 3005 sub
2571 2949 2656 3004 his
2690 2950 2869 3006 verbis
2896 2950 3138 3007 condens
3167 2967 3182 3005 :
3214 2947 3297 3005 De
3330 2950 3570 3005 Romana
3593 2947 3783 3021 religio-

2214 3056 2278 3094 ne
2302 3042 2372 3095 ad
2399 3054 2627 3097 nostram
2648 3041 2958 3097 catholicam
2981 3043 3139 3114 [idem
3164 3042 3259 3114 (ita
3282 3058 3436 3101 suam
3468 3042 3644 3099 miseri
3672 3055 3786 3097 nun‘

510 3141 833 3215 menegildus
856 3138 1227 3193 catholicorum
1249 3137 1461 3209 suscipit
1482 3138 1845 3209 patrocinium.
1875 3136 2101 3207 Rursus,
2134 3130 2178 3195 C
2209 3133 2501 3207 cupahant)
2526 3137 2804 3206 venientes,
2833 3154 2934 3192 non
2960 3137 3142 3231 debeze
3171 3138 3450 3210 baptizari,
3475 3138 3563 3193 sed
3588 3144 3789 3193 tantum-

514 3231 723 3289 Indicto
745 3232 874 3287 inter
902 3228 1113 3285 Patrem
1125 3227 1504 3300 Leovigildum,
1520 3237 1565 3282 et
1591 3228 1873 3301 principem
1890 3227 2113 3283 Herme-

514 3324 785 3399 negildum
806 3322 1008 3396 publica
1029 3321 1162 3377 bello
1191 3320 1337 3396 (nam
1358 3321 1410 3374 in
1435 3337 1596 3375 causa
1621 3320 1994 3375 catholicorum
2015 3338 2113 3394 po-

516 3416 763 3489 pulorum
801 3433 833 3469 a
866 3425 1011 3487 patre
1044 3414 1341 3469 admonitus
1378 3424 1488 3468 erat
1510 3456 1526 3483 ,
1572 3429 1636 3468 ne
1673 3430 1705 3467 a
1736 3430 1790 3469 se
1817 3413 2113 3487 deﬁceret),

515 3504 852 3580 Leouigildus
874 3508 1042 3575 ﬁlium
1068 3505 1280 3577 Hispali
1319 3505 1550 3570 obsidet,
1585 3506 1979 3579 proditioneque
2006 3508 2115 3565 Ro-

515 3619 788 3659 manorum
828 3602 966 3671 patri
1007 3618 1101 3657 suo
1134 3601 1355 3656 traditur
1375 3643 1390 3669 ,
1416 3602 1504 3673 qui
1537 3610 1649 3671 post
1680 3602 1866 3655 durant
1893 3603 2115 3657 carceris

517 3696 806 3755 custodiant
834 3693 1048 3767 Hispali
1088 3695 1288 3751 cinctus
1310 3737 1327 3764 ,
1364 3704 1412 3751 et
1453 3696 1649 3753 catenis
1676 3694 1922 3769 alligatus
1965 3695 2115 3751 velte-

516 3799 714 3847 menter
732 3791 986 3863 premitur
1001 3806 1018 3845 .'
1032 3789 1121 3844 sed
1149 3789 1361 3845 tandem
1382 3789 1519 3845 datis
1533 3789 1796 3845 obsidibus
1809 3789 2111 3844 dimittitur.

517 3886 678 3941 Anno
709 3884 811 3949 581
845 3900 860 3938 :
890 3881 1223 3955 Leovigildus
1242 3882 1427 3939 iterum
1452 3881 1914 3954 Hermenegildum
1944 3880 2115 3948 ﬁlium

522 3974 716 4032 obsidet
741 3975 811 4030 ad
844 3974 992 4032 (Isset
1014 3975 1261 4048 Oppidum
1282 3974 1589 4044 Lusitania,
1623 3986 1935 4046 captumque
1964 3973 2113 4030 Tale-

521 4078 628 4123 tunt
649 4067 813 4136 ducit,
837 4067 1010 4139 ibique
1024 4070 1225 4123 carceri
1247 4069 1533 4137 mancipat.
1562 4068 1786 4141 Insuper
1808 4084 1950 4123 anno
1977 4068 2111 4124 585:

521 4161 850 4236 Lcovigildus
886 4163 1074 4217 iterum
1095 4160 1265 4231 ﬁlium
1294 4160 1752 4236 Hermenegildum
1793 4160 1998 4236 Hispali
2027 4160 2116 4217 ob-

522 4257 671 4313 sidet.
704 4256 774 4311 Et
802 4271 947 4311 anno
978 4253 1086 4311 584
1123 4273 1137 4311 :
1167 4253 1495 4327 Lcorigildus
1535 4258 1813 4312 exercitum
1856 4259 2114 4315 contrahit

523 4358 702 4403 contra
727 4345 1179 4419 Hermenegildam
1205 4346 1397 4417 ﬁlium.
1433 4345 1689 4402 Mironent
1719 4349 2012 4404 Sueuorum
2033 4366 2117 4405 re-

523 4457 640 4514 gem
665 4442 718 4496 in
741 4440 999 4496 auxilium
1032 4456 1186 4495 suunt
1207 4451 1386 4495 contra
1407 4442 1579 4511 ﬁliam
1600 4483 1614 4506 ,
1645 4450 1693 4496 et
1734 4443 1902 4498 hostes
1928 4444 2115 4499 multos

2217 3229 2370 3284 modo
2397 3246 2487 3301 per
2509 3247 2694 3285 manus
2717 3229 3131 3303 impositionem‘,
3154 3243 3203 3287 et
3226 3232 3602 3289 communionis
3632 3246 3787 3303 perce-

2217 3315 2443 3393 ptionem
2471 3324 2652 3392 recipi,
2677 3332 2723 3377 et
2746 3325 2974 3395 gloriam
3010 3323 3157 3380 Patri
3180 3341 3272 3395 per
3303 3322 3509 3380 Filium
3532 3325 3584 3380 in
3605 3323 3786 3395 Spiritu

2217 3422 2395 3469 sancto
2421 3413 2555 3469 dari.
2581 3413 2701 3484 Quo
2715 3416 2965 3472 ellectum
2978 3425 3061 3473 est
3086 3416 3424 3488 (miserabile
3443 3416 3611 3485 diem)
3644 3426 3785 3483 utper

2219 3508 2354 3562 hanc
2382 3508 2728 3564 seductionem
2755 3509 2968 3580 plurimi
3003 3519 3295 3567 nostrorum
3320 3510 3425 3583 (ait
3458 3508 3791 3577 Viclarensis)

2219 3602 2500 3673 cupiditate
2513 3604 2681 3671 petitis
2691 3603 2926 3673 impulsi,
2941 3604 2994 3658 in
3009 3603 3263 3659 Ariauum
3275 3604 3471 3679 dogma
3481 3603 3784 3661 declinarint.

2290 3694 2399 3751 Sed
2428 3696 2557 3766 quid
2578 3696 2680 3752 sibi
2714 3696 2828 3752 vult
2858 3697 3000 3768 quod
3029 3696 3340 3755 debellasse
3379 3707 3438 3756 et
3466 3696 3788 3770 praevaluisse

2222 3784 2423 3841 dicitur
2446 3787 2673 3853 sanctis,
2698 3786 3034 3859 traditosque
3050 3787 3172 3844 illos
3194 3788 3364 3846 fuisse
3388 3790 3447 3847 in
3460 3805 3644 3847 manus
3662 3787 3787 3859 ejus.

2219 3894 2381 3950 usque
2404 3878 2473 3933 ad
2504 3888 2723 3951 tempus,
2755 3890 2803 3936 et
2835 3890 3070 3952 tempora
3090 3923 3105 3949 ,
3137 3890 3190 3937 et
3220 3880 3501 3939 dimidium
3533 3879 3791 3952 temporis?

2220 3969 2364 4026 Sane
2409 3969 2464 4026 in
2529 3970 2615 4027 his
2661 3972 2843 4029 verbis
2882 3985 3016 4045 quot
3059 3989 3233 4031 annos
3280 3987 3609 4048 regnaturus
3636 3980 3789 4037 esset,

2219 4062 2484 4119 innuitur.
2516 4064 2652 4120 Cutn
2684 4079 2818 4122 vero
2856 4066 3116 4139 temporis
3147 4068 3386 4132 nomine.
3422 4068 3602 4125 nullus
3628 4066 3794 4124 deter-

2222 4156 2427 4213 minatc
2469 4165 2524 4213 et
2580 4157 2868 4229 perspicue
2894 4174 3162 4216 annorum
3190 4175 3454 4218 numerus
3478 4160 3787 4232 designetur,

2222 4265 2447 4309 necesse
2475 4251 2579 4308 erit
2604 4250 2844 4323 aliquem
2872 4251 3292 4311 determinatum
3321 4270 3589 4327 quterere,
3622 4252 3671 4309 in
3698 4264 3793 4324 quo

2221 4347 2453 4419 simplex
2484 4348 2626 4420 quod
2659 4351 2713 4406 in
2753 4330 3014 4423 singulari
3046 4361 3271 4411 vocatur
3296 4364 3521 4428 tempus,
3561 4368 3677 4409 cum
3701 4351 3791 4407 du-

2221 4439 2352 4510 plici
2397 4450 2634 4514 tempora
2670 4442 2724 4498 in
2753 4444 2950 4515 plurali
2982 4457 3325 4517 nuncupata,
3358 4455 3417 4503 et
3461 4445 3682 4503 dimidio
3706 4444 3794 4501 du-

523 4543 693 4592 vocat.
741 4536 897 4590 Anno
925 4547 1058 4590 vero
1082 4533 1187 4589 585
1215 4550 1227 4587 :
1260 4532 1690 4605 Hermenegildus
1741 4533 1949 4607 Ilispali
1978 4536 2117 4590 dela-
2150 4529 2203 4591 Ι)
2229 4530 2383 4600 plicis
2405 4533 2566 4604 ,quod
2604 4534 2882 4591 dimidium
2900 4538 3145 4608 temporis
3189 4535 3394 4593 dicitur
3420 4579 3436 4605 ,
3487 4538 3606 4607 ejus
3654 4531 3792 4606 regni

528 4645 671 4700 psus,
702 4635 749 4682 et
775 4624 1031 4682 Corduba:
1055 4616 1256 4698 captus,
1282 4625 1506 4697 primunt
1538 4624 1769 4698 Hispali,
1791 4626 1955 4682 Tolcti
1975 4628 2122 4682 drin-

529 4722 614 4789 de,
652 4719 1006 4790 Valentitequc
1034 4716 1229 4787 aliquot
1256 4734 1452 4773 menses
1479 4719 1709 4789 captivus
1735 4718 1957 4774 exsulat.
1981 4718 2120 4787 Quid

526 4813 732 4884 plura?
774 4810 912 4868 adeo
952 4810 1240 4882 prmvaluit
1281 4811 1581 4867 truculenta
1620 4810 1827 4876 bestia,
1865 4819 1925 4867 ut
1955 4811 2118 4866 lilium

527 4905 707 4977 capite
733 4902 975 4961 truncari
1004 4900 1236 4970 fecerit;
1270 4917 1391 4959 cum
1424 4913 1587 4959 antea
1619 4904 1998 4975 persecutione
2022 4919 2116 4974 ge-

527 4996 703 5054 nerali
733 4998 784 5051 in
812 4995 1111 5052 catholicos
1136 5004 1277 5052 muta
1301 5036 1317 5064 ,
1362 4997 1666 5067 praecipuos
1691 5012 1881 5053 eorum
1910 4996 2121 5053 antisti-

529 5099 615 5148 tes
641 5089 906 5147 acerrime
944 5099 1264 5159 persceutus
1308 5089 1364 5145 in
1405 5088 1662 5146 exsilium
1701 5089 1955 5149 misisset.
1994 5090 2122 5162 Ejus

530 5199 663 5240 sane
686 5168 845 5254 jussu
877 5182 934 5240 S.
966 5182 1216 5239 Leander
1254 5183 1617 5253 llispalcnsis,
1649 5194 1704 5240 et
1731 5197 1947 5240 sanctus
1971 5183 2119 5241 Lici-

528 5275 723 5332 nianus
750 5275 1194 5346 Carthaginensis
1215 5278 1453 5346 episcOpi
1485 5276 2016 5349 Constantinopolim
2036 5294 2121 5336 re-

530 5370 693 5441 legati
738 5379 905 5438 sunt;
954 5370 1013 5426 S.
1050 5370 1307 5425 Mausona
1344 5370 1700 5427 Emeritensis
1727 5371 2114 5444 Complutum;

528 5462 589 5519 S.
624 5461 957 5535 Euphemius
1004 5462 1299 5518 Toletanus
1334 5462 1730 5530 Barcinouem;
1780 5464 1839 5520 S.
1895 5466 2118 5522 [lenitus

530 5553 932 5626 Complutensis
967 5552 1478 5627 Cmsarangustam;
1527 5556 1584 5611 S.
1619 5556 1933 5627 Fulgentius
1974 5560 2149 5616 Asti-'

528 5650 768 5720 gitanus,
796 5657 851 5706 et
875 5649 964 5705 alii
1007 5648 1141 5704 alias
1170 5650 1238 5704 ob
1269 5649 1637 5705 defensionem
1666 5650 1945 5709 Catholica:
1976 5654 2120 5709 veri-

526 5743 676 5814 tatis,
711 5751 909 5819 agettte
942 5744 1107 5818 impio
1139 5741 1459 5816 Lcovigildo
1488 5756 1651 5818 rege,
1700 5748 1949 5807 exsilium
1990 5765 2114 5822 pcr-

2224 4625 2619 4695 complectatur
2663 4643 2855 4685 annos.
2900 4629 2956 4685 ld
2984 4630 3141 4702 quod
3189 4631 3240 4686 itt
3271 4630 3585 4703 Leovigildo
3612 4628 3794 4701 reperi-

2224 4732 2374 4785 mus,
2406 4719 2531 4790 qui,
2565 4730 2702 4777 teste
2735 4722 3054 4790 Viclarensi,
3090 4725 3155 4780 Π
3186 4740 3310 4781 cum
3339 4724 3587 4790 dimidio,
3612 4723 3666 4778 in
3702 4723 3793 4777 im-

2228 4811 2381 4880 perio
2410 4811 2738 4883 impiissimo
2780 4815 2980 4886 exegit.
3026 4815 3266 4887 Namque
3290 4831 3419 4872 eum
3452 4815 3557 4872 sub
3585 4811 3794 4885 simplici

2225 4911 2473 4976 tempore
2504 4907 2812 4977 quinariutn
2840 4923 3107 4964 annorum
3138 4909 3525 4979 intelligamus,
3559 4907 3678 4964 etiu
3706 4904 3795 4960 duo

2227 4996 2352 5066 plici
2380 4996 2686 5066 denarium,
2719 5008 2775 5055 et
2803 5000 2855 5054 in
2880 4998 3108 5055 dimidio
3140 5000 3420 5071 temporis,
3448 4997 3675 5071 quinarii
3694 5010 3794 5052 me-

2225 5090 2512 5162 dietatem,
2544 5092 2597 5149 id
2627 5102 2742 5161 est,
2771 5093 2907 5150 duos
2946 5109 3119 5150 annos
3148 5108 3273 5150 eum
3298 5094 3557 5160 dimidio;
3589 5103 3792 5161 tempus,

2223 5194 2270 5239 et
2292 5194 2547 5258 tempora,
2577 5195 2623 5242 et
2653 5187 2925 5243 dimidium
2951 5192 3192 5258 temporis
3222 5187 3289 5243 17
3309 5203 3480 5245 annos
3504 5203 3623 5245 cum
3651 5182 3796 5241 dimi-

2222 5278 2345 5345 dio,
2374 5295 2472 5336 nec
2502 5280 2646 5350 plus.
2697 5296 2801 5337 nec
2832 5280 3009 5337 minus
3034 5281 3350 5337 conﬁcient.
3398 5280 3602 5350 Quibus
3626 5286 3791 5333 trans-

2226 5372 2363 5427 actis
2390 5381 2599 5445 propter
2621 5389 2791 5430 vocem
2812 5390 3107 5431 sermonum
3141 5373 3438 5447 grandines,
3473 5387 3600 5441 quos
3648 5382 3799 5424 contu

2227 5464 2360 5520 illud
2391 5474 2574 5521 contra
2617 5467 2891 5524 Excelsnm
2934 5466 3260 5536 loquebatur,
3301 5465 3567 5535 interfecta
3590 5463 3663 5519 est
3711 5460 3790 5515 bs-

2228 5560 2351 5623 stia,
2367 5569 2414 5614 et
2441 5563 2593 5633 periit
2615 5578 2801 5629 corpus
2819 5560 2953 5631 ejus.
2967 5560 3276 5618 iustissime
3295 5571 3414 5630 post
3442 5559 3574 5615 illud
3602 5568 3797 5625 tempus

2233 5660 2505 5711 tantorum
2531 5655 2798 5710 scelerum
2832 5653 3179 5727 Leovigildus
3209 5652 3534 5725 ptenasluit,
3563 5659 3615 5707 et
3644 5661 3795 5718 regno

2244 5753 2483 5824 privatus
2504 5759 2557 5806 et
2579 5750 2710 5819 vita,
2738 5748 2789 5806 in
2802 5766 2825 5808 ε
2838 5751 2959 5823 ujus
2980 5750 3122 5824 regis
3147 5760 3321 5808 morte
3335 5747 3505 5808 bestia
3527 5741 3791 5803 interiectu
