4062 6340
288 231 399 294 589

779 226 1154 291 APPENDIX.
1199 231 1266 291 IN
1306 229 1746 292 PBDi'llE'll.\.’ll
1788 232 2109 294 DANllLLIS
2148 234 2237 292 DE
2279 233 2610 306 QUATUOH
2652 235 3096 298 ANlMALlBUS.

3481 244 3587 305 590

285 362 396 422 est,
418 367 674 423 supremo
701 351 754 408 id
769 351 961 409 iudice
993 352 1428 418 (lecernente,-et
1450 352 1564 423 ejus
1590 353 1749 408 simul
1767 367 1887 409 cor-
1916 358 1957 414 Α
1993 352 2178 410 itidem
2207 353 2346 424 apud
2377 354 2674 425 scriptorcs
2704 356 2819 426 ejus
2853 357 3112 428 temporis
3161 358 3444 415 universos
3490 377 3581 418 re-

285 462 391 517 pus
406 446 595 517 pel‘lll;
620 461 723 501 non
747 446 890 501 enim
907 447 1022 516 ipse
1043 445 1214 510 solus,
1236 443 1330 499 sed
1349 453 1456 499 tota
1473 446 1588 513 ejus
1607 457 1751 500 secta
1768 445 1883 515 gla-

284 538 379 593 dio
394 539 544 595 verbi
567 539 660 594 Dei
685 539 936 594 confossa
959 538 1227 606 disperiit,
1251 548 1300 594 et
1319 538 1578 605 concidit,
1610 546 1666 593 et
1686 552 1885 608 corpus

280 631 433 687 illius
464 631 655 688 bestiae
679 632 928 685 traditum
952 640 1027 686 est
1051 631 1120 685 ad
1147 631 1551 686 contburendnm
1575 631 1703 702 igni.
1726 631 1883 698 Quod

280 726 448 782 etiam
471 727 538 781 ad
556 725 791 782 litteram
810 726 1087 795 impletum
1104 734 1210 793 est,
1226 727 1443 796 quando
1459 723 1765 780 Hecaredus
1785 724 1886 781 Ca-

279 821 518 876 tholicus
541 837 659 890 rex,
687 829 843 891 patre
863 820 930 875 de
953 818 1135 876 medio
1149 819 1389 882 sublato,
1416 819 1699 874 universos
1723 822 1886 890 perli-

278 913 385 969 dite
427 914 647 968 Arianae
696 914 865 969 libros
900 914 988 983 qui
1027 929 1174 968 vires
1206 913 1523 984 praebebant
1555 911 1778 978 bestiae,
1829 911 1884 967 in

279 1007 494 1063 foribus
519 1007 802 1063 Toletanis
836 1007 1050 1078 publice
1079 1007 1405 1063 combussit.
1438 1005 1507 1060 Et
1534 1006 1625 1076 qui
1653 1004 1788 1061 vidit
1812 1005 1882 1060 Μ.

276 1099 574 1170 Maximus,
606 1102 979 1158 testimonium
1023 1100 1302 1171 perhibuit
1333 1101 1384 1156 in
1433 1100 1639 1154 Chron.
1689 1098 1756 1154 ad
1788 1114 1887 1180 an:

275 1213 412 1254 num
455 1199 670 1255 Domini
701 1198 805 1254 589
846 1199 936 1254 ubi
969 1198 1036 1254 de
1076 1197 1245 1252 initiis
1286 1197 1548 1272 Hccaredi
1586 1211 1750 1267 agens
1806 1197 1889 1250 iu-

275 1293 427 1362 quit:
459 1291 604 1347 Libri
631 1293 868 1364 perﬁdia:
895 1294 1106 1347 Ariona:
1131 1292 1185 1345 in
1213 1291 1412 1362 foribus
1443 1289 1709 1346 Toletanis
1747 1307 1888 1346 com-

276 1383 564 1440 burrmtur.

348 1477 500 1533 Tune
525 1479 696 1534 throni
725 1479 880 1548 positi
908 1488 1049 1547 sunt,
1080 1489 1133 1535 et
1165 1477 1403 1548 Autiquo
1446 1477 1659 1532 dierum
1698 1477 1770 1532 ila
1815 1475 1889 1532 de

275 1575 436 1630 caelis
467 1573 533 1630 ad
569 1573 808 1634 favorem
842 1585 892 1630 et
918 1573 1184 1645 justitiam
1215 1573 1426 1629 Excelsi
1462 1573 1556 1627 lilii
1584 1572 1888 1643 judicanle,

268 1665 542 1736 judicium
585 1681 802 1737 quoque
833 1668 884 1721 in
917 1667 1081 1722 terris
1125 1667 1527 1721 solemnissime
1555 1667 1888 1721 celebratum

1989 447 2168 515 perire
2197 447 2362 513 licet;
2408 447 2459 502 id
2520 457 2634 514 est,
2689 449 2829 519 apud
2878 448 3166 516 Isidorum,
3214 451 3569 520 lldefunsum,

1987 538 2056 594 M.
2093 540 2406 608 Maximum,
2435 549 2780 597 etczeteros:
2815 558 2918 614 qua
2954 543 3021 598 de
3058 559 3116 598 re
3159 545 3379 599 uberius
3411 561 3575 616 agen-

1986 630 2113 686 dum
2139 633 2296 689 nobis
2326 643 2410 690 est
2463 635 2518 689 in
2561 635 2972 691 commentariis
3014 636 3081 691 ad
3114 629 3365 692 eumdem
3410 638 3580 693 Maxi-

1987 741 2156 795 mum,
2187 742 2314 782 ann.
2344 729 2557 783 Domini
2591 727 2717 796 590,
2753 729 2842 784 ubi
2887 730 3053 786 etiam
3103 731 3454 787 ostendemus
3483 747 3583 787 an-

1988 821 2292 890 tiquitatem
2331 821 2472 878 tituli
2520 824 2662 894 regis
2717 823 2998 888 Catholici,
3049 824 3137 894 qui
3194 824 3319 879 inde
3378 826 3584 896 pariter

1989 914 2194 970 ducens
2221 917 2489 987 originem
2523 917 2680 972 titulo
2723 916 2956 972 Cloriosi
3003 919 3310 974 successit:
3342 934 3462 973 cum
3506 931 3587 974 ta-

1989 1022 2114 1061 men
2136 1018 2368 1078 uterque
2401 1007 2637 1064 maxime
2668 1008 2831 1064 faciat
2871 1009 2938 1064 ad
2970 1025 3083 1065 rem
3138 1011 3206 1065 de
3251 1026 3356 1080 qua
3407 1012 3584 1081 loqui-
3659 1015 3668 1024 ‘

1989 1115 2131 1166 mur,
2164 1099 2214 1154 id
2263 1111 2368 1163 est,
2407 1100 2474 1155 ad
2507 1103 2764 1172 pupulum
2805 1113 3117 1158 sanctorum
3159 1102 3450 1169 Altissimi,
3485 1121 3584 1159 ett-

1984 1190 2073 1262 jus
2103 1207 2260 1275 reges
2292 1193 2524 1248 Clariosi
2564 1203 2611 1249 et
2671 1193 2930 1249 Catholici
2976 1210 3172 1266 magno
3222 1196 3315 1250 Dei
3358 1197 3590 1253 consilio

1991 1291 2286 1356 nuneupati
2335 1295 2482 1354 sunt,
2534 1297 2593 1342 ut
2645 1289 2736 1344 vel
2793 1305 2860 1344 ex
2913 1290 3030 1360 ipso
3055 1302 3417 1361 cognomento
3451 1303 3588 1345 tam-

1991 1394 2148 1448 quam
2183 1396 2245 1434 ex
2278 1379 2432 1450 signo
2461 1379 2737 1436 deducere
2783 1397 3088 1451 possemus,
3139 1385 3387 1453 quisnam
3432 1395 3585 1440 esset

1993 1474 2224 1542 pepulus
2266 1474 2360 1528 ille
2389 1489 2516 1530 vero
2564 1475 2864 1531 catholicus
2910 1485 2966 1532 et
3010 1476 3300 1546 gloriosus,
3357 1477 3425 1533 de
3469 1491 3582 1549 quo

1993 1567 2182 1622 Daniel
2216 1577 2320 1622 tam
2351 1569 2520 1623 multa
2559 1568 2717 1624 dixit.

2065 1661 2218 1729 Quod
2247 1677 2374 1717 vero
2405 1663 2471 1716 ad
2519 1662 2637 1733 ejus
2687 1663 2836 1733 regni
2885 1666 3298 1734 perpetuitatem
3348 1677 3580 1736 spectat,

272 1772 356 1815 est
380 1759 582 1824 Tolcti,
615 1759 704 1814 ubi
733 1760 800 1814 7‘2
828 1761 1100 1829 episcopis
1131 1760 1294 1814 totius
1321 1759 1589 1827 lliSpauize
1617 1768 1672 1813 et
1693 1758 1880 1813 Galliw
1913 1756 1960 1816 B
1988 1753 2056 1808 ab
2111 1755 2301 1810 eodem
2342 1755 2608 1826 propheta
2657 1755 2991 1826 praedictum,
3027 1758 3231 1828 liquido
3280 1773 3498 1817 constat
3550 1778 3582 1817 a

272 1850 526 1906 Cotlticze
580 1849 1020 1917 considentibus,
1070 1851 1184 1905 Arii
1233 1849 1459 1920 perfidia
1525 1849 1884 1904 condemnata

273 1954 382 2000 est.
435 1943 535 1999 Cui
569 1943 754 1999 itidem
781 1954 1097 1999 sanctorum
1139 1943 1425 1998 conventui
1459 1941 1892 1998 innumerabiles

274 2046 427 2092 recta
484 2036 799 2107 inspirando
847 2036 1162 2106 angelorum
1213 2037 1489 2090 exercitus
1540 2035 1882 2098 interfuisse,

283 2145 397 2185 non
431 2131 606 2185 solum
645 2145 734 2185 res
783 2131 922 2199 ipsa,
969 2138 1175 2183 tantam
1211 2128 1302 2182 Dei
1343 2127 1581 2202 glorianr
1615 2125 1890 2197 paritura,

275 2225 589 2285 convincit;
624 2223 720 2280 sed
749 2222 865 2279 dies
897 2222 1284 2278 celebrationis
1311 2209 1682 2291 ςοιιοὶιίδῷιω
1726 2219 1824 2274 l‘uit
1855 2219 1887 2273 8

275 2317 425 2382 Maii,
457 2334 561 2388 qua
591 2316 784 2372 festum
805 2317 864 2372 S.
897 2315 1175 2371 Michaelis
1198 2326 1251 2369 ct
1279 2315 1597 2385 angelorum
1625 2315 1674 2367 iu
1704 2313 1887 2366 Eccle-

276 2411 358 2463 sia
391 2409 703 2474 celebratur
735 2425 749 2464 :
794 2419 851 2461 ut
880 2423 950 2462 ex
979 2407 1114 2462 aetis
1141 2405 1386 2476 ejusdem
1418 2405 1612 2476 synodi
1653 2411 1884 2459 constat.

278 2504 403 2572 Quo
451 2501 668 2558 tandem
699 2501 830 2558 illud
859 2501 1124 2567 Danielis,
1156 2501 1322 2554 millia
1355 2498 1578 2554 millium
1626 2497 1888 2551 ministra-

279 2597 403 2651 bant
447 2597 514 2662 ei,
561 2607 692 2663 etc.,
726 2611 832 2650 nou
879 2595 1055 2650 solum
1107 2593 1175 2647 de
1220 2591 1422 2646 sanctis
1455 2589 1750 2660 episcopis,
1786 2587 1882 2643 sed

283 2690 454 2746 etiam
489 2691 556 2746 de
603 2688 810 2760 angelis
858 2687 988 2757 ipsis
1032 2686 1100 2742 ad
1151 2685 1389 2741 litteram
1436 2683 1656 2754 intelligi
1706 2692 1887 2754 queat.

287 2786 436 2841 Tunc
465 2785 582 2839 libri
609 2786 776 2858 aperti
816 2793 934 2839 sunt
960 2799 978 2849 ;
1007 2781 1136 2837 dum
1168 2780 1387 2847 setiptis
1420 2793 1737 2850 magnorum
1784 2777 1890 2831 Pa-

285 2876 457 2944 trum,
489 2879 710 2934 illorum
745 2877 1048 2946 praesertim
1079 2875 1170 2946 qui
1200 2873 1472 2928 Nicaenatn
1501 2871 1775 2942 synodum
1804 2883 1888 2924 cc-

289 2971 605 3036 lcbrarunt,
639 2970 906 3035 evolutis;
941 2967 1094 3023 libris
1123 2982 1338 3038 quoque
1364 2965 1460 3021 SS.
1493 2963 1886 3034 Prophetarum

298 3076 351 3122 et
383 3064 804 3135 Evangeliorum
851 3059 1142 3133 perlectis,
1209 3073 1368 3113 causa
1420 3055 1620 3113 Christi
1678 3054 1890 3109 Domini

1990 1831 2268 1902 Recaredo
2307 1857 2360 1902 et
2408 1847 2666 1918 deinceps
2698 1862 2868 1918 usque
2913 1849 2980 1903 ad
3028 1849 3338 1920 Philippum
3369 1850 3458 1918 IV,
3491 1852 3585 1922 qui

1990 1953 2134 1993 nunc
2165 1938 2398 1993 feliciter
2424 1949 2632 2010 regnat,
2668 1955 2764 2010 per
2817 1949 2961 1995 totus
3012 1942 3154 1998 l050
3202 1957 3373 1998 annos
3429 1959 3589 1998 num-

1990 2050 2150 2106 quam
2184 2035 2235 2089 in
2260 2034 2519 2105 Hispania
2552 2051 2734 2108 regem
2763 2036 3086 2091 catholicum
3122 2036 3399 2104 defuisse;
3431 2054 3587 2092 num-

1990 2142 2149 2197 quam
2179 2127 2436 2196 pupulum
2470 2128 2644 2197 ipsum
2689 2127 3007 2198 Hispanum,
3044 2128 3206 2185 dante
3238 2131 3372 2196 Deo,
3404 2147 3431 2184 a
3481 2111 3587 2186 fide

1991 2219 2256 2274 catholica
2288 2218 2583 2273 descivisse
2617 2235 2631 2283 ;
2661 2235 2782 2273 nam
2813 2221 3024 2275 tametsi
3050 2221 3114 2275 ad
3141 2229 3356 2290 tempus
3386 2238 3580 2292 pecca-

1994 2311 2064 2365 tis
2111 2310 2279 2380 ipsius
2308 2309 2674 2381 exigentibus,
2706 2310 2924 2382 flagello
2958 2312 3314 2369 Sarraccnico
3365 2317 3584 2384 punitus

1992 2404 2121 2468 fuit;
2171 2404 2224 2458 in
2270 2402 2540 2458 Montanis
2589 2401 2946 2458 nihilominus
3010 2406 3369 2473 principatum
3425 2421 3590 2474 super

1992 2511 2114 2553 eum
2145 2495 2381 2550 obtinuit
2410 2495 2692 2551 Gloriosus
2718 2505 2774 2551 et
2802 2497 3114 2550 Catholicus
3146 2512 3241 2552 rex
3281 2497 3529 2568 Pelagius
3563 2512 3579 2551 :

1995 2588 2383 2660 quinimmoin
2431 2589 2702 2643 universis
2751 2587 3024 2655 Hispania:
3086 2589 3312 2644 urbibus
3370 2590 3585 2659 publica

1995 2683 2195 2753 templa
2222 2681 2505 2738 catholicis
2527 2683 2780 2753 Hispanis
2810 2695 2839 2736 a
2867 2681 3186 2738 Sarracenis
3213 2686 3313 2738 sub
3345 2685 3583 2753 ingentis

1995 2774 2248 2845 stipendii
2283 2791 2451 2829 onere
2475 2790 2738 2830 concessa
2765 2785 2927 2841 sunt;
2955 2777 3006 2829 in
3037 2777 3230 2844 quibus
3259 2776 3379 2846 ipsi,
3411 2794 3587 2846 quau-

1997 2879 2345 2940 tumcumque
2367 2869 2658 2925 durissimo
2680 2870 2810 2941 jugo
2839 2870 3032 2933 attriti,
3067 2869 3226 2926 fidem
3257 2871 3580 2925 catholicam

1997 2964 2211 3035 publice
2241 2979 2458 3034 semper
2477 2964 2716 3034 profiteri
2748 2978 2854 3018 non
2870 2963 3203 3029 dubitarunt,
3223 2978 3328 3033 quo
3345 2973 3588 3031 tempore

1998 3060 2268 3114 innumeri
2290 3059 2500 3114 illorum
2528 3058 2816 3123 Cordubae,
2837 3069 2892 3114 et
2919 3057 3048 3112 alibi
3071 3058 3134 3112 ad
3154 3059 3396 3129 martyrii
3427 3073 3585 3112 coro-

297 3158 616 3227 agilztlapt‘o
631 3155 710 3210 eis
736 3153 933 3209 divinis
951 3151 1217 3208 Settlenlia
1241 3150 1346 3205 lam
1371 3157 1472 3215 εει,
1496 3159 1552 3202 ιιι
1573 3147 1637 3202 3d
1655 3162 1884 3217 ιιηευοηι
1915 3149 1960 3214 C
1994 3171 2116 3210 nam
2134 3165 2521 3224 pervenerunt,
2547 3169 2775 3225 quorum
2807 3153 3078 3222 gloriosos
3108 3155 3410 3222 triumphos
3443 3169 3584 3208 unus

298 3249 612 3318 impleretur
643 3247 774 3302 illud
805 3264 818 3301 :
849 3246 996 3316 quasi
1016 3241 1192 3299 Filius
1232 3241 1457 3298 hominis
1487 3241 1714 3294 veniebat
1741 3248 1786 3292 et
1806 3256 1893 3293 us-

294 3361 390 3414 que
409 3343 480 3398 ad
508 3343 788 3410 Antiquam
821 3341 1020 3395 dierum
1045 3338 1296 3411 pervenit,
1322 3348 1369 3391 et
1394 3338 1446 3390 in
1477 3344 1749 3404 conspectu
1776 3338 1890 3406 cjns

297 3437 584 3491 obtulerunt
619 3434 791 3496 illum,
816 3445 864 3488 et
896 3433 1034 3487 dedit
1089 3432 1134 3486 ei
1187 3439 1510 3503 potestatem,
1543 3418 1594 3483 et.
1622 3427 1890 3492 honorent,

297 3541 341 3585 et
363 3545 596 3602 regnum,
645 3539 691 3583 et
722 3545 896 3584 omnes
925 3525 1106 3598 populi
1148 3525 1338 3591 tribus,
1366 3534 1413 3578 et
1431 3524 1622 3597 lingua:
1667 3522 1890 3576 servient

299 3625 363 3680 ei.
392 3624 570 3694 Super
597 3637 720 3695 qua:
748 3621 912 3676 verba
945 3621 1307 3690 Hieronymus
1342 3618 1556 3687 inquit:
1595 3615 1722 3682 Qun:
1770 3631 1896 3668 cun-

299 3729 378 3773 cta
420 3719 465 3773 si
492 3719 703 3772 Irreresis
750 3716 1066 3770 Arianorum
1101 3714 1186 3785 pio
1216 3713 1363 3766 vellet
1407 3711 1672 3764 advertere
1714 3725 1890 3776 sensu,

300 3827 620 3883 nequaquam
668 3808 815 3864 Filio
848 3808 944 3864 Dei
974 3807 1288 3861 calumniam
1320 3803 1686 3874 itnvqnalitatis
1728 3817 1896 3855 move-

300 3915 393 3962 ret.
422 3905 690 3960 Nimirum
733 3903 932 3958 fatetur
978 3901 1081 3957 bac
1115 3897 1386 3957 sententia
1435 3899 1756 3954 Arianorum
1786 3895 1898 3952 haec

300 4001 463 4056 resim
493 3997 872 4056 condemnari.

369 4093 464 4150 His
497 4092 734 4164 peractis
758 4106 984 4163 regnum
1019 4105 1270 4162 magnum
1301 4087 1448 4144 illius
1472 4094 1678 4158 quartae
1709 4083 1899 4141 bestia:

301 4185 368 4241 ab
396 4201 460 4242 ea
505 4200 604 4256 per
643 4184 973 4240 sententiam
1036 4184 1328 4239 rescissum
1378 4189 1484 4246 est,
1535 4179 1900 4249 traditumque

305 4278 504 4350 popqu
563 4287 881 4333 sanctorum
924 4275 1215 4342 Altissimi,
1264 4273 1478 4344 quando
1529 4271 1784 4326 videlicet
1829 4271 1902 4324 A-

305 4373 566 4428 rianismo
591 4381 706 4426 tota
734 4368 992 4441 Hispania
1019 4367 1246 4434 abolito,
1272 4375 1326 4421 et
1350 4365 1652 4430 destructo,
1673 4377 1902 4434 regnum

307 4468 606 4540 llispanum
660 4464 992 4523 catholicum
1041 4462 1298 4519 traditum
1349 4461 1447 4514 fuit
1480 4460 1592 4529 regi
1639 4473 1768 4513 vere
1812 4471 1905 4512 ca-

1996 3263 2061 3302 ex
2079 3246 2210 3317 ipsis
2238 3247 2586 3319 martyribus,
2605 3254 2820 3301 sanctus
2851 3246 3060 3300 scilicet
3087 3245 3366 3315 Eulogius,
3392 3245 3458 3299 ad
3479 3245 3587 3299 To-

1999 3342 2230 3397 letauam
2263 3341 2552 3413 primatem
2599 3340 2786 3395 sedem
2817 3341 3042 3406 electus,
3097 3340 3240 3408 stylo
3293 3339 3586 3410 purissimo

2000 3445 2317 3505 prosecutus
2371 3445 2474 3490 ρει.
2531 3435 2801 3489 Cteterttm
2859 3435 3152 3490 miserante
3209 3435 3319 3490 Deo
3369 3435 3595 3505 Hispani

2000 3543 2105 3582 non
2133 3527 2306 3581 solum
2341 3525 2832 3596 impiorumjugum
2859 3541 2889 3580 a
2925 3527 3037 3580 suis
3067 3524 3371 3581 cervicibus
3399 3541 3597 3581 excus-

1999 3630 2210 3686 serunt,
2261 3634 2452 3674 verum
2498 3628 2553 3674 et
2603 3617 2977 3673 tuouarcbiam
3021 3617 3345 3672 catholicam
3395 3619 3595 3672 sensim

2000 3716 2229 3770 dilatare
2259 3722 2565 3783 cmpcrunt,
2617 3713 2801 3766 ntultis
2850 3711 3170 3780 magnisque
3202 3712 3596 3781 principatibus

1999 3806 2055 3862 in
2091 3807 2327 3876 Europa,
2363 3804 2564 3870 Africa,
2598 3811 2653 3858 et
2701 3803 2826 3856 Asia
2882 3802 3204 3872 subjugatis,
3257 3811 3312 3856 et
3355 3802 3592 3871 adeptis,

2001 3915 2141 3970 quos
2193 3899 2409 3969 Iungunt
2440 3905 2587 3952 esset
2620 3911 2713 3965 per
2741 3895 2984 3966 singulos
3038 3909 3347 3959 recensere,
3397 3895 3598 3964 quibus

2001 3989 2219 4046 tandem
2252 4003 2448 4044 novum
2493 3987 2680 4042 orbem
2733 3994 2933 4056 praeter
2973 3985 3218 4040 omnium
3269 3986 3595 4040 saeculorum

2003 4083 2462 4155 exspectationem
2495 4097 2522 4134 a
2555 4094 2615 4136 se
2644 4079 3020 4145 adiuventum,
3054 4087 3111 4134 et
3143 4078 3488 4149 subjugatum
3512 4079 3601 4133 ad-

1999 4177 2322 4248 junxcrunt,
2350 4183 2406 4230 ct
2428 4173 2677 4229 fecerunt
2728 4171 3080 4237 catholicum,
3113 4180 3170 4227 et
3212 4183 3418 4242 partem
3454 4173 3605 4240 regni

2007 4280 2342 4336 sanctorum,
2381 4269 2430 4324 iu
2487 4282 2718 4339 quorum
2769 4266 3054 4332 societate,
3111 4281 3271 4336 quam
3326 4266 3432 4320 late
3489 4274 3602 4321 toto

2009 4365 2140 4420 orbe
2171 4371 2314 4432 patet
2365 4358 2640 4434 (mirabile
2689 4357 2856 4419 dictu)
2911 4357 3093 4412 nullus
3147 4373 3257 4410 non
3303 4357 3602 4412 catholicus

2010 4457 2259 4512 habitare
2288 4451 2639 4524 permittitur,
2667 4465 2779 4522 quo
2815 4448 2998 4506 verius
3038 4449 3268 4521 papulas
3306 4458 3601 4504 sanctorum

306 4564 509 4619 tholico
544 4559 850 4627 Rccaredo,
883 4559 936 4614 in
977 4572 1086 4628 quo
1115 4553 1436 4610 monarchia
1483 4551 1752 4607 catholica
1787 4549 1906 4604 fun-
1935 4559 1986 4620 1)
2012 4549 2198 4605 vocari
2229 4555 2412 4618 queat.

307 4659 430 4712 data
459 4664 580 4722 est;
611 4670 732 4709 nam
763 4663 820 4709 et
863 4651 980 4722 ipse
1021 4650 1170 4719 leges
1209 4645 1607 4703 sacratissimas
1655 4659 1752 4714 pro
1795 4643 1910 4711 ipsa

308 4749 454 4814 tulit,
480 4763 606 4818 qua:
636 4745 814 4801 adhuc
843 4751 1061 4799 exstant
1089 4740 1144 4795 in
1188 4740 1256 4795 12
1309 4739 1462 4794 libris
1516 4737 1693 4806 legum
1743 4733 1912 4788 Wisi-

308 4843 630 4915 gotborum,
679 4847 735 4895 et
767 4837 1024 4893 universo
1067 4834 1405 4891 concedente
1431 4831 1666 4887 concilio
1710 4843 1913 4899 cogno-

311 4947 555 4994 mentum
604 4933 833 4988 Cloriosi
893 4931 1032 5002 regis
1079 4927 1342 4990 obtinuit,
1399 4940 1508 4996 quo
1565 4922 1914 4993 singulariter

313 5046 408 5102 per
434 5027 606 5084 multa
641 5035 946 5095 temporum
977 5023 1247 5079 curricula
1291 5019 1411 5090 ejus
1455 5031 1800 5074 successores
1826 5015 1910 5070 usi

315 5132 438 5177 sunt
473 5123 526 5175 iu
555 5119 809 5175 omnibus
854 5116 1087 5187 publicis
1151 5111 1548 5179 instrumentis,
1612 5119 1672 5164 ιιι
1725 5107 1914 5164 videre

317 5228 397 5274 cst
429 5216 485 5272 in
518 5215 690 5270 titulis
714 5228 778 5268 ac
799 5208 1293 5281 subscriptionibus
1322 5208 1500 5277 legum
1532 5205 1914 5277 praedictorum

319 5312 692 5376 l‘ilibrorum,
723 5317 778 5362 et
811 5309 863 5362 in
892 5307 1028 5362 actis
1055 5303 1303 5360 omnium
1330 5302 1694 5371 HiSpauorum
1726 5299 1916 5354 conci-

322 5406 516 5460 liorum
544 5405 600 5460 in
632 5387 827 5473 quibus
859 5414 1016 5470 reges
1062 5396 1342 5468 Hispaniae
1373 5401 1632 5464 perpetuo
1663 5392 1913 5458 Gloriosi,

323 5499 569 5569 plerique
599 5497 768 5552 etiam
798 5491 1175 5549 Gloriosissimi
1210 5489 1556 5544 iutitulanlur
1586 5503 1614 5541 a
1645 5486 1918 5550 Patribus;

325 5593 415 5662 qui
445 5588 667 5662 quando
696 5587 763 5643 ad
795 5588 942 5658 ipsos
984 5584 1368 5654 loquebantur,
1404 5596 1504 5652 pro
1531 5593 1596 5636 eo
1635 5594 1742 5650 quo
1781 5592 1926 5632 nunc

330 5683 643 5755 Maiestatis,
682 5681 1020 5746 Altitutliuis,
1061 5687 1154 5732 aut
1199 5676 1521 5733 Sercuitatis
1560 5673 1781 5728 nomine
1812 5671 1921 5726 uti-

333 5793 477 5849 mur,
523 5775 630 5848 ipsi
657 5774 854 5832 Gloria:
883 5772 1289 5831 uomenelatura
1323 5769 1648 5834 utebantur;
1695 5765 1745 5821 id
1789 5763 1932 5836 quod

2083 4635 2219 4710 Qua?
2254 4655 2377 4696 cum
2430 4638 2501 4692 ita
2554 4635 2685 4705 sint,
2720 4634 2863 4690 baud
2911 4635 3048 4690 futili
3100 4635 3212 4690 nixi
3261 4636 3614 4692 fundamento

2013 4735 2308 4799 credimus,
2343 4729 2610 4802 ejusmodi
2641 4727 2970 4784 catholicam
2997 4727 3368 4782 monarcliiam
3397 4728 3608 4784 Danieli

2016 4811 2294 4900 prepheta:
2321 4841 2442 4894 cap.
2474 4823 2572 4878 illo
2597 4824 2628 4876 7
2672 4820 2839 4876 fuisse
2877 4831 3344 4892 przemonstratatn
3367 4862 3382 4888 ,
3421 4833 3607 4893 utpote

2017 4935 2178 4993 quam
2231 4917 2526 4972 bestiatum
2602 4923 2832 4984 quatttor
2903 4913 3201 4969 barbarica:
3270 4915 3609 4984 direptiones

2019 5018 2436 5084 prmcesseruut,
2467 5017 2521 5062 et
2565 5006 2619 5060 in
2652 5007 2928 5062 occisione
2988 5008 3203 5062 Ariame
3252 5009 3518 5077 perﬁdiae,
3550 5021 3615 5062 ac

2023 5106 2121 5160 lilii
2152 5103 2247 5158 Dei
2278 5100 2676 5172 glorilicatione
2709 5097 2946 5169 sumpsit
2974 5099 3283 5162 exordium.
3314 5108 3372 5154 et
3415 5101 3465 5152 in
3509 5114 3614 5168 qua

2021 5208 2381 5269 quzecumque
2410 5208 2438 5246 a
2467 5191 2688 5247 Dauiele
2717 5200 2999 5257 notantur,
3026 5193 3188 5246 etiam
3225 5191 3614 5260 minutissima,

2026 5289 2094 5345 ad
2125 5301 2380 5358 unguem,
2416 5293 2475 5339 ut
2502 5282 2760 5349 vidimus,
2807 5284 3191 5350 veriticantur;
3226 5298 3621 5354 speramusque

2027 5395 2254 5440 creteras
2278 5395 2493 5451 quoque
2521 5378 2765 5450 ejusdem
2799 5379 3131 5450 prophetica:
3157 5379 3528 5448 prmdictiuuis
3557 5382 3624 5436 de

2034 5474 2226 5546 majori
2255 5474 2433 5529 adhuc
2463 5470 2856 5542 propagatione
2903 5481 2958 5525 et
3012 5471 3371 5541 perpetuitate
3425 5473 3626 5541 populo

1989 5573 1994 5578 ’
2036 5578 2349 5628 sanctorum
2383 5583 2412 5621 a
2447 5567 2558 5620 Deo
2587 5565 2753 5619 factas
2786 5563 3179 5634 promissiones
3202 5564 3252 5618 in
3283 5580 3344 5618 ea
3375 5565 3628 5620 similiter

2039 5661 2437 5735 adimplendas,
2469 5659 2612 5730 quod
2646 5659 2852 5712 utinam
2889 5658 3031 5713 Deus
3061 5658 3186 5729 Opt.
3217 5657 3356 5715 Max.
3409 5661 3477 5715 ad
3528 5674 3632 5716 mae

2040 5761 2214 5833 iorem
2245 5758 2468 5829 gloriam
2497 5753 2759 5826 perﬁcere
2787 5752 3060 5816 dignetur.
