3962 6336
406 246 508 305 591

1306 244 1607 317 EL.\V’IUS
1649 240 1900 302 LUCIUS
1940 238 2217 299 DEXTER
2259 241 2786 305 CllRONOLOGUS.

3601 251 3711 309 592

473 361 621 418 Pene
661 359 774 431 jam
827 374 965 430 opus
1016 358 1161 415 istud
1208 359 1310 415 sub
1354 359 1522 430 prmio
1568 357 1823 424 sudabat,
1881 371 2003 413 cum
2031 369 2081 428 Α
2108 357 2241 415 iram
2273 359 2467 429 furoris
2494 362 2616 428 mei,
2646 362 2772 415 dicit
2819 360 3074 418 Dominus
3106 380 3124 418 :
3154 373 3204 418 et
3229 364 3430 420 mittam
3475 376 3590 439 post
3619 384 3708 423 cos

402 452 458 509 in
479 452 715 510 similem
748 451 924 508 dicam
960 466 1028 507 an
1059 451 1344 509 eamdem?
1377 448 1752 522 prophetieam
1798 448 2001 519 praedi-

402 547 643 602 ctionem
679 546 867 608 incidi.
899 560 1024 617 quae
1058 561 1089 601 a
1129 545 1366 601 Jeremia
1398 543 1615 615 quidem
1645 543 1872 612 scripta,
1902 540 1999 597 sed

402 652 434 692 a
490 638 791 695 venerabili
832 637 1118 694 Joachimo
1167 638 1364 693 abbate
1416 636 1661 706 exposita
1712 635 1889 690 fuerat
1942 635 1996 688 in

409 731 820 787 commentariis
849 745 1015 802 super
1040 745 1163 802 cap.
1190 744 1318 784 sux
1343 727 1615 784 Jeremiae.
1643 726 1719 782 lbi
1735 725 1998 796 siquidem

402 824 669 896 propheta
702 825 967 881 adversus
993 823 1170 878 Ailam
1201 820 1586 889 comminatur,
1612 831 1845 893 quatuor
1868 834 2001 876 ven-

400 922 487 973 tos
513 917 640 972 cteli
667 932 698 972 a
723 916 948 972 totidem
978 914 1132 971 orbis
1171 913 1343 985 plagis
1393 913 1731 969 inducendos
1778 927 1809 967 a
1860 911 1997 979 Deo,

405 1009 712 1065 utventilet
759 1008 942 1065 tElam
985 1009 1039 1063 in
1066 1022 1260 1063 omnes
1292 1016 1503 1071 ventos,
1527 1014 1584 1063 et
1622 1006 1897 1077 dispergat
1944 1005 1998 1060 in

394 1114 614 1157 omnem
640 1100 826 1155 mundi
853 1100 1099 1171 plagam;
1132 1098 1249 1155 fore
1266 1109 1447 1153 tamen
1478 1086 1834 1154 nihilominus
1857 1107 2000 1152 tem-

399 1208 500 1261 pus
532 1191 796 1263 praedicit,
827 1207 937 1261 quo
970 1201 1134 1263 ponat
1165 1193 1307 1248 Deus
1337 1192 1537 1248 solium
1585 1207 1745 1248 suum
1793 1192 1849 1247 in
1900 1190 2001 1247 1E-

392 1282 523 1350 lam,
551 1292 607 1339 et
637 1294 920 1354 prtepouat
956 1300 1075 1340 eam
1128 1286 1398 1341 universa:
1454 1294 1635 1342 terrae.
1696 1286 1781 1341 En
1831 1286 1998 1342 verba

404 1376 689 1460 propheta:
715 1395 727 1431 :
767 1378 922 1446 Quod
946 1380 1141 1450 factum
1169 1389 1243 1435 est
1270 1379 1479 1434 uerbum
1500 1377 1716 1435 Domini
1750 1380 1821 1434 ad
1851 1378 2002 1436 lere-

406 1453 903 1544 iniam-prophetam
952 1474 1197 1528 adversus
1238 1472 1422 1528 zElam
1465 1474 1660 1530 dicens.
1722 1472 1851 1529 Ηωο
1875 1474 1999 1529 dicit

390 1564 649 1619 Dominus
703 1566 1072 1621 exercituum:
1120 1565 1257 1622 Ecce
1297 1584 1390 1639 ego
1439 1568 1767 1640 confringam
1822 1583 2000 1622 arcum

393 1654 600 1722 zElam,
632 1664 682 1709 et
712 1673 968 1712 summam
1019 1658 1376 1729 fortitudinem
1412 1675 1625 1725 eorum;
1667 1669 1715 1713 et
1757 1659 1998 1714 inducam

2101 450 2355 520 gladium,
2412 452 2576 507 donec
2621 469 2920 510 consumam
2977 472 3106 511 eos:
3159 464 3207 511 et
3255 474 3446 527 ponant
3505 458 3707 512 solium

2104 560 2269 607 meum
2314 545 2368 598 in
2398 544 2473 599 Α]
2478 545 2602 612 lant,
2628 555 2675 601 et
2698 549 2912 618 perdam
2953 548 3074 602 inde
3127 565 3270 620 reges
3318 559 3370 606 et
3423 551 3710 621 principes,

2101 640 2173 693 ait
2202 638 2479 694 Dominus.
2530 637 2599 722 In
2627 640 2918 697 novissimis
2963 648 3137 696 autem
3180 642 3364 697 diebus
3400 644 3587 699 reuerti
3627 648 3717 714 fa-

2101 733 2233 787 ciam
2253 733 2480 801 captiuos
2503 731 2713 801 (Elam,
2759 734 2888 788 dicit
2920 733 3200 791 Dominus.
3230 735 3359 793 ﬂare
3388 736 3661 808 propheta
3697 754 3714 792 :

2100 842 2221 897 qua:
2280 836 2460 882 tamen
2491 827 2560 882 de
2605 826 2860 898 llispanis
2887 827 3242 900 intelligenda
3271 830 3553 885 contendit
3578 829 3721 886 Joa-

2099 916 2334 983 chimus,
2359 918 2442 973 vir
2470 931 2604 974 sane
2624 932 2835 990 magna:
2867 918 2920 974 in
2953 920 3256 975 enodandis
3298 921 3580 990 prophetis
3603 936 3719 976 au-

2100 1010 2401 1079 ctoritatis;
2428 1011 2507 1067 ait
2542 1025 2716 1068 vero:
2749 1010 2832 1065 Ad
2876 1010 3080 1076 ίΕιαηι,
3111 1022 3219 1070 etc.
3255 1013 3407 1081 Quod
3438 1012 3720 1084 Hispanos

2101 1114 2148 1184 et
2177 1102 2538 1159 Occidentales
2593 1104 2856 1171 nationes,
2915 1120 3045 1175 quas
3084 1106 3463 1176 persecutionis
3490 1107 3721 1178 gladius

2100 1194 2299 1248 attriuit
2319 1204 2517 1266 quanto
2544 1204 2659 1263 post
2692 1195 2832 1250 inter
2862 1196 3223 1262 visitationem,
3262 1213 3441 1252 eorum
3468 1208 3719 1269 posteros

2101 1290 2171 1343 ad
2197 1290 2353 1359 ﬁdem
2380 1288 2652 1344 catholica:
2678 1289 3035 1363 inspirationis
3078 1290 3328 1361 impellet.
3382 1291 3537 1360 Quod
3583 1292 3721 1363 qui-

2101 1381 2225 1439 dem
2251 1381 2354 1438 sub
2371 1381 2653 1439 Recaredo
2675 1396 2803 1454 rege
2818 1380 3089 1439 catholico
3104 1382 3305 1440 factum
3330 1384 3713 1440 ostendimus.

2100 1476 2321 1542 Confer,
2370 1492 2575 1549 qumso,
2625 1476 2817 1546 lector,
2869 1477 3213 1546 prophetiam
3268 1475 3523 1533 Jercmite
3575 1491 3715 1532 cum

2101 1570 2388 1643 prophetia
2438 1570 2709 1636 Daniclis;
2764 1578 2822 1627 et
2866 1584 2990 1625 eum
3037 1569 3170 1624 nihil
3217 1568 3360 1624 inter
3387 1584 3449 1625 se
3477 1568 3716 1625 dill'erre

2099 1663 2457 1733 compereris,
2509 1661 2759 1718 abbatetn
2804 1661 3153 1718 Joacbitnum
3202 1676 3304 1733 pro
3351 1660 3509 1717 nobis
3554 1673 3718 1719 state

390 1765 549 1820 super
578 1748 760 1804 lam
780 1760 1007 1822 quatuor
1040 1761 1237 1819 ventos,
1263 1768 1297 1805 a
1324 1762 1551 1822 quatuor
1571 1752 1740 1824 plagis
1779 1752 1914 1821 caeli,
1946 1763 1996 1809 et
2025 1755 2073 1816 B
2100 1768 2419 1826 cognosces.

386 1841 642 1897 ventilabo
682 1858 770 1898 eos
820 1844 875 1897 in
905 1859 1079 1900 onmcs
1123 1853 1300 1900 ventos
1327 1845 1489 1909 istos,
1528 1856 1707 1900 etnon
1739 1847 1839 1900 erit
1868 1862 1992 1918 gens

383 1935 458 1989 ad
477 1952 636 2006 quam
662 1952 763 1991 non
794 1939 1096 2009 perveniant
1121 1938 1332 2011 profugi
1365 1936 1573 1992 .«Elant.
1615 1936 1683 1992 Et
1707 1954 1890 2011 pavere
1912 1942 1995 2012 fa-

388 2029 525 2083 ciam
546 2028 732 2085 [Elam
756 2046 931 2086 coram
961 2033 1184 2088 inimicis
1208 2034 1340 2101 suis,
1376 2042 1425 2087 et
1450 2033 1506 2087 in
1539 2043 1817 2103 conspectu
1855 2049 2001 2107 quie-

388 2109 617 2180 rentium
646 2127 874 2181 animam
895 2143 1097 2196 eorum,
1121 2134 1167 2182 et
1195 2126 1462 2182 adducant
1481 2142 1639 2198 super
1658 2143 1744 2182 eos
1769 2128 1989 2197 malum,

2166 1847 2235 1904 Et
2257 1846 2374 1903 haec
2397 1847 2616 1918 quidem
2667 1847 2771 1904 sub
2794 1847 3142 1903 corrcCtioue
3168 1846 3228 1901 S.
3272 1846 3461 1902 Matris
3506 1846 3716 1905 Eccle-

2094 1941 2211 2006 sim,
2265 1948 2321 1994 et
2370 1938 2612 2009 cujusvis
2664 1940 2860 1996 melius
2921 1939 3207 1995 sentientis
3282 1938 3487 2009 judicio
3554 1940 3712 1996 dicta

2097 2045 2282 2102 sunto,
2311 2036 2397 2090 cui
2440 2035 2603 2090 etiam
2646 2040 2791 2090 totos
2840 2031 2944 2089 hos
2988 2034 3414 2090 commentarios
3450 2032 3712 2091 libentis-

2098 2127 2237 2185 sime
2270 2124 2523 2197 snbjicio.

403 2269 3691 2314 Μ

537 2444 1976 2581 APOLOGETICUS
2065 2448 2424 2581 PRO
2524 2450 2676 2580 L.
2779 2454 3525 2590 DEXTRO

889 2672 1374 2760 CONTRA
1453 2669 2113 2757 RECENTEM
2187 2671 3208 2763 IMPUGNATOREM.

1535 2973 1928 3039 EPISTOLA
1971 2972 2547 3040 DEDICATORIA.

382 3091 1016 3173 ReuerentlissimoiPatri
1048 3117 1108 3157 ac
1134 3096 1358 3173 Domino
1386 3097 1483 3154 Fr.
1523 3098 1802 3173 Vgleriano
1840 3097 1906 3173 de
1933 3095 2161 3173 Spinosa
2194 3113 2360 3173 sacra:
2393 3097 2692 3173 Tlteologite
2724 3097 3728 3173 Magistro,_ﬂcgularisObseruantia:

455 3173 522 3246 εξ
545 3172 806 3246 Bernartli
826 3172 1181 3246 C_istcrciensis
1208 3171 1411 3246 ordinis
1430 3186 1521 3246 per
1543 3169 1832 3246 Hispanias
1857 3160 2206 3246 Reformatari
2221 3166 2479 3246 generali
2506 3187 2568 3225 ac
2593 3160 2744 3246 'Iygii
2771 3160 3071 3228 cti'enobii'S.
3099 3160 3287 3227 Harii:
3310 3171 3375 3226 de
3395 3169 3728 3228 Palazaelos

456 3243 675 3311 Abbati,
705 3253 813 3300 etc.
843 3243 1069 3300 Domino
1097 3260 1192 3299 suo
1212 3238 1577 3299 colendissinto
1604 3285 1619 3311 ,
1648 3238 1746 3296 Fr.
1779 3238 2099 3295 Franciscus
2124 3238 2190 3294 de
2213 3238 2392 3296 Bioar.
2425 3240 2489 3297 S.
2522 3251 2569 3297 et
2602 3238 2938 3314 Ffprecatur
2961 3256 3233 3299 wternam.

462 3361 632 3417 Causa
658 3370 835 3415 nostra
858 3361 1049 3434 agitur,
1104 3359 1546 3415 Rccerendissime
1568 3356 1797 3426 Prarsul,
1827 3374 1943 3413 cum
1959 3356 2313 3414 Cisterciensis
2341 3357 2607 3430 religionis
2624 3354 2831 3424 honori,
2858 3359 3007 3430 cujus
3028 3374 3078 3414 es
3103 3356 3457 3431 Reformator,
3477 3375 3513 3412 α
3533 3359 3731 3425 quouis

386 3467 658 3527 utcumque
702 3454 1015 3520 detrahitur,
1068 3464 1160 3509 aut
1205 3470 1323 3508 cum
1347 3453 1533 3524 patria:
1574 3467 1732 3524 gazas
1778 3451 2035 3522 quispiant
2064 3454 2299 3523 auferre,
2332 3467 2422 3506 seu
2457 3450 2783 3520 splendorem
2814 3462 3047 3507 nostrmn
3078 3448 3382 3506 obnubilare
3408 3452 3731 3518 prtctcmlit.

388 3551 595 3608 Eadem
619 3560 752 3606 certe
774 3550 921 3605 nobis
951 3550 1121 3623 patria
1142 3558 1217 3605 est
1244 3561 1291 3604 et
1321 3549 1502 3621 religio
1532 3564 1551 3604 :
1577 3549 1685 3603 lucc
1708 3547 1870 3603 vitam
1892 3547 2092 3613 tribuit,
2118 3547 2212 3602 illa
2233 3547 2569 3613 cohonestet;
2597 3548 2697 3603 ista
2723 3549 2974 3622 corporis,
2999 3549 3092 3604 illa
3112 3549 3299 3604 anima:
3321 3563 3503 3603 curant
3531 3547 3735 3603 Itabcl:

388 3657 436 3703 et
466 3649 585 3703 ideo
602 3663 706 3702 una
733 3662 826 3716 pro
856 3656 1077 3717 utraque
1102 3644 1496 3701 decertandum.
1530 3642 1600 3698 Et
1626 3642 1831 3713 quidem
1855 3640 2121 3714 religionis
2156 3641 2469 3713 antiquitas,
2516 3651 2564 3696 et
2604 3653 2746 3697 certa
2770 3659 2803 3697 a
2834 3640 3117 3699 Benedicto
3141 3650 3510 3716 protoparcntc
3537 3642 3738 3697 subsc-

396 3750 518 3795 cutu
543 3739 821 3811 posteritas
842 3746 948 3792 tam
969 3738 1244 3810 manifesta
1271 3737 1416 3807 apud
1444 3753 1616 3791 omnes
1636 3734 1869 3790 homines
1893 3750 2093 3806 semper
2112 3734 2234 3805 fuit,
2263 3742 2319 3788 ut
2342 3735 2531 3788 mirum
2547 3735 2613 3790 sit
2629 3735 2693 3789 ab
2713 3736 2890 3808 aliqua
2909 3736 3241 3807 quantumvis
3260 3735 3737 3809 scrupulosissime

398 3841 453 3896 in
486 3832 701 3888 dubium
734 3830 909 3886 uocari
944 3830 1211 3903 potuisse;
1252 3846 1353 3884 non
1382 3828 1549 3900 defuit
1592 3838 1763 3882 tamen
1798 3825 1887 3897 qui
1916 3823 1973 3879 id
2002 3823 2303 3891 tentavcrit;
2342 3833 2391 3878 et
2427 3822 2622 3880 Dexter
2655 3842 2857 3899 quoque
2895 3843 3045 3882 suunt
3096 3827 3288 3883 invenit
3332 3812 3733 3881 adversarium.

398 3926 584 3982 Utrum
612 3941 789 3980 eorum
816 3922 1214 3989 intolerabilius,
1256 3921 1397 3976 haud
1424 3918 1578 3994 facile
1597 3918 1964 3994 judicaverim.
2008 3916 2263 3973 Neutrum
2294 3917 2484 3989 absque
2516 3919 2867 3990 satisfactione
2907 3920 3228 3990 prtetcrmitti
3269 3919 3437 3991 potuit
3474 3934 3495 3975 :
3520 3927 3570 3975 et
3592 3919 3739 3975 milii

393 4021 659 4093 utriusque
680 4035 867 4075 munus
896 4016 1233 4072 incumbebat.
1266 4015 1373 4072 Sed
1400 4031 1514 4070 cum
1543 4024 1823 4087 pitronum
1849 4012 1919 4066 ad
1945 4011 2303 4067 sustinendum
2337 4012 2604 4085 singulare
2648 4025 2901 4070 certamen
2950 4016 3207 4072 electurus
3261 4015 3358 4071 sint
3396 4056 3411 4083 ,
3462 4025 3621 4087 teque
3674 4018 3738 4071 in

396 4121 615 4185 utroque
642 4112 837 4184 pariter
863 4111 1158 4183 agnoverim
1187 4126 1385 4181 semper
1412 4108 1540 4164 mihi
1570 4109 1728 4179 fuisse
1749 4119 2051 4179 patronum,
2082 4107 2172 4178 qui
2200 4107 2450 4163 doctrina:
2474 4124 2615 4180 aque
2650 4126 2713 4165 ac
2756 4109 2960 4166 rirtntis
2991 4112 3357 4180 splendoribus
3400 4111 3692 4169 irradiaris
3717 4151 3737 4176 .

398 4205 605 4261 nullum
632 4206 793 4261 alium
816 4204 1004 4279 eligere
1027 4205 1192 4277 potui,
1223 4219 1313 4259 nec
1334 4201 1505 4258 libuit.
1533 4200 1661 4257 Ηιεσ
1683 4200 1844 4275 igitur
1862 4214 1978 4269 qua:
1998 4197 2190 4254 nomini
2212 4206 2301 4254 tuo
2331 4215 2596 4264 consecro,
2627 4202 2909 4257 certamina
2937 4218 3134 4258 mecum
3162 4203 3393 4273 sustine,
3426 4211 3473 4259 et
3503 4203 3743 4261 ririiitcr

402 4300 749 4355 decertantem
771 4313 1012 4370 promere
1040 4314 1057 4354 :
1086 4294 1179 4351 tibi
1202 4295 1337 4350 enim
1360 4291 1505 4348 cedet
1536 4290 1772 4356 victoria,
1796 4298 1911 4363 post
1939 4288 2132 4358 Deunt,
2162 4303 2278 4344 cum
2300 4304 2401 4360 quo
2426 4289 2741 4361 perenniter,
2762 4290 2996 4363 con/ida,
3042 4294 3298 4366 regnabis.
3347 4291 3478 4349 ναῖε
3498 4332 3516 4363 ,
3561 4291 3744 4352 Rece-

402 4391 710 4449 rcndissime
740 4390 919 4446 Pater.
949 4388 1134 4445 Roma:
1153 4433 1167 4459 ,
1201 4387 1269 4444 l8
1300 4384 1617 4460 Septembris
1653 4383 1812 4440 ibit.

441 4528 3739 4561 ____________________________

453 4671 611 4758 AD
666 4659 1189 4757 OBJECTA
1243 4641 1837 4746 PENNOTTI
1891 4654 2383 4740 CONTRA
2435 4652 3681 4740 DEXTRI'CHRONICON

1058 4835 1491 4916 INCIPIT
1564 4829 2341 4906 APOLOGETICA
2414 4827 3064 4907 RESPONSIO.

2047 5105 2094 5164 ο
2127 5110 2234 5167 quo
2265 5112 2557 5168 numquam
2592 5096 2664 5168 (si
2706 5098 2848 5157 Deus
2879 5098 3133 5172 dederit)
3164 5101 3472 5173 abstrahor,
3504 5113 3558 5163 et
3592 5106 3748 5166 alte-

491 5205 639 5268 Pene
688 5219 721 5260 a
762 5198 1105 5258 defendendo
1162 5195 1366 5251 Dextro
1395 5209 1614 5248 manum
1646 5199 1983 5248 retraxeram
2004 5231 2021 5259 ,
2124 5203 2244 5244 rum
2275 5188 2331 5245 in
2357 5188 2501 5260 quod
2534 5190 2757 5249 minime
2786 5193 2897 5250 labi
2922 5194 3169 5266 cupiam;
3199 5212 3264 5253 ea
3286 5208 3413 5254 sunt
3433 5199 3745 5270 modestia,

421 5321 546 5365 cum
577 5304 774 5360 "erum
801 5308 1070 5369 provocor
1097 5289 1163 5346 ad
1188 5289 1434 5360 prmlium
1458 5329 1481 5357 ι
1504 5296 1561 5343 et
1599 5300 1794 5342 manus
1825 5299 1922 5355 pro
1951 5298 2018 5341 eo
2123 5289 2180 5337 et
2219 5281 2546 5340 contumelia
2572 5325 2587 5349 ,
2633 5285 2778 5355 quod
2808 5286 2899 5343 illa
2928 5287 2996 5343 ad
3027 5289 3462 5358 persuadendum
3493 5294 3745 5353 multum

420 5400 667 5457 inserere
715 5404 903 5460 cogor,
958 5401 1066 5441 non
1115 5382 1334 5454 quidem
1364 5395 1488 5435 cum
1534 5389 1730 5450 aperto
1766 5375 2016 5442 inimico;
2126 5376 2414 5443 conducat,
2445 5377 2566 5436 luce
2591 5378 2946 5437 vehementer
2973 5392 3186 5450 noceat,
3216 5391 3275 5441 ct
3298 5386 3513 5442 animos
3545 5386 3750 5459 legen-

424 5493 530 5547 hoc
555 5486 701 5545 enim
730 5484 911 5539 minus
933 5475 1285 5548 injucundqu
1312 5471 1470 5536 foret,
1500 5471 1594 5527 sed
1620 5486 1744 5526 eum
1769 5484 1838 5526 eo
1865 5468 2021 5539 cujus
2129 5470 2262 5525 tium
2293 5469 2561 5539 oﬂ‘entiat;
2594 5473 2941 5543 quantumvis
2968 5490 3203 5543 namque
3224 5484 3281 5534 et
3320 5491 3420 5533 nos
3456 5487 3513 5535 et
3540 5491 3744 5538 nostra

424 5581 719 5640 amicitiam
743 5572 1101 5633 libentissime
1120 5566 1436 5636 amplector.
1456 5565 1568 5634 Ego
1584 5563 1854 5619 neminem
1879 5561 2020 5631 laesi,
2084 5618 2093 5621 _
2129 5560 2379 5619 lacessita
2407 5562 2624 5620 videam
2648 5604 2663 5629 ,
2688 5580 2983 5636 numquam
3009 5566 3204 5623 adduci
3237 5580 3455 5639 potero,
3510 5581 3570 5625 ut
3599 5572 3748 5629 red-

423 5674 700 5734 neminem
730 5662 1064 5726 circumveni
1091 5676 1107 5717 :
1141 5658 1237 5716 sed
1260 5657 1445 5714 dolore
1471 5656 1655 5713 cordis
1693 5655 2020 5713 intrinsecus
2128 5656 2251 5712 dam
2282 5656 2484 5713 malum
2507 5673 2608 5728 pro
2636 5657 2801 5726 malo,
2829 5670 2885 5716 et
2911 5659 3255 5717 maledictum
3283 5677 3383 5733 pro
3408 5661 3743 5734 maledicto,

426 5774 607 5828 tactus
634 5802 653 5837 ,
693 5760 832 5821 ultra
872 5764 1047 5817 metas
1084 5750 1272 5814 solitas
1321 5746 1632 5824 pertrahor.-
1686 5746 1862 5807 Uaum
1881 5755 1961 5806 est
1987 5762 2019 5805 a
2126 5758 2313 5823 utpote
2354 5748 2617 5811 humilem
2669 5750 2951 5826 religionis
2996 5760 3195 5812 statum
3247 5752 3568 5828 professus;
3633 5756 3749 5817 sed

774 5107 804 5182 §
836 5106 879 5163 l.
913 5102 1183 5178 Apologia:
1209 5117 1369 5157 causa
1395 5101 1652 5173 aperitur.
