3962 6336
201 370 292 430 595

1243 363 1770 424 APOLOGETICUS
1810 362 1946 422 PRO
1985 363 2047 422 [ι.
2088 367 2396 427 DEXTRO.

3361 381 3470 442 594

197 490 328 560 juxta
355 483 666 557 Apostolum
697 483 876 556 (Rom.
899 481 998 553 xn)
1032 484 1252 541 vincere
1280 483 1333 539 in
1357 483 1501 539 bono
1529 483 1764 549 malum,
1793 487 1844 547 Α
1874 491 2149 556 totamque
2175 485 2347 556 illam,
2379 499 2432 544 ut
2461 489 2698 561 jacehat,
2729 493 3282 566 lucubratiunculam,
3312 502 3469 570 quasi

200 592 427 654 quantum
457 579 590 635 mihi
619 579 854 650 desuper
878 578 1063 634 datum
1088 579 1270 642 fuerit,
1297 576 1622 645 procumbo.

255 673 460 729 ineunte
499 672 616 729 fere
672 674 924 742 prxsenti
962 688 1106 727 anno
1141 688 1170 726 a
1212 683 1340 726 nato
1372 670 1598 726 Domino
1628 670 1767 725 1624

195 783 247 825 et
276 766 621 841 typographia
672 767 806 822 liev.
834 768 1078 823 Cameria
1107 767 1435 837 Apostolica:
1478 765 1678 836 prodiit
1709 767 1763 820 in

198 857 631 916 lucctula'eneralis
661 861 820 913 totius
849 860 984 912 sacri
1027 859 1226 925 ordinis
1269 860 1571 914 clericorum
1611 874 1765 911 cano-

194 957 396 1009 uicorum
437 954 654 1008 historia
700 955 964 1025 tripartita
989 997 1005 1022 ,
1057 963 1280 1010 auctore
1310 951 1377 1008 R.
1418 952 1480 1007 Ρ.
1513 950 1766 1007 Gabriele

198 1050 432 1106 Pennotto
463 1047 780 1104 Novariensi
808 1045 1247 1118 congregationis
1289 1045 1619 1116 Lateranen.
1664 1060 1750 1100 re-

196 1142 341 1213 gulari
369 1139 669 1205 canonico;
702 1155 806 1207 qua
836 1154 905 1194 ex
933 1140 1183 1195 instituto
1208 1181 1223 1206 ,
1253 1138 1526 1209 theologia
1558 1138 1762 1208 pariter

193 1251 244 1291 ac
260 1235 550 1302 eloquentia
579 1234 1010 1290 escultissimutn
1042 1234 1215 1288 virum
1236 1276 1251 1300 ,
1297 1233 1438 1303 apud
1471 1231 1762 1288 Salmanti-

195 1344 360 1387 censes
387 1329 723 1398 Vesperarize
750 1328 1027 1384 cathedra:
1058 1328 1457 1383 moderatorem
1495 1341 1560 1382 ac
1591 1326 1762 1396 magi-

191 1433 369 1490 strum,
410 1433 465 1477 et
490 1419 787 1478 Catholica:
810 1421 1105 1491 Majcstatis
1131 1435 1161 1474 a
1192 1419 1359 1476 sacris
1389 1417 1760 1474 Conciouibus

194 1515 270 1571 Fr.
297 1515 549 1572 Joannem
605 1515 858 1586 Marqucz
889 1514 1165 1578 debellare
1213 1512 1499 1569 contendit
1530 1512 1584 1568 in
1612 1527 1760 1583 qua:-

190 1611 339 1664 stione
388 1624 416 1662 a
465 1607 649 1662 multis
692 1609 853 1662 annis
903 1608 1042 1662 inter
1083 1606 1376 1662 canonicos
1416 1614 1472 1660 et
1499 1605 1758 1661 eremitas

193 1702 415 1773 utrinque
455 1701 655 1757 acriter
701 1701 898 1772 agitata
953 1715 1120 1771 super
1155 1701 1283 1770 jure
1330 1700 1656 1756 succedendi
1701 1700 1755 1757 in

193 1796 476 1851 haereditate
498 1797 674 1867 Magni
706 1796 908 1852 Aurelii
962 1793 1272 1865 Augustini.
1314 1793 1584 1850 Caeterum
1611 1795 1753 1865 quod

1873 575 2006 631 nihil
2055 579 2122 634 de
2163 595 2226 635 ea
2270 595 2447 638 aetum
2482 596 2666 652 esset,
2727 590 2920 644 excudi
2953 591 3160 646 curavit
3187 592 3280 647 lib.
3309 608 3328 646 ι
3354 608 3468 649 sua:

1870 665 2174 736 'l'ripartitte
2196 685 2244 725 c.
2279 671 2349 727 52
2379 684 2435 728 et
2464 677 2554 732 55.
2587 677 2786 736 Grates
2805 681 3013 754 agimus
3040 683 3183 753 quod
3215 683 3346 740 nihil
3374 686 3472 740 ad-

1869 757 2096 826 diderit;
2122 761 2221 826 sic,
2257 780 2364 820 non
2398 766 2532 822 nihil
2562 769 2631 826 de
2662 787 2802 826 novo
2831 774 3224 832 elaborandum
3255 793 3284 832 a
3310 778 3470 836 nobis

1868 853 1992 919 erit,
2018 867 2074 909 ut
2097 858 2327 926 objectis
2359 860 2615 919 faciamus
2654 869 2805 922 satis.

1939 947 2209 1004 Caeterum
2242 967 2349 1006 non
2379 955 2511 1010 satis
2540 956 2804 1028 intelligo,
2838 961 2968 1031 quid
3001 976 3220 1020 causam
3267 965 3335 1021 ab
3361 965 3467 1023 hoc

1867 1037 1984 1092 viro
2013 1051 2201 1096 contra
2236 1043 2506 1102 Vcnerab.
2537 1049 2600 1106 Ρ.
2628 1050 2766 1122 Mog.
2800 1052 2889 1107 Fr.
2919 1053 3181 1112 Joannem
3210 1057 3467 1130 Marquez

1867 1139 2030 1201 super
2061 1133 2267 1204 origine
2297 1150 2360 1191 ac
2391 1138 2729 1196 institutione
2761 1145 3110 1201 cremitartttn
3141 1147 3192 1202 in
3231 1163 3298 1204 eo
3324 1148 3466 1206 libro

1866 1222 2202 1294 institutam,
2249 1229 2401 1300 origo
2438 1231 2820 1292 Cisterciensis
2861 1238 3104 1307 ordinis,
3153 1256 3249 1297 seu
3281 1257 3466 1299 causa:

1866 1316 2015 1371 illius
2053 1318 2440 1390 institutionis,
2481 1326 2566 1380 vel
2598 1326 2761 1382 etiam
2792 1327 2846 1383 in
2877 1332 3061 1400 specie
3089 1332 3376 1401 adjuverit,
3407 1343 3468 1391 ιιι

1863 1410 1930 1466 ab
1959 1410 2203 1468 inStituto
2251 1428 2417 1484 scopo
2457 1416 2772 1486 deﬂectens,
2803 1421 3194 1482 Cistercienses
3233 1428 3468 1485 insecta-

1866 1512 1950 1558 ttts
1983 1506 2112 1558 totis
2144 1505 2351 1561 viribus
2372 1511 2669 1565 contendat
2691 1527 2876 1568 eorum
2905 1515 3207 1573 institutum
3237 1519 3462 1578 minime

1863 1611 1892 1649 a
1925 1594 1981 1652 S.
2007 1594 2069 1650 P.
2096 1597 2394 1655 Benedicto
2417 1601 2774 1671 descendere,
2812 1605 3002 1665 beatos
3033 1609 3249 1666 illorum
3281 1623 3468 1682 patres

1860 1703 1924 1744 ac
1974 1693 2429 1748 monasteriorum
2479 1695 2828 1767 splendorem
2881 1702 3060 1773 palam
3101 1718 3356 1776 carpere,
3405 1718 3463 1764 et

1864 1796 2267 1855 nonnumquam
2309 1801 2498 1856 parum
2548 1801 2891 1848 reverenter:
2940 1809 3264 1866 quamquam
3325 1798 3462 1853 mihi

193 1891 251 1945 il.
281 1890 509 1962 ilarqncz
535 1906 644 1946 non
664 1890 832 1946 semel
864 1891 1188 1946 auctoritate
1219 1889 1280 1944 L.
1317 1889 1532 1955 Dextri,
1557 1899 1612 1944 et
1640 1889 1756 1958 ejus

1867 1872 2087 1931 dubium
2135 1892 2240 1932 non
2290 1879 2401 1946 sit,
2457 1880 2509 1935 id
2563 1882 2785 1939 minime
2830 1884 3009 1954 ipsum
3061 1890 3356 1953 facturum,
3408 1890 3458 1945 si

191 1985 551 2040 continuatoris
574 1984 644 2039 Μ.
671 1984 886 2038 Maximi
910 1983 977 2038 ad
1005 1998 1100 2037 sua
1127 1982 1530 2052 comprobanda
1561 1982 1758 2052 placita

198 2094 308 2132 usus
341 2077 519 2134 fuisset
555 2094 570 2132 :
605 2077 730 2132 inde
763 2077 1060 2132 l’ennottus
1111 2084 1317 2142 noster,
1346 2077 1634 2131 occasione
1663 2092 1757 2131 ar-

193 2180 344 2240 repta,
364 2170 412 2225 in
438 2169 658 2226 eosdem
684 2168 1040 2240 gravissimos
1061 2168 1204 2223 viros
1231 2168 1490 2222 Dextrum
1517 2175 1574 2222 et
1595 2167 1761 2222 Maxi-

192 2279 320 2318 Iumn
346 2263 581 2318 invectus
613 2273 727 2327 est,
757 2273 1024 2333 quatenus
1050 2261 1298 2327 illorum,
1332 2262 1376 2316 si
1409 2261 1521 2316 lieri
1554 2271 1756 2332 posset,

190 2353 478 2408 auctoritate
514 2351 793 2408 debilitata
820 2395 834 2417 ,
871 2351 1075 2406 nullum
1134 2352 1234 2421 ipsi
1281 2350 1554 2408 facessere
1595 2367 1759 2422 nego-

191 2444 304 2499 tium
329 2445 649 2500 viderentur.
700 2445 900 2500 Nactus
930 2454 1057 2499 tunc
1093 2444 1272 2499 forsan
1298 2445 1540 2500 codicem
1568 2442 1758 2499 Dextri

193 2539 341 2593 fuerat
369 2539 504 2594 dono
532 2539 595 2592 D.
629 2537 854 2593 Joannis
883 2538 951 2593 de
986 2537 1289 2593 Salasmalo
1333 2538 1573 2592 doctoris
1605 2537 1757 2594 theo-

192 2628 300 2698 logi,
328 2644 388 2684 ae
412 2630 776 2686 celeberrima:
801 2638 914 2684 toto
938 2626 1358 2685 orbe‘it‘melesite
1389 2628 1448 2685 8.
1481 2629 1660 2683 Mariae
1686 2628 1756 2685 de

195 2722 484 2793 Pilat-iapud
513 2721 980 2792 Cmsaraugnsmm
1009 2723 1206 2794 prioris
1228 2767 1242 2791 ,
1277 2733 1330 2778 et
1381 2723 1554 2778 noctis
1595 2723 1755 2779 unius

192 2814 343 2868 studio
367 2816 674 2870 Chronicon
707 2824 879 2869 totum
915 2815 1208 2884 percurrit,
1267 2823 1447 2884 partes
1479 2813 1751 2884 partibus,

192 2905 459 2962 sententias
499 2905 787 2961 sententiis
815 2905 1181 2974 conferendo,
1213 2914 1268 2962 et
1295 2905 1513 2960 admoto
1541 2906 1753 2960 calamo

193 2997 333 3051 multa
361 2996 477 3053 hinc
507 2996 633 3052 inde
660 2995 880 3068 collegit
903 3037 918 3064 ,
950 2997 1192 3066 appinxit
1218 3038 1233 3064 ,
1279 2997 1474 3068 quibus
1516 2997 1633 3067 ejus
1657 3011 1752 3052 au-

190 3092 401 3160 ctoritas,
424 3107 530 3147 non
557 3091 776 3162 quidem
803 3100 995 3148 nutare
1024 3092 1237 3163 (parum
1269 3093 1401 3160 hoc)
1455 3093 1550 3147 sed
1604 3107 1754 3147 com-

192 3183 329 3238 Illcllli
353 3193 437 3238 aut
466 3183 664 3239 fabula:
695 3183 869 3239 notari
895 3184 995 3238 sibi
1030 3185 1141 3239 visa
1188 3183 1306 3240 fuit.
1364 3183 1473 3240 Sed
1499 3199 1623 3240 cum
1655 3199 1752 3240 no-

1859 1967 2210 2024 advertenter
2247 1970 2578 2042 loqueretur,
2621 1976 2890 2048 sciretque
2919 1979 3314 2039 Cistercienses
3342 1999 3460 2040 mo-

1861 2059 2068 2115 nachos
2111 2062 2283 2117 multo
2313 2065 2510 2121 clarius
2542 2067 2919 2127 demonstrare
2957 2088 3118 2143 posse
3157 2075 3462 2133 Benedicti-

1861 2168 1984 2208 nam
2020 2153 2374 2224 liliationem,
2421 2173 2581 2229 quam
2626 2164 2922 2219 canonicos
2968 2166 3240 2236 regulares
3268 2170 3460 2239 Augu-

1859 2246 2178 2315 stinianam,
2195 2260 2287 2302 aut
2311 2253 2640 2308 monasteria
2656 2252 3122 2326 Cistercicusinm,
3145 2274 3254 2314 non
3280 2261 3458 2318 solum

1859 2339 2077 2395 aliunde
2102 2341 2449 2410 Splendoretn
2482 2360 2588 2400 non
2622 2356 2918 2417 tntttnasse,
2951 2353 3044 2404 sed
3077 2352 3259 2406 multis
3289 2353 3454 2407 etiam

1859 2433 1980 2488 aliis
2032 2433 2317 2490 ordinibus
2362 2436 2614 2501 dedisse;
2655 2450 2748 2495 aut
2796 2443 3158 2499 venerabilem
3203 2445 3455 2502 abbatem

1858 2525 2176 2583 Florensem
2221 2529 2588 2598 Joai-himum,
2634 2535 2915 2590 miraculis
2961 2548 3018 2593 et
3062 2539 3354 2596 virtutibus
3400 2541 3456 2595 in

1857 2621 1965 2677 vita
1994 2632 2051 2677 et
2082 2632 2257 2679 morte
2298 2626 2530 2682 mirifice
2559 2643 2589 2682 a
2623 2628 2735 2684 Deo
2765 2631 3117 2700 illustratum,
3152 2645 3205 2689 et
3237 2635 3289 2688 in
3337 2642 3453 2690 tota

1856 2713 2100 2772 Calabria
2153 2734 2254 2788 pro
2299 2719 2460 2774 brato
2503 2722 2768 2790 habitum,
2805 2725 3084 2796 ipsiusque
3128 2725 3390 2782 honorem
3422 2744 3454 2782 a

1855 2809 1988 2866 sede
2044 2810 2358 2881 Apostolica
2415 2815 2614 2885 saepius
2671 2816 2990 2884 defensum;
3053 2819 3156 2875 hoc
3211 2819 3355 2875 enim
3403 2821 3453 2876 si

1855 2902 2162 2958 Pennottus
2193 2905 2382 2974 sciret,
2435 2923 2779 2980 nequaquam
2811 2912 2859 2966 ei
2907 2920 3018 2966 tam
3063 2913 3328 2969 acerrime
3356 2913 3454 2969 de-

1856 2998 2119 3068 traheret,
2171 2998 2314 3069 quod
2361 2998 2468 3054 duo
2510 3001 2630 3057 lihri
2671 3003 2752 3058 sui
2800 3005 2979 3074 capita
3019 3004 3120 3060 hac
3169 3005 3224 3061 in
3268 3022 3328 3061 re
3354 3021 3452 3062 ex-

1855 3091 2123 3163 penderit,
2155 3091 2406 3147 videlicet
2451 3095 2952 3165 quinquagesimum
2984 3096 3216 3166 primum
3265 3098 3451 3168 primi,

1855 3195 1911 3240 et
1936 3184 2232 3241 secundum
2266 3185 2490 3241 secundi
2522 3205 2536 3240 :
2580 3197 2637 3242 et
2663 3189 3018 3256 proculdubio
3062 3188 3130 3243 ab
3159 3189 3240 3245 eis
3267 3190 3456 3245 convi-

191 3274 324 3329 visset
351 3274 542 3331 habere
573 3275 832 3331 Dextrum
863 3276 916 3331 in
951 3275 1094 3333 Urbe
1124 3288 1578 3348 pmpugnatoretn
1598 3318 1611 3341 .
1641 3293 1750 3332 non
1777 3261 1824 3325 Ο
1857 3280 1958 3335 ciis
1985 3279 2304 3343 abstineret,
2333 3295 2452 3349 quae
2486 3280 2588 3334 nisi
2628 3280 2680 3334 in
2715 3280 3140 3350 perditissimam
3173 3281 3450 3338 hominem

189 3370 330 3424 sunel
354 3385 444 3440 pro
471 3385 568 3425 sua
595 3370 947 3441 benignitate,
979 3370 1197 3426 domum
1222 3370 1401 3428 solita:
1432 3386 1569 3426 mea:
1597 3371 1751 3426 habio

191 3463 378 3517 tationis
399 3463 534 3534 apud
555 3464 615 3520 8.
645 3465 880 3518 Mautunt
908 3464 1060 3528 adiit,
1095 3481 1215 3534 qua:
1247 3465 1298 3519 in
1332 3466 1507 3536 ipsum
1546 3465 1751 3521 media-

191 3564 310 3609 laltts
341 3555 527 3624 fuerat,
560 3574 773 3614 mecum
804 3559 1323 3614 communimturus.
1356 3558 1662 3626 licveritus,
1695 3569 1753 3614 ttt

189 3645 404 3714 decebat,
433 3661 640 3707 tantum
672 3651 844 3707 virum
873 3652 1041 3708 Settth
1071 3662 1128 3708 et
1153 3653 1349 3708 iterum
1383 3653 1598 3708 notulas
1625 3667 1753 3708 suas

189 3743 374 3809 cuolri;
397 3759 526 3816 quas
551 3745 770 3816 quidem
805 3748 964 3801 unius
1001 3745 1282 3800 dumtaxat
1312 3747 1488 3801 noctis
1512 3745 1750 3802 studium

190 3849 307 3901 esse,
355 3839 664 3909 calamoque
711 3847 968 3894 currente
1010 3839 1241 3910 scriptas
1293 3840 1525 3910 ingenue
1576 3839 1754 3896 lassus

190 3923 291 3981 fuit.
315 3929 432 3986 Post
455 3929 569 3985 dies
596 3931 804 4002 aliquot
827 3931 1078 3987 familiari
1126 3931 1395 4004 cilloquio
1429 3974 1444 4000 ,
1502 3933 1754 4009 omnibus

192 4017 220 4071 il
243 4021 281 4072 is
319 4038 406 4092 per
461 4025 709 4079 ordinem
753 4024 922 4079 verbo
955 4033 1110 4080 tentts
1163 4026 1478 4082 satisfacere
1523 4028 1748 4096 curavi;

193 4110 297 4165 il‘u-l
327 4115 578 4186 adjicit-ns
610 4132 726 4185 me,
755 4117 800 4172 si
831 4118 1025 4187 vellet,
1058 4117 1262 4188 scripto
1290 4134 1505 4190 quoque
1534 4121 1602 4176 ad
1629 4135 1754 4177 eas-

194 4203 294 4258 dem
321 4223 722 4279 responsurnut.
749 4211 820 4265 De
856 4211 1068 4266 duobus
1105 4211 1283 4267 adhuc
1341 4214 1595 4268 htesitare
1644 4230 1755 4268 non

197 4297 399 4366 tit‘Slilil,
432 4303 685 4359 nimirum
715 4303 785 4360 de
826 4321 932 4360 uno
963 4304 1193 4376 Leporio
1215 4347 1229 4373 ,
1271 4308 1551 4376 Augustini
1583 4306 1755 4377 magi-

194 4393 274 4446 stri
304 4395 380 4448 sui
407 4412 565 4466 opera
597 4412 628 4452 a
663 4397 1054 4469 Pelagianisnto
1101 4398 1168 4454 ad
1222 4399 1544 4455 catholicam
1595 4398 1756 4456 ﬁdem

198 4489 453 4561 perducto,
479 4490 626 4559 quod
658 4493 774 4562 ipse
820 4491 1072 4547 crederet
1099 4491 1235 4547 duos
1267 4492 1514 4563 diversos
1543 4493 1710 4549 luisse
1743 4512 1756 4547 :

197 4581 321 4636 etde
350 4584 622 4640 nonnullis
652 4585 928 4655 praeclaris
952 4585 1110 4652 viris,
1152 4599 1289 4655 quos
1327 4600 1391 4640 ex
1417 4584 1607 4641 ordine
1634 4600 1756 4640 ere-

1857 3371 2112 3442 profnndi
2145 3370 2450 3442 nequirent.
2475 3371 2611 3440 Quid
2633 3371 2779 3427 enim
2803 3372 2946 3427 aliud
2975 3382 3083 3439 est,
3104 3371 3450 3428 Joachimum

1854 3464 1922 3518 ab
1955 3479 2085 3519 orco
2110 3465 2250 3520 velle
2275 3479 2558 3533 revocare,
2593 3467 2815 3521 nomine
2856 3465 3074 3522 Goliath
3121 3467 3174 3522 in
3205 3467 3445 3523 derisum

1854 3558 1904 3612 ei
1937 3557 2213 3628 imposito,
2247 3566 2306 3612 ιιι
2355 3557 2501 3612 vires
2535 3558 2824 3614 metiretur
2865 3572 2992 3614 suas
3019 3558 3125 3627 (sic
3150 3559 3330 3628 ipsum
3359 3559 3452 3614 ille

1857 3649 2094 3704 honorat
2137 3663 2259 3720 cap.
2315 3649 2411 3703 illo
2459 3649 2577 3719 51),
2607 3650 2709 3704 nisi
2743 3650 3114 3706 beatissimum
3144 3654 3318 3706 virum
3351 3651 3454 3707 llo-

1854 3740 2184 3796 rentissima:
2246 3741 2300 3795 in
2349 3741 2593 3796 Ecclesia
2649 3743 3084 3812 congregationis
3145 3744 3451 3809 Florensis,

1855 3849 1976 3905 quin
2005 3833 2385 3889 Cisterciensis
2421 3834 2479 3890 8.
2517 3834 2778 3892 Bernardi
2810 3851 2992 3891 ramus
3021 3843 3131 3904 est,
3179 3837 3453 3892 instituto-

1857 3943 1970 3984 rem
1996 3928 2050 3982 in
2083 3926 2271 3982 inferis
2302 3927 2573 3997 sepultum
2606 3927 2884 3996 proﬁteri?

1928 4021 1998 4077 At
2039 4035 2274 4091 quonam
2326 4028 2485 4090 pacto
2534 4019 2587 4074 in
2619 4019 2843 4090 prologo
2876 4019 2998 4074 libri
3030 4020 3169 4090 Mag.
3202 4019 3456 4089 Marqurz

1857 4113 2108 4180 miratur,
2140 4113 2285 4185 quod
2313 4113 2380 4170 ab
2423 4113 2829 4184 impngnatione
2858 4114 2926 4169 R.
2955 4114 3016 4169 Ρ.
3054 4115 3276 4170 Antonii
3310 4115 3454 4170 Daza

1859 4206 1914 4262 in
1945 4207 2247 4278 quaestione
2277 4207 2344 4261 dc
2379 4204 2716 4276 professione
2750 4209 2766 4272 (
2777 4205 2960 4262 nescio
2989 4205 3180 4276 quam)
3209 4208 3458 4276 Angusti-

1861 4300 2022 4356 niana
2053 4299 2113 4356 8.
2147 4297 2427 4354 Francisci
2456 4299 2522 4352 ad
2567 4297 2897 4368 carpendam
2930 4298 3046 4354 RR.
3097 4299 3200 4354 PP.
3233 4298 3457 4354 canoni-

1859 4409 2046 4450 corttm
2096 4392 2424 4463 regularium
2470 4390 2730 4462 originem
2782 4391 3090 4457 deflexerit,
3159 4391 3206 4446 si
3253 4391 3370 4462 ipse
3400 4393 3454 4446 in

1862 4486 2058 4543 eodem
2092 4485 2265 4541 hrcret
2313 4485 2565 4550 crimine,
2618 4497 2671 4541 et
2703 4499 2731 4539 a
2762 4485 3162 4556 depugnatione
3206 4485 3462 4540 eretnita-

1864 4594 1986 4634 rum
2074 4579 2131 4636 8.
2187 4578 2471 4649 Augustini
2521 4577 2588 4632 ad
2647 4578 3019 4647 provocat-dos
3068 4575 3462 4633 Cistercienses

198 4675 420 4730 tuftarum
467 4647 666 4732 sancti.
693 4677 977 4748 Augustini
1013 4719 1030 4744 ,
1075 4647 1183 4733 seu.
1223 4692 1289 4732 ex
1342 4677 1536 4734 ordine
1582 4677 1755 4732 sancti
1786 4647 1840 4709 D
1865 4673 2146 4730 deflectit?
2183 4647 2316 4727 Nam
2349 4671 2514 4726 verba
2548 4670 2668 4740 ejus
2713 4669 2903 4726 eadem
2950 4669 3064 4726 fere
3092 4680 3220 4724 sunt
3265 4672 3466 4742 quibus

199 4760 443 4822 Benedicti
468 4767 610 4838 apud
641 4767 710 4822 M.
741 4767 1028 4822 Maximum
1059 4767 1222 4824 fuisse
1254 4768 1484 4840 legimus
1509 4785 1522 4822 :
1546 4767 1760 4824 diccbat

200 4857 720 4926 siquidetn‘ercmitas
743 4859 801 4915 S.
827 4860 1134 4931 AugnSIini,
1165 4861 1393 4917 minimc
1443 4862 1512 4916 ab
1564 4860 1760 4916 eodem

200 4950 395 5008 eductos
428 4971 439 5009 :
468 4956 797 5024 nominaque
831 4954 918 5008 illa
949 4969 1016 5009 ex
1047 4953 1238 5008 ordine
1270 4952 1463 5023 hujus,
1495 4952 1583 5009 vel
1616 4953 1762 5008 illius

200 5045 348 5098 Sancti
377 5047 540 5101 multo
569 5060 693 5101 esse
749 5045 1054 5102 recentiora
1112 5045 1184 5101 Μ.
1230 5045 1485 5102 Maximo.
1543 5045 1611 5100 Et
1661 5060 1763 5116 ego

200 5150 387 5208 quoque
412 5142 534 5194 mihi
557 5151 841 5211 suspectas
872 5155 1033 5196 voces
1056 5154 1179 5195 esse
1212 5140 1400 5206 intuli,
1455 5139 1668 5196 tametsi
1698 5139 1766 5195 de

203 5227 396 5299 Leporii
421 5236 624 5292 unitate
671 5245 770 5291 aut
813 5234 1130 5306 duplicitate
1173 5235 1610 5291 dissentiremus.
1657 5233 1770 5289 Hoc

202 5324 290 5376 sbi
313 5328 442 5381 satis
467 5344 586 5384 esse
605 5329 672 5384 ad
696 5344 852 5384 suum
877 5329 1176 5385 institutmn
1204 5330 1504 5401 professus,
1528 5326 1771 5396 nihilque

207 5416 330 5473 aliud
361 5420 426 5476 tle
458 5422 660 5478 Dextro
681 5432 926 5487 acturus,
969 5422 1270 5477 imminutis
1315 5436 1537 5491 prorsus
1581 5418 1772 5475 amici-

208 5507 283 5562 tiai
310 5511 505 5569 viribus
527 5516 808 5584 discessit,
850 5514 1012 5587 idque
1040 5515 1328 5586 aliquoties
1351 5513 1572 5569 Doctori
1621 5512 1773 5567 Sala-

210 5603 363 5657 sinalo
402 5604 540 5664 inter
577 5608 879 5664 familiares
925 5607 1398 5664 confabulationes
1452 5605 1771 5677 propalavit.

209 5690 300 5746 Sed
326 5700 574 5768 numquid
606 5701 854 5758 oblivisci
897 5703 1098 5772 poterit
1123 5709 1295 5757 mater
1336 5699 1428 5756 filii
1474 5699 1612 5754 uteri
1663 5698 1782 5753 sui?

212 5780 363 5841 Filius
385 5805 538 5860 quem
571 5802 730 5849 nocte
779 5794 869 5849 illa
915 5803 1290 5864 conceperat,
1346 5794 1398 5848 in
1451 5792 1782 5849 oblivionem

215 5875 317 5936 dari
339 5883 600 5958 nequivit;
633 5886 804 5947 lucem
835 5887 1064 5964 proinde
1092 5887 1274 5947 videre
1309 5888 1607 5965 permissus
1659 5894 1741 5944 cst
1765 5925 1782 5954 ,

1867 4781 1967 4822 nos
1998 4765 2158 4835 paulo
2199 4774 2326 4818 ante
2369 4763 2449 4817 usi
2497 4777 2716 4826 sumus;
2758 4762 3014 4817 nimirum
3053 4780 3066 4816 :
3101 4761 3300 4818 Pricter
3325 4763 3466 4834 quod
3525 4791 3528 4794 ~

1869 4875 1972 4912 non
2009 4859 2135 4911 satis
2180 4856 2356 4908 adhuc
2395 4855 2659 4924 intelligo,
2709 4854 2834 4924 quid
2873 4870 3082 4908 causam
3120 4853 3185 4906 ab
3224 4853 3322 4907 Itoc
3356 4854 3469 4908 viro

1869 4960 2054 5007 contra
2082 4950 2422 5006 verterabilent
2458 4948 2522 5001 Ρ.
2554 4948 2840 5003 Antonium
2863 4947 3062 5002 Dazam
3093 4964 3246 5020 super
3272 4948 3470 5021 origine

1871 5051 1917 5100 et
1946 5042 2271 5098 institutione
2298 5038 2555 5094 Fratrum
2598 5039 2886 5105 Minorum,
2928 5039 3008 5093 vel
3037 5040 3372 5094 eremitarum
3416 5038 3472 5092 in

1873 5152 1934 5192 eo
1977 5135 2108 5190 libro
2138 5135 2451 5198 institutam,
2483 5132 2627 5203 origo
2672 5131 2910 5186 canonici
2939 5131 3162 5199 ordinis,
3191 5130 3271 5184 uel
3295 5144 3472 5182 causa:

1859 5229 2021 5284 'illius
2069 5227 2442 5294 institutionis,
2496 5226 2574 5280 rel
2614 5225 2770 5280 etiam
2809 5225 2862 5278 in
2893 5224 3061 5296 specie
3102 5222 3377 5292 adjacent;
3418 5231 3475 5275 ut

1879 5338 1996 5378 cum
2024 5321 2079 5375 in
2107 5320 2366 5390 principio
2406 5319 2577 5374 statim
2605 5319 2686 5373 sui
2725 5317 2842 5373 libri
2883 5318 3173 5388 scripserit,
3224 5316 3367 5370 illius
3393 5317 3476 5370 in-

1880 5418 2119 5473 stitutum
2145 5415 2198 5469 in
2230 5429 2290 5468 eo
2321 5413 2452 5468 libro
2483 5413 2652 5467 solum
2680 5428 2810 5480 esse,
2841 5427 2990 5466 suum
3034 5410 3262 5464 ordinem
3302 5408 3365 5462 ab
3393 5410 3478 5462 in-

1876 5508 2042 5579 juriis
2087 5506 2255 5562 eidem
2294 5506 2356 5559 ob
2398 5506 2624 5559 Antonio
2673 5503 2821 5558 Daza
2864 5502 3028 5557 illatis
3056 5501 3356 5567 vindicare;
3397 5501 3481 5553 ni-

1885 5601 2166 5655 hilominus
2209 5608 2322 5670 post
2362 5600 2524 5652 aciem
2565 5608 2747 5654 eontra
2774 5596 2922 5651 illum
2948 5605 3316 5659 constructam,
3358 5592 3486 5647 data

1887 5709 2042 5765 opera
2071 5693 2349 5761 deﬂectens
2391 5701 2554 5744 totum
2583 5690 2787 5762 pondus
2828 5689 2994 5756 praelii
3025 5689 3094 5740 ad
3139 5687 3372 5740 ordinem
3399 5703 3488 5739 ca-

1890 5787 2136 5841 nonicum
2177 5785 2521 5839 converterit?
2550 5794 2654 5838 etc.
2686 5782 2849 5837 Certe
2881 5782 2930 5836 itt
2965 5795 3071 5850 quo
3111 5780 3274 5834 alium
3307 5789 3481 5844 notat,

1895 5879 2012 5960 ipse
2057 5877 2558 5953 comprehenditur.
2613 5877 2956 5954 Quapropter
2998 5875 3100 5932 hoc
3147 5872 3490 5934 solummodo
