4062 6340
491 363 599 418 595

1399 357 1693 414 FLAVIUS
1732 350 1981 412 LUCIUS
2019 348 2303 407 DEXTER
2342 348 2881 412 CHRONOLOGUS.

3664 363 3753 424 ωδ

496 480 695 534 fecisse
742 477 874 532 mihi
904 486 990 533 sat
1019 477 1157 545 erit,
1208 475 1252 530 si
1282 475 1432 545 juxta
1467 473 1842 544 propheticum
1885 468 2088 524 dictum
2116 465 2168 527 Α
2196 466 2378 523 multis
2427 469 2623 526 abhinc
2680 471 2837 526 annis
2894 469 3174 528 exstitisse
3229 471 3419 528 Dextri
3463 471 3749 537 Chronicon

501 587 736 645 arguens
777 587 902 627 eum
951 582 1184 626 statuam
1231 579 1420 625 contra
1472 567 1663 623 faciem
1715 580 1869 621 suam
1900 563 2091 636 (Psal.

499 665 672 736 xciv),
723 677 1130 735 monstremque
1169 665 1221 718 in
1255 664 1318 718 iis
1349 661 1604 716 erunibus
1637 660 1705 716 de
1731 659 1928 731 quibus
1955 657 2096 712 alios

502 768 677 824 notat,
735 759 911 829 ipsum
967 769 1216 828 patenter
1257 755 1609 826 delinquere,
1658 763 1716 809 ut
1760 753 1936 808 discat
1989 765 2093 805 non

503 855 671 909 altum
704 869 922 924 sapere,
953 853 1046 908 sed
1082 852 1290 920 timere,
1323 866 1390 906 ne
1420 849 1559 905 forte
1589 865 1713 905 cum
1745 848 1867 904 aliis
1899 847 2096 918 praedi-

503 947 742 1011 caverit,
796 946 910 1016 ipse
959 945 1237 1016 improbus
1277 943 1567 998 efﬁciatur.
1601 941 1886 998 Docendus
1931 941 2098 1010 igitur

509 1049 596 1095 est
625 1040 802 1094 minus
829 1049 976 1094 recte
999 1038 1066 1092 de
1093 1036 1364 1091 Chronico
1396 1035 1584 1091 Dextri
1630 1044 1682 1091 et
1723 1033 1952 1116 Maximi
1973 1048 2098 1087 sen-

507 1132 729 1186 tentiam
765 1132 976 1194 tulisse,
1007 1139 1061 1184 et
1093 1128 1366 1184 immerito
1395 1129 1447 1184 in
1481 1127 1876 1183 Cistercienses
1910 1140 2099 1180 mona-

505 1222 637 1277 chos
665 1223 837 1292 jaeula
863 1220 1215 1286 coutorsisse,
1242 1220 1335 1290 qui
1361 1219 1492 1274 nihil
1517 1218 1668 1274 illum
1694 1218 1968 1286 laeserant,
1998 1231 2098 1271 nec

504 1316 753 1371 ordinem
796 1330 984 1378 suum;
1029 1315 1334 1370 docendum
1379 1329 1508 1370 vero
1538 1329 1797 1384 cuperem
1828 1326 1858 1366 a
1887 1311 2100 1365 doctio-

500 1409 684 1473 ribus;
727 1409 822 1463 sed
869 1409 1000 1463 dum
1036 1409 1254 1480 reliqui,
1299 1409 1492 1480 quibus
1521 1409 1625 1463 hoc
1654 1424 1790 1478 opus
1823 1422 1889 1462 ex
1918 1406 2099 1462 ofﬁcio

503 1503 788 1571 incumbit,
823 1505 988 1559 totius
1035 1505 1112 1559 rei
1166 1506 1430 1560 certiores
1471 1505 1627 1574 ﬁunt,
1664 1503 1779 1558 ﬁeri
1811 1503 1972 1558 aliter
1999 1518 2095 1557 nc-

505 1595 645 1665 quit,
695 1597 824 1666 quin
857 1611 887 1650 a
916 1612 1002 1652 me
1031 1598 1275 1652 omnium
1326 1598 1551 1652 minimo
1605 1595 1962 1666 quorumdam
2007 1595 2104 1650 ad~

507 1697 814 1745 moneatur.
867 1690 1094 1745 Conﬁdo
1141 1697 1324 1746 autem
1373 1691 1440 1745 de
1490 1689 1737 1744 bonitate
1782 1705 1902 1755 sua,
1955 1687 2136 1760 quod.

507 1784 724 1854 cognita
755 1785 984 1840 veritate
1016 1784 1246 1854 ingenue
1287 1782 1550 1837 fatebitur
1574 1796 1660 1837 me
1685 1781 1848 1852 justis
1876 1782 1944 1836 tle
1972 1795 2102 1834 cau-

2198 561 2373 617 Toleti
2407 564 2460 618 in
2491 565 2826 620 monasterio
2857 563 3112 629 Sislensi.
3147 565 3236 620 cui
3269 565 3399 622 illud
3439 568 3577 626 dono
3613 572 3758 631 dede-

2200 664 2283 710 rat
2306 656 2568 712 Dominus
2593 658 2782 713 Petrus
2807 658 2985 713 Pccha
3015 659 3290 729 quondam
3323 661 3602 732 episcopus
3620 664 3763 723 Cicu-

2200 748 2406 802 nensis.
2457 748 2595 805 llinc
2641 750 2774 805 satis
2822 749 3093 805 detectam
3132 749 3392 807 Chronici
3424 752 3577 824 hujus
3606 757 3762 828 impo-

2198 849 2402 894 sruram
2449 836 2728 896 existimat
2755 841 2813 896 P.
2848 841 3180 909 Penztottus;
3223 854 3280 898 ct
3323 846 3491 900 multo
3522 850 3679 919 magis
3706 867 3762 908 ex

2199 931 2562 1003 discrepantia
2609 935 2882 1000 codicum,
2927 935 3018 1006 qui
3049 936 3148 991 sub
3193 937 3379 993 Dextri
3423 943 3635 998 nomine
3674 947 3764 1001 cir-

2178 1026 2610 1084 cumferuntur:
2643 1029 2696 1084 in
2729 1044 2795 1084 eo
2840 1030 2986 1085 enim
3017 1046 3124 1102 quo
3155 1031 3325 1087 utitur
3369 1032 3612 1104 Marqucz
3643 1052 3762 1091 nou-

2202 1121 2348 1175 nulla
2382 1130 2530 1188 sunt,
2562 1137 2682 1193 quin
2728 1123 2780 1178 in
2823 1138 3036 1179 excuso
3082 1139 3248 1194 Opera
3294 1123 3613 1183 Caldcronis
3655 1130 3772 1186 deli-

2201 1213 2374 1278 ciunt,
2405 1214 2710 1284 prrrsertitn
2744 1215 2808 1270 ad
2839 1230 2929 1270 an.
2958 1217 3118 1272 Dom.
3149 1217 3254 1273 424
3291 1227 3348 1274 et
3376 1235 3568 1276 nomen
3613 1222 3768 1293 ipsum

2202 1307 2438 1362 auctoris
2465 1307 2616 1363 varie
2642 1308 2932 1376 scribitur;
2966 1308 3149 1366 Codex
3183 1326 3418 1368 excusus
3449 1311 3534 1368 Εἰ.
3563 1314 3620 1370 ι.
3645 1314 3769 1372 Dex-

2205 1408 2358 1463 trum,
2393 1399 2574 1456 Codex
2623 1417 2754 1457 vero
2797 1419 2956 1473 quem
3005 1405 3257 1477 Marquez
3306 1409 3553 1478 sequitur
3598 1410 3668 1466 M.
3715 1412 3770 1468 ι..

2207 1489 2459 1544 Dextrum
2501 1503 2797 1565 nuncuptt.
2824 1495 2972 1550 Multi
3000 1496 3265 1566 integrum
3308 1513 3443 1569 epus
3469 1515 3585 1556 esse
3609 1503 3774 1558 existi-

2208 1592 2382 1652 mant,
2420 1585 2724 1642 Esculanus
2757 1603 2892 1643 vero
2939 1591 3325 1661 compendium
3373 1592 3644 1649 dumtaxat
3675 1610 3778 1652 cre-

2209 1674 2321 1740 dit,
2353 1675 2419 1731 ad
2459 1677 2620 1748 idque
2647 1679 2948 1736 Pennottus
2977 1682 3287 1750 adducitur,
3327 1684 3470 1754 quod
3495 1682 3776 1744 Cltrouicon

2213 1769 2439 1833 Dextri,
2491 1781 2629 1828 teste
2676 1774 3024 1848 Hieronymo,
3062 1776 3226 1832 fuerit
3266 1778 3593 1834 omnimoda:
3621 1781 3780 1837 Histo-

507 1877 605 1943 sis,
662 1877 906 1932 veritatis
955 1877 1188 1942 scilicet,
1240 1875 1511 1943 nationis,
1559 1885 1614 1930 et
1662 1875 1939 1946 rel'gionis
1983 1876 2101 1930 zelo
2137 1852 2180 1914 Β
2210 1861 2350 1928 riae,
2414 1862 2558 1919 unde
2607 1866 3040 1932 copiosissimum
3095 1867 3268 1925 fuisse
3334 1885 3612 1927 necessum
3664 1884 3778 1940 est.

509 1980 882 2039 commotum,
933 1987 1041 2026 non
1090 1971 1306 2042 quidem
1338 1971 1394 2026 in
1423 1969 1620 2038 ipsum,
1652 1984 1812 2039 quem
1856 1969 2102 2039 impense

513 2080 772 2120 revereor
800 2074 850 2120 et
881 2064 1061 2130 laudo,
1089 2065 1183 2120 sed
1212 2065 1266 2119 in
1295 2063 1479 2118 ltcsam
1508 2062 1744 2117 auctoris
1791 2071 1845 2116 et
1889 2060 2103 2116 ordinis

513 2158 618 2211 mei
648 2159 868 2222 famam,
900 2159 984 2212 cui
1019 2155 1239 2226 scriptis
1281 2157 1392 2213 suis
1436 2156 1618 2212 calore
1651 2155 1830 2228 potius
1861 2155 2096 2226 dicendi,

511 2263 676 2319 quam
708 2249 985 2304 voluntate
1016 2247 1275 2304 detraxit.

513 2407 542 2479 ﬁ
567 2407 631 2463 ll.
679 2407 818 2474 Quot
859 2417 906 2462 et
944 2418 1139 2482 quantg
1165 2411 1234 2464 ad
1260 2409 1643 2482 retundendam
1673 2408 1920 2482 Cltronict'
1949 2409 2106 2482 hujus

709 2479 1069 2537 auctoritatem
1098 2479 1387 2536 Peunotttts
1415 2481 1692 2536 meditatus
1722 2481 1918 2553 fuerit?

585 2617 654 2674 Ut
672 2618 830 2689 igitur
842 2619 910 2674 ab
931 2633 1037 2674 ovo
1053 2617 1220 2690 (quod
1233 2616 1338 2672 dici
1356 2615 1521 2688 solet)
1540 2617 1854 2672 exordiatur
1870 2615 2110 2672 Pennot-

515 2719 631 2775 tus,
678 2710 986 2781 priusquam
1017 2711 1082 2766 tle
1113 2711 1274 2766 rebus
1302 2711 1356 2765 in
1378 2709 1650 2766 Chronico
1686 2712 1804 2782 ipso
1837 2711 2108 2767 contentis

515 2803 837 2858 scrutiuium
865 2803 1040 2869 faciat,
1088 2802 1186 2858 tria
1210 2802 1437 2873 objicit',
1471 2818 1592 2871 quin
1626 2802 1785 2858 ﬁdem
1824 2802 1967 2858 illius
2001 2819 2109 2860 non

517 2910 707 2966 parum
739 2910 1003 2950 enervare
1027 2895 1264 2966 judicat;
1310 2895 1531 2950 totidem
1560 2894 1814 2950 nimirum
1847 2896 2109 2951 articulos

516 2987 570 3043 in
617 2987 812 3058 quibus
857 2988 1080 3052 lliSpani
1107 2983 1582 3058 scriptores,'cum
1608 2988 1674 3043 de
1705 3003 1771 3044 eo
1816 2989 2112 3058 letptuntur

517 3082 660 3138 inter
686 3099 745 3138 se
773 3083 1060 3148 dissident,
1109 3083 1223 3138 sive
1249 3084 1390 3137 circa
1440 3084 1910 3138 conservationem
1937 3082 2111 3138 Chro-

514 3177 656 3243 nici,
705 3177 818 3232 sive
867 3177 1010 3232 circa
1064 3176 1461 3246 inventionem,
1520 3177 1636 3232 sive
1682 3176 1920 3248 denique
1966 3179 2109 3232 circa

2205 1963 2262 2010 et
2289 1968 2690 2028 consequenter
2739 1961 2910 2014 multo
2959 1962 3129 2032 magis
3174 1979 3262 2028 eo,
3306 1963 3454 2033 quod
3505 1979 3643 2020 nunc
3691 1967 3780 2020 sub

2209 2051 2326 2121 ejus
2355 2053 2574 2108 nomine
2601 2054 3004 2123 circumfertur,
3055 2057 3190 2112 alias
3221 2058 3446 2113 minime
3487 2073 3618 2130 opus
3648 2059 3782 2116 titulo

2209 2147 2584 2216 responderet.
2621 2149 2814 2204 Fertur
2840 2152 3001 2206 etiam
3033 2151 3598 2210 DominumJoannem
3630 2155 3777 2210 Perez

2211 2240 2523 2309 episcopum
2569 2241 2990 2312 Segorbiensem
3041 2243 3186 2298 aliud
3242 2243 3406 2316 longe
3454 2261 3483 2299 a
3532 2245 3782 2315 praedictis

2209 2331 2468 2389 habuisse
2521 2335 2705 2392 Dextri
2751 2335 3090 2404 Chronicon,
3147 2338 3216 2394 de
3260 2354 3368 2410 quo
3417 2338 3693 2410 perdoctus
3730 2339 3781 2393 P.

2209 2423 2427 2479 Muritlo
2477 2425 2531 2480 in
2586 2427 2813 2499 prologo
2862 2427 2985 2484 libri
3035 2429 3374 2486 fundationis
3420 2431 3558 2486 sacri
3604 2430 3784 2486 Sacelli

2210 2519 2296 2573 det
2339 2518 2509 2590 Pitar,
2547 2521 2752 2592 inquit;
2797 2523 2913 2578 Non
2948 2533 3056 2579 tam
3095 2523 3464 2592 abbreviatio,
3499 2540 3652 2596 quam
3681 2539 3788 2580 cor-

2211 2613 2393 2683 ruptio
2425 2613 2686 2670 Cbrouici
2718 2616 3000 2672 Dextriani
3046 2618 3294 2685 videtur;
3340 2635 3465 2674 nam
3498 2619 3549 2674 in
3581 2634 3644 2674 eo
3671 2633 3790 2674 non-

2213 2705 2359 2760 nulla
2387 2707 2622 2778 veritati,
2656 2718 2711 2764 ct
2738 2711 2992 2779 gravitati
3026 2710 3272 2769 historia:
3301 2713 3650 2769 inveniuntur
3671 2727 3783 2768 eon-

2213 2797 2404 2863 traria,
2433 2809 2483 2853 et
2519 2807 2672 2855 tanto
2705 2811 2928 2857 auctore
2959 2802 3201 2873 indigna.

2285 2893 2416 2970 sed,
2450 2894 2593 2964 quod
2624 2896 2870 2950 omnium
2905 2906 3068 2967 caput
3098 2907 3185 2954 est
3215 2898 3314 2971 (ait
3343 2897 3460 2970 ille)
3494 2898 3536 2953 si
3576 2912 3785 2969 qtttrras,

2213 2986 2488 3057 quodnam
2535 3004 2602 3043 ex
2649 2988 2807 3044 dictis
2855 2992 3261 3062 exemplaribus
3309 2993 3445 3049 iliud
3490 2995 3578 3062 sit,
3621 2993 3701 3047 cui
3740 3001 3788 3047 ut

2213 3078 2456 3148 legitimo
2502 3079 2663 3134 ﬁdem
2705 3081 3100 3137 adhibeamus?
3141 3083 3235 3139 Fr.
3286 3084 3522 3141 Ditlacus
3569 3083 3790 3139 Murillus

2214 3170 2682 3227 abbreviationem
2718 3188 2831 3244 prie
2879 3175 3130 3230 manibus
3157 3176 3420 3233 Chronici
3465 3176 3618 3247 hujus
3647 3175 3790 3230 habe-

517 3269 766 3325 codieum
814 3273 1091 3324 variorum
1142 3269 1589 3338 discrepantiam.
1641 3269 1798 3335 Quod
1853 3270 1997 3324 euim
2039 3270 2107 3324 ad
2137 3237 2181 3298 Ο
2215 3263 2307 3318 bal
2355 3263 2408 3318 in
2457 3265 2641 3321 multis
2670 3265 2738 3320 ab
2783 3281 2882 3332 eo,
2918 3268 3060 3337 quod
3095 3268 3526 3340 Cresaraugusttn
3553 3281 3787 3324 excustlm

515 3365 997 3419 conservationem
1023 3371 1255 3432 spectat,
1287 3363 1504 3432 quidam
1535 3372 1917 3418 conservatum
1944 3363 2110 3419 fuisse

513 3466 741 3528 negant,
789 3458 884 3512 sed
940 3457 1137 3528 injuria
1181 3466 1486 3526 temporum
1534 3456 1769 3527 periisse
1809 3457 2105 3524 afﬁrmant,

513 3549 658 3620 quod
689 3549 954 3604 Baronius
1000 3549 1202 3605 asserit
1249 3559 1378 3604 tom.
1431 3548 1498 3605 IV
1530 3549 1728 3605 Annal.
1762 3549 1973 3606 Ecclus.
2007 3551 2109 3607 sub

513 3657 657 3697 anno
700 3642 852 3696 Dom.
910 3640 1037 3697 592.
1090 3642 1194 3697 Alii
1246 3652 1624 3697 conservatum
1671 3643 2010 3698 contendunt
2056 3645 2110 3698 in

513 3735 838 3790 bibliotheca
881 3735 1169 3790 Fultlensis
1199 3736 1537 3802 monasterii,
1569 3751 1680 3807 quo
1706 3751 1828 3791 cum
1860 3737 1982 3790 aliis
2017 3751 2110 3792 co-

516 3825 727 3881 dicibus
750 3869 764 3894 ,
805 3827 958 3896 jussu
991 3827 1168 3882 Caroli
1195 3827 1367 3898 Magni
1401 3829 1531 3898 imp.
1566 3837 1811 3898 tempore
1842 3830 2106 3886 Sarrace-

515 3919 650 3974 nica:
701 3920 870 3974 cladis
919 3936 986 3974 ex
1047 3919 1298 3991 llispania
1347 3921 1617 3977 deductus
1667 3923 1790 3991 fuit,
1841 3925 1984 3994 quod
2035 3925 2112 3979 ait

514 4012 863 4068 Euthrandus
906 4013 958 4066 itt
995 4013 1154 4084 epist.
1203 4013 1271 4067 ad
1319 4013 1744 4085 chismundnm
1790 4017 2106 4086 episcopum

511 4107 932 4163 lliberritauum.
966 4107 1040 4161 De
1064 4108 1348 4162 inventore
1370 4109 1616 4164 nonnulli
1639 4108 1914 4164 afﬁrmant
1937 4109 2109 4166 fuisse

513 4199 797 4268 przufatum
830 4198 1226 4267 Euthrandum,
1262 4199 1354 4271 qui
1385 4199 1570 4256 ﬁoruit
1616 4201 1762 4256 circa
1809 4217 1895 4256 an.
1948 4202 2105 4258 Dom.

510 4292 637 4348 590.
693 4292 831 4346 Aliis
880 4292 1057 4362 placet
1110 4292 1278 4348 fuisse
1336 4292 1616 4350 illustriss.
1671 4293 1960 4349 Dominum
2015 4295 2104 4350 Fr.

514 4384 874 4452 Augustinum
905 4385 972 4439 de
1016 4383 1142 4439 Jesu
1189 4384 1659 4456 archiepiscopum
1693 4385 2106 4452 Bracareuscm,

509 4476 600 4546 qui
624 4475 967 4530 Germaniam
995 4492 1288 4548 peragrans
1315 4478 1768 4534 monasteriorum
1792 4480 1872 4534 stti
1901 4480 2109 4535 ordinis

512 4570 906 4642 (eretuitarum
958 4570 1017 4627 S.
1064 4569 1203 4642 Aug.
1258 4572 1407 4642 prior
1461 4573 1731 4644 generalis
1771 4582 1900 4628 tuuc
1947 4571 2106 4645 erat)

509 4663 904 4720 visitandorum
934 4664 1126 4736 gratia,
1174 4663 1227 4718 in
1255 4663 1498 4720 codicem
1534 4665 1713 4720 Dextri
1745 4665 1884 4722 forte
1913 4665 2102 4721 incidit

505 4757 650 4828 apud
699 4757 1024 4826 Fuldenses,
1060 4757 1203 4814 unde
1243 4757 1352 4813 duo
1399 4759 1650 4830 exempla
1685 4760 1896 4814 extrahi
1945 4761 2099 4826 fecit,

509 4865 737 4922 quorum
763 4866 930 4906 unum
957 4849 1208 4921 Philippo
1237 4849 1280 4905 ll
1309 4851 1420 4922 regi
1445 4850 1729 4907 Catholico
1755 4853 1896 4907 douo
1929 4852 2098 4922 dedit,

507 4944 682 5002 altero
729 4945 842 5000 suis
885 4944 1074 5000 usibus
1102 4954 1402 5000 reservato.
1429 4944 1504 4999 lta
1533 4943 1773 5001 Joannes
1799 4944 2098 5010 Caltleron,

501 5040 589 5095 cui
643 5048 822 5094 tamen
872 5054 941 5093 ex
986 5037 1252 5093 diametro
1294 5052 1353 5093 se
1385 5037 1608 5110 opponit
1637 5037 1844 5110 Gaspar
1869 5039 2100 5095 Albarez

505 5135 572 5190 de
619 5134 833 5190 Losada
881 5148 1082 5204 negans
1135 5133 1428 5188 Dominum
1482 5135 1842 5204 Augustinum
1890 5149 1919 5188 a
1970 5133 2101 5190 Jesu

507 5227 772 5283 Dextrum
811 5241 1066 5296 umquam
1117 5225 1170 5281 in
1218 5225 1510 5281 Germania
1545 5224 1835 5295 reperisse.
1875 5225 1978 5280 Alii
2009 5227 2102 5282 de-

503 5322 629 5376 inde
679 5319 1053 5376 inventionem
1095 5319 1336 5375 tribuunt
1383 5318 1451 5374 Β.
1494 5318 1556 5374 Ρ.
1586 5317 1812 5374 Thomzn
1839 5318 2102 5376 Torralha

510 5417 864 5474 Occanniensi
895 5433 1069 5475 esoc.
1121 5417 1250 5473 Jesu
1302 5417 1648 5491 presbytero,
1701 5431 1860 5488 quem
1914 5415 2102 5471 Fulda:

500 5523 776 5582 repertum
802 5529 890 5567 an.
931 5513 1086 5566 Dom.
1122 5511 1259 5566 1501i
1293 5512 1442 5566 misit
1469 5512 1520 5566 in
1547 5511 1857 5582 lliSpaniam
1883 5508 1941 5564 P.
1971 5509 2098 5564 llic-

503 5622 733 5678 ronymo
761 5606 827 5662 tle
853 5608 901 5661 la
935 5606 1165 5678 lliguera
1192 5606 1435 5676 cjusdent
1465 5620 1580 5662 soe.
1607 5605 1908 5675 Theologo,
1945 5612 1999 5659 et
2029 5603 2097 5660 de

505 5698 820 5769 antiquitate
852 5699 1238 5756 EcclesiaStica
1270 5700 1409 5755 bene
1441 5699 1635 5754 merito
1674 5715 1687 5752 :
1733 5707 1786 5753 et
1819 5696 2097 5752 nihilomi-

501 5809 602 5848 nus
630 5804 878 5848 asseruut
925 5795 1016 5849 alii
1065 5811 1170 5850 non
1217 5795 1348 5851 illttd
1397 5795 1672 5866 reperisse
1717 5792 1942 5860 Fuldtc,
1993 5791 2089 5848 sed

501 5885 853 5946 Worutacitc.
897 5887 1140 5960 Denique
1185 5888 1391 5963 Gaspar
1436 5890 1742 5951 Esculanus
1781 5895 1971 5948 auctor
1999 5897 2086 5947 est

2214 3367 2319 3426 est,
2353 3369 2406 3412 et
2437 3375 2465 3414 a
2507 3375 2640 3415 vero
2687 3361 3002 3427 distantem,
3036 3362 3180 3418 unde
3209 3379 3237 3418 a
3265 3363 3478 3420 Joanne
3521 3363 3788 3424 Caltlcron,

2214 3453 2302 3522 qui
2339 3452 2468 3506 illud
2503 3453 2785 3510 excudere
2833 3457 3044 3510 curavit
3093 3456 3146 3511 in
3194 3457 3428 3528 prologo
3459 3457 3523 3513 ad
3554 3457 3789 3512 lectorem

2214 3545 2553 3613 exploditur.
2585 3544 2692 3600 Sed
2740 3556 2793 3600 et
2842 3545 2959 3616 ipse
3015 3547 3372 3604 nihilominus
3421 3548 3588 3606 codex
3633 3546 3696 3601 ab
3732 3558 3790 3600 co

2213 3652 2446 3692 excusus
2480 3639 2962 3708 depravatissimus
2990 3642 3233 3696 omnium
3272 3657 3398 3698 esse
3428 3640 3784 3698 convincitur:

2215 3732 2384 3785 multa
2433 3731 2579 3786 enim
2633 3735 2920 3788 oscitantia
2967 3734 3268 3804 impressus
3313 3734 3453 3801 fuit,
3505 3745 3562 3789 ut
3610 3729 3789 3802 legenti

2216 3824 2440 3892 patebit.
2485 3823 2596 3879 Nec
2639 3823 2860 3890 desunt,
2891 3826 2983 3896 qui
3033 3825 3214 3882 dicant
3259 3827 3569 3882 Cltronicon
3602 3825 3665 3878 Μ.
3696 3820 3790 3876 Ma-

2213 3917 2342 3971 ximi
2399 3918 2752 3986 tlepratratom
2807 3933 2977 3990 nuper
3034 3918 3205 3976 fuisse
3257 3936 3286 3974 a
3344 3915 3789 3977 Ceuturiatoribus

2214 4007 2787 4078 Magdeburgensihus.

2286 4102 2422 4157 l‘linc
2461 4100 2864 4174 vero'quatuor
2907 4103 3057 4159 elicit
3088 4104 3390 4161 Pennottus
3429 4122 3445 4160 :
3485 4107 3537 4160 t°
3567 4111 3622 4158 ut
3649 4099 3792 4157 mini-

2213 4210 2382 4260 mum,
2435 4211 2541 4250 non
2585 4205 2841 4252 constare
2872 4197 3134 4254 hactenus
3163 4197 3232 4254 de
3261 4208 3484 4254 vetusro
3511 4191 3789 4265 exemplari

2214 4289 2372 4360 hujus
2423 4288 2723 4356 Chronici,
2777 4290 2977 4346 nedutn
3027 4292 3095 4348 de
3150 4293 3390 4364 legitimo
3448 4287 3787 4362 autographa.

2213 4384 2277 4438 9."
2322 4383 2575 4439 Cetliccm
2624 4383 2954 4440 Fuldenscm
3004 4385 3174 4442 fuisse
3202 4404 3231 4440 a
3260 4381 3791 4459 Magdeburgensibus

2215 4477 2487 4534 Itinreticis
2515 4479 2780 4534 vitiatum.
2815 4481 2878 4536 3°
2906 4480 3039 4536 Illud
3067 4497 3174 4553 quo
3204 4483 3460 4554 Marquez
3508 4495 3632 4537 usus
3678 4475 3788 4536 fuit.

2217 4586 2322 4632 non
2353 4571 2519 4627 fuisse
2544 4571 2812 4643 integram
2839 4572 3126 4628 historiam
3160 4575 3366 4641 Dextri,
3396 4577 3492 4631 sed
3525 4569 3788 4629 abbrevia-

2214 4667 2414 4721 tionem
2451 4665 2754 4734 dumtaxat,
2803 4665 3176 4737 depravatam.
3208 4670 3271 4724 ιθ
3290 4669 3597 4726 Chronieon
3641 4676 3792 4720 ercu-

2211 4774 2330 4815 sum
2377 4758 2804 4830 thsaraugustte
2852 4761 3104 4831 plurimis
3155 4771 3368 4818 scatere
3411 4760 3651 4823 mendis;
3691 4765 3787 4824 t|IIO
3838 4743 3846 4749 ’

2212 4854 2386 4909 ﬁetex
2409 4862 2599 4909 neutro
2617 4868 2804 4909 eorum
2835 4864 3212 4924 argumentum
3234 4866 3443 4912 certum
3470 4853 3604 4911 sumi
3637 4859 3783 4921 posse

2209 4945 2365 5018 quasi
2412 4962 2476 5002 ex
2521 4946 2843 5002 auctoritate
2884 4947 3091 5002 Dextri.
3126 4950 3202 5004 lin
3248 4948 3504 5004 Pennottl
3530 4940 3777 5017 judicium

2210 5039 2279 5098 de
2305 5041 2576 5096 Chronico
2603 5042 2810 5108 Dextri,
2840 5050 2894 5097 ct
2922 5041 3138 5096 Maximi
3193 5058 3364 5112 nuper
3393 5041 3637 5111 evulgato
3657 5077 3670 5098 .
3719 5027 3784 5082 ab

2208 5135 2448 5191 externis
2500 5142 2707 5188 tantum
2755 5135 2839 5205 (ut
2874 5134 2952 5190 sic
2980 5134 3233 5206 dixerim)
3263 5133 3590 5206 argumentis
3620 5123 3775 5182 dedu-

2207 5237 2377 5282 ctum.
2429 5225 2561 5282 Nam
2617 5227 2830 5282 interna
2882 5227 3190 5283 minutatim
3241 5229 3578 5299 prospiciens
3625 5218 3778 5275 multa

2207 5320 2437 5391 reperiri
2490 5320 2776 5377 contendit
2821 5321 2967 5378 inter
3011 5337 3107 5389 se,
3154 5329 3211 5379 et
3251 5337 3379 5379 eum
3430 5323 3651 5378 veritate
3698 5323 3784 5382 ρυ-

2205 5413 2448 5486 gnanﬁa.

2276 5508 2488 5578 Quaeris
2528 5510 2681 5580 qum?
2723 5510 2967 5566 Breviter
2995 5526 3094 5566 sua
3141 5509 3282 5565 dicta
3315 5509 3684 5582 perstringam.
3720 5493 3774 5548 ῐιι

2207 5603 2434 5675 cpistola
2467 5620 2588 5675 qua:
2635 5604 2980 5674 prmmittitur
3009 5603 3370 5658 dedicationis
3399 5602 3463 5656 ad
3495 5601 3555 5656 D.
3589 5593 3762 5650 Hiero-

2208 5712 2450 5769 nymum,
2493 5697 2593 5752 tria
2626 5697 2863 5752 difﬁcilia
2895 5705 3060 5755 sunt:
3095 5699 3152 5752 ιο
3176 5695 3317 5768 quod
3350 5703 3552 5750 asserat
3585 5687 3767 5743 Dexter

2207 5791 2527 5864 produxisse
2553 5791 2866 5848 Chronicon
2901 5789 2968 5845 ad
3019 5806 3219 5844 annum
3250 5787 3448 5845 Christi
3496 5783 3616 5848 450,
3657 5783 3768 5872 et"?

2205 5895 2385 5946 tamen
2430 5893 2553 5944 ante
2599 5885 2669 5942 40
2699 5898 2870 5942 annos
2901 5881 2968 5942 de
2999 5898 3063 5942 eo
3092 5882 3453 5953 Hieronymus
3480 5867 3770 5938 meminerit
