4062 6340
276 382 392 448 59'!

1343 378 1868 447 APOLOGETICUS
1909 380 2047 442 PRO
2085 383 2147 442 L.
2179 383 2497 461 ~DEXTHO.

3473 392 3579 451 598

277 506 335 562 in
364 503 467 561 lib.
510 503 583 560 de
610 502 814 574 Script.
846 499 995 559 Eccl.
1022 510 1187 574 quem
1230 514 1375 559 anno
1401 502 1602 561 Christi
1635 501 1742 559 590
1766 502 1879 559 ela-
1909 513 1956 574 Α
2058 501 2189 560 Item
2220 504 2322 560 sub
2351 520 2479 562 ann.
2508 505 2635 573 {56,
2660 505 2794 564 dicit
2822 507 2882 565 S.
2914 506 3271 583 Polycarpum
3303 510 3400 568 illo
3424 521 3576 569 anno

273 598 535 655 boratum
581 612 651 653 ex
702 595 811 652 line
860 596 1005 651 illius
1055 595 1404 652 manifestum
1445 605 1555 665 est,
1602 605 1657 652 et
1686 595 1881 666 probat

273 692 485 761 Baron,
520 693 576 748 in
605 690 803 748 Annal.
835 691 1043 746 Eccles.
1075 690 1135 745 2°
1164 690 1321 759 Quod
1356 688 1499 746 dicat
1541 704 1681 759 opus
1722 703 1878 744 suum

275 785 348 842 ad
400 801 594 842 manus
642 783 959 857 Hieronymi
1005 791 1067 839 ut
1112 794 1238 855 pale
1275 783 1385 854 jam
1413 780 1655 837 defuncti
1690 794 1881 851 perve-

272 876 401 936 nire
429 880 773 949 nequivisse;
815 877 935 949 quis
964 885 1151 934 autem
1168 877 1356 932 credat
1385 876 1453 930 ab
1480 889 1624 930 anno
1657 874 1874 929 Domini

271 973 387 1031 590
424 987 575 1046 quo,
624 980 768 1029 teste
817 972 1188 1044 Hieronymo,
1240 971 1383 1027 liber
1431 970 1668 1040 scriptus
1713 977 1831 1023 erat
1860 1009 1875 1034 ,

270 1080 452 1139 usque
497 1065 565 1122 ad
609 1066 714 1122 ﬂii
760 1080 890 1137 quo,
946 1065 1033 1120 vel
1083 1065 1201 1135 ipso
1251 1065 1452 1119 Dextro
1506 1061 1875 1130 concedente,

271 1158 649 1231 Hieronymus
702 1158 755 1213 in
815 1157 1069 1213 humanis
1115 1171 1238 1212 esse
1282 1156 1446 1211 desiit
1494 1155 1563 1211 36
1608 1168 1875 1209 annorum

269 1249 709 1322 intercapedine.
736 1263 879 1321 Opus
922 1249 1028 1304 sibi
1072 1264 1104 1304 a
1153 1248 1534 1319 potentissimo
1566 1248 1684 1303 viro
1726 1247 1874 1305 dica-

267 1354 418 1415 tum,
472 1359 767 1416 numquam
818 1343 1130 1414 accepisse?
1164 1342 1384 1414 δαψιοο
1433 1342 1487 1397 in
1534 1341 1725 1397 eadem
1753 1340 1873 1412 epi~

266 1442 418 1498 stola
450 1441 685 1497 fateatur
732 1448 925 1494 auctor
970 1438 1138 1509 illius,
1180 1452 1303 1493 cum
1338 1436 1469 1493 illud
1515 1450 1652 1507 opus
1677 1436 1873 1492 Orosio

266 1536 632 1608 nuncupavit,
664 1535 901 1607 viguisse
926 1548 1125 1589 annum
1178 1533 1380 1589 Christi
1408 1532 1518 1589 450
1561 1542 1615 1588 et
1664 1532 1717 1587 in
1767 1532 1874 1588 line

264 1644 387 1688 sua:
433 1632 679 1687 historia:
723 1630 928 1686 Dexter
955 1628 1165 1697 scribit,
1199 1627 1417 1701 quando
1457 1626 1608 1684 illam
1639 1627 1871 1684 absolvit

267 1723 531 1781 floruisse
558 1738 758 1780 annum
788 1721 917 1779 μθ.

340 1818 519 1875 Multo
563 1818 718 1889 plura
759 1819 812 1872 in
842 1827 1134 1888 progressu
1180 1811 1426 1869 historia:
1456 1813 1706 1870 falsitatis
1734 1828 1871 1870 con-

1984 602 2150 660 ivisse
2179 602 2405 658 Romam
2436 601 2538 656 sub
2586 601 2857 658 Aniceto:
2909 619 3032 660 cum
3084 614 3265 669 tamen
3312 606 3576 665 Anicetus

1983 706 2109 751 ante
2136 709 2337 750 annum
2374 693 2477 750 167
2509 694 2751 763 pontifex
2780 697 3128 753 renuntiatus
3156 710 3263 753 non
3292 699 3476 755 fuerit.

2054 788 2164 845 Sed
2205 798 2259 842 ut
2304 788 2438 843 alios
2467 787 2655 843 multos
2687 805 2885 844 errores
2919 789 3015 863 (ait
3059 790 3386 864 Pettnottus)
3434 793 3575 849 circa

1980 896 2236 938 annorum
2284 892 2583 955 computum
2632 882 2718 938 illi
2757 884 3047 950 donemus;
3095 886 3200 941 sub
3250 900 3394 942 anno
3441 886 3571 951 584,

1980 974 2184 1045 iginius
2220 974 2596 1031 Cordubensis
2652 975 2853 1032 dicitur
2906 979 3177 1048 relegatus
3215 978 3280 1033 in
3336 978 3570 1034 insulam

1979 1065 2278 1123 Galliarum
2331 1067 2600 1124 Leronem
2653 1084 2820 1139 :qua:
2875 1079 3055 1123 tamen
3107 1080 3236 1125 ante
3278 1069 3574 1126 adventum

1981 1158 2041 1216 S.
2083 1159 2272 1215 Hilarii
2321 1160 2467 1217 circa
2498 1174 2701 1217 annum
2732 1162 2918 1232 gratia:
2962 1160 3092 1226 440,
3133 1161 3513 1220 inhabitabilis
3538 1178 3572 1218 a

1978 1254 2323 1324 serpentibus
2365 1254 2713 1320 reddebatur,
2744 1263 2802 1308 ut
2847 1265 2999 1311 notat
3045 1255 3313 1313 Baronius
3363 1256 3432 1313 ad
3473 1268 3575 1314 an-

1978 1361 2105 1403 num
2137 1348 2265 1416 “5,
2299 1336 2451 1405 num.
2477 1349 2530 1417 5,
2551 1358 2684 1405 tom.
2711 1351 2775 1406 V.

2049 1443 2130 1497 Ad
2176 1459 2377 1498 annum
2410 1442 2624 1500 Domini
2684 1443 2811 1513 Sili,
2862 1444 2994 1501 dicit
3044 1456 3236 1503 auctor
3283 1448 3567 1506 Paulinum

1974 1534 2245 1593 Nolanum
2282 1537 2587 1593 Barcinone
2616 1536 2782 1594 fuisse
2806 1540 3183 1613 presbyterum
3214 1542 3526 1598 ordinatum
3553 1561 3571 1598 :

1973 1646 2097 1686 cum
2124 1640 2303 1686 tamen
2331 1640 2458 1686 ante
2490 1631 2820 1701 baptismum
2862 1633 3147 1704 Augustini
3197 1634 3253 1690 id
3302 1634 3569 1692 accidisse

1973 1721 2233 1779 Paulinus
2298 1723 2417 1793 ipse
2466 1724 2672 1779 scribat
2718 1723 2785 1780 ad
2816 1723 3052 1796 Alipium
3099 1726 3266 1798 epist.
3299 1728 3390 1793 35,
3423 1729 3569 1785 inter

1974 1814 2400 1886 Augustinianas
2452 1831 2468 1873 :
2522 1815 2825 1886 baptismus
2869 1832 3002 1873 vero
3044 1818 3234 1873 incidit
3278 1819 3331 1874 in
3366 1830 3570 1875 annum

261 1912 418 1970 vinei
463 1911 783 1982 existimat,
834 1925 901 1968 ex
952 1909 1150 1982 quibus
1192 1907 1460 1980 ejusmodi
1501 1909 1569 1965 ad
1614 1908 1865 1967 diversos
1898 1918 1942 1980 Β
1976 1906 2388 1974 Dotn.587,vel
2412 1908 2538 1972 1’88,
2564 1916 2623 1963 ut
2649 1909 2908 1981 probavit
2937 1909 3052 1980 ipse
3083 1910 3501 1968 Pennottustib.
3526 1928 3567 1979 ι,

259 2002 649 2076 Chronologia:
667 2018 842 2061 annos
872 2002 1168 2075 spectantia
1194 2001 1405 2073 selegit.
1425 2002 1536 2059 Sub
1551 2018 1641 2059 an.
1664 2003 1867 2059 Christi

258 2098 362 2167 27,
395 2098 532 2155 falso
556 2098 755 2155 dicitur
782 2117 795 2153 :
831 2097 893 2154 S.
923 2096 1208 2153 Petronilla
1232 2113 1488 2152 annorum
1515 2097 1688 2152 decem
1715 2098 1867 2169 ﬂoret

267 2192 333 2248 S.
388 2191 534 2247 Petri
578 2191 800 2263 apostoli
840 2190 954 2259 ﬁlia
997 2204 1063 2245 ea:
1098 2188 1452 2244 matrimonio.
1492 2187 1626 2244 Nam
1657 2188 1706 2242 id
1740 2189 1867 2259 reji-

262 2285 424 2343 ciunt
452 2286 515 2341 D.
548 2285 878 2356 Augustinus
909 2283 1004 2339 lib.
1036 2290 1227 2339 contra
1272 2282 1643 2338 Adimantium
1687 2296 1739 2338 c.
1771 2282 1858 2349 l7,

263 2388 315 2438 et
348 2378 618 2436 Baronitts
645 2377 713 2433 ad
742 2392 873 2434 ann.
911 2378 1065 2433 Dom.
1093 2376 1185 2443 69,
1219 2390 1369 2432 num.
1416 2375 1510 2444 55,
1541 2384 1596 2431 et
1635 2376 1859 2443 merito;

263 2486 372 2544 qua
397 2472 543 2529 enim
570 2471 783 2527 ratione
812 2470 992 2542 puella
1022 2479 1152 2524 tunc
1180 2468 1441 2525 decennis
1470 2468 1730 2524 ﬂoreret?

340 2559 573 2637 Insuper
596 2563 700 2619 sub
727 2576 870 2619 anno
900 2562 1117 2618 Domini
1148 2561 1238 2628 37,
1269 2560 1404 2616 dicit
1455 2560 1719 2617 Jacobum
1759 2560 1863 2616 Ze-

273 2656 454 2713 bedtci
499 2667 780 2713 auctorem
835 2655 1079 2727 cpistola:
1124 2655 1403 2711 canonica:
1446 2653 1657 2725 fuisse,
1717 2652 1862 2727 quod

268 2752 465 2810 falsum
493 2753 565 2810 ab
594 2751 848 2810 omnibus
880 2762 1097 2825 putatur
1123 2769 1137 2817 ;
1189 2760 1271 2810 et-.
1292 2760 1482 2806 contra
1513 2748 1861 2806 traditionem

271 2846 532 2905 Ecclesia:
582 2848 866 2917 Romanas,
899 2863 1021 2919 qua:
1060 2847 1113 2902 in
1161 2845 1300 2902 fe5to
1331 2845 1391 2903 S.
1423 2845 1610 2901 Jacobi
1639 2843 1862 2900 Minoris

271 2943 441 3009 ipsam
473 2942 578 3016 legi
603 2943 779 3015 jubet.
811 2941 1015 2998 ibidem
1047 2956 1147 3013 pro
1172 2939 1237 2997 12
1265 2939 1530 3005 tribubus,
1564 2954 1684 3011 qum
1708 2944 1864 2993 erant

272 3036 325 3091 in
380 3035 742 3106 dispersione,
775 3034 972 3107 quibus
1022 3032 1255 3089 lacubus
1308 3031 1596 3103 epistulam
1651 3029 1859 3101 dirigit,

274 3126 389 3182 Vult
427 3125 809 3198 intelligendus
863 3138 985 3183 esse
1032 3123 1251 3180 .ludteos
1302 3133 1431 3178 tunc
1485 3122 1538 3177 in
1587 3120 1862 3190 liiSpaniis

276 3228 715 3285 commorantcs;
760 3218 902 3290 quod
935 3225 1299 3274 commentum
1333 3215 1429 3288 (ait
1457 3213 1569 3282 ille)
1624 3212 1689 3268 ad
1737 3213 1860 3268 illos

1970 2013 2023 2056 c.
2067 2000 2122 2068 4,
2171 2016 2324 2055 num.
2378 2001 2412 2056 5
2452 2011 2508 2057 et
2561 2001 2616 2068 6,
2671 2001 3026 2073 subjungens,
3081 2004 3166 2060 vel
3208 2004 3337 2061 hinc
3388 2005 3568 2075 detegi

1971 2090 2260 2148 manifeste
2314 2093 2669 2165 imposturam
2723 2095 2885 2166 hujus
2940 2090 3236 2153 Chronici:
3288 2097 3565 2166 Quomodo

1967 2185 2108 2239 enim
2136 2193 2239 2240 tam
2262 2188 2546 2255 praeclarus
2584 2187 2862 2243 historicus
2888 2189 3025 2243 circa
3063 2204 3145 2245 res
3174 2206 3392 2244 suorum
3436 2199 3565 2244 leut-

1966 2294 2175 2352 porum,
2204 2288 2251 2334 et
2278 2296 2395 2352 qua:
2443 2280 2584 2335 domi
2612 2296 2722 2336 sua:
2747 2281 2824 2354 (id
2872 2288 2978 2350 cst,
3033 2282 3358 2353 Barcinone)
3410 2283 3565 2353 factm

1967 2377 2199 2445 fuerant,
2230 2382 2280 2428 et
2319 2375 2458 2429 circa
2488 2391 2761 2448 personant
2811 2375 2939 2430 adeo
2986 2378 3342 2442 conspicuum,
3390 2375 3565 2447 qualis

1966 2475 2079 2521 erat
2136 2465 2419 2533 Paulinus,
2454 2469 2782 2534 acciderant,
2814 2479 2918 2523 tam
2957 2470 3257 2539 oscitanter,
3312 2478 3421 2525 tant
3474 2483 3570 2523 se—

1965 2558 2249 2633 gniter,.ac
2286 2568 2389 2613 tant
2414 2602 2417 2605 .
2446 2560 2665 2630 turpiter
2695 2577 2868 2615 errare
2904 2562 3150 2634 potuisset
3176 2564 3201 2616 .’

2036 2650 2150 2705 Sub
2188 2664 2320 2706 ann.
2372 2652 2498 2720 400,
2554 2654 2791 2709 mittitur
2839 2653 3065 2711 Orosius
3118 2656 3327 2728 legatus
3368 2656 3563 2725 Hispaa

1966 2756 2161 2800 norum
2190 2746 2492 2800 antistitum
2518 2747 2583 2801 ad
2610 2746 2855 2805 Africani
2885 2746 3165 2817 cujusdam
3198 2747 3418 2804 concilii
3459 2747 3563 2805 Ρα-

1967 2844 2101 2906 tres,
2147 2837 2435 2911 presbyter
2465 2839 2683 2908 quidem
2711 2840 2823 2910 jam
2877 2828 3181 2908 ordinatus,
3212 2850 3272 2897 ut
3303 2841 3470 2913 liquet
3491 2856 3562 2899 ex

1965 2931 2127 3001 epist.
2162 2932 2233 2988 90
2269 2930 2560 3003 Augustini
2586 2951 2600 2994 :
2630 2943 2686 2990 et
2724 2943 2903 2990 tamen
2935 2945 3096 2991 natus
3137 2935 3335 2992 dicitur
3372 2937 3424 2992 in
3454 2936 3560 2993 hoc

1965 3024 2234 3082 Chronico
2260 3042 2401 3084 anno
2430 3027 2645 3083 Domini
2674 3029 2800 3100 584,
2830 3046 2895 3086 cx
2920 3045 3026 3102 quo
3050 3041 3261 3087 sextum
3289 3031 3560 3087 decimum

1965 3134 2164 3175 annum
2196 3136 2303 3177 non
2330 3125 2633 3179 excess’sse
2661 3124 2937 3194 psobatur.
2958 3125 3091 3197 Qum
3115 3141 3320 3198 rerum,
3348 3141 3556 3199 qumso,

1967 3211 2392 3267 convenientia?

275 3311 417 3368 solos
436 3311 766 3375 restrictum,
790 3318 877 3366 est
917 3317 1105 3378 aperte
1145 3317 1334 3364 contra
1377 3320 1588 3363 sacram
1617 3305 1863 3375 Scripta-
1891 3321 1937 3385 η
2040 3303 2121 3358 Ad
2146 3319 2346 3360 annum
2369 3303 2498 3372 406,
2530 3307 2795 3364 asseritttr
2823 3307 3089 3381 Leporius
3116 3310 3410 3383 episcopus
3441 3311 3566 3368 Uti:-

277 3419 387 3460 ram
417 3420 474 3460 tv
498 3403 592 3460 lib.
619 3404 846 3474 Regum.
875 3402 987 3457 lloc
1015 3417 1177 3473 quam
1205 3415 1394 3471 parum
1423 3407 1633 3461 mature
1655 3396 1860 3452 dictum

276 3501 362 3567 sit,
391 3498 619 3555 inferius
650 3497 861 3554 videbis
894 3516 907 3552 :
939 3497 1179 3562 interim,
1218 3496 1413 3563 lector,
1445 3492 1717 3567 patienter
1742 3504 1868 3547 sus-

280 3593 384 3648 tine
416 3601 572 3647 notas
625 3593 823 3663 quibus
852 3590 938 3646 vir
978 3589 1269 3660 religiosus
1297 3602 1398 3644 nos
1447 3584 1635 3643 inurit.
1669 3584 1868 3640 Contra

276 3687 624 3752 traditionem,
650 3685 845 3756 inqttit,
880 3682 1153 3751 Ecclesia,
1179 3690 1234 3739 et
1262 3689 1439 3754 aprte
1458 3690 1638 3734 contra
1665 3692 1867 3734 sacrant

279 3777 633 3849 Scripturmn.
676 3774 1100 3831 Tolerabiliores
1148 3780 1335 3828 essent
1380 3773 1425 3826 si
1475 3777 1660 3826 essent
1714 3769 1867 3836 solae,

278 3869 369 3928 sed
412 3868 524 3942 jam
579 3871 717 3925 alias
762 3877 922 3926 notas
951 3866 1286 3923 intldelitatis
1315 3863 1616 3935 suhjungit.
1651 3862 1866 3918 Etenim

276 3975 460 4021 comra
491 3962 774 4018 historiam
828 3961 1208 4033 Evangelicam
1236 3959 1478 4025 Joan.tt,
1529 3956 1629 4013 sub
1672 3954 1867 4012 eodem

278 4074 418 4114 anno
459 4059 768 4125 asseritur,
809 4055 1029 4113 Judaos
1080 4055 1171 4126 qui
1220 4062 1378 4110 erant
1430 4051 1821 4124 Hierosolymis
1848 4094 1864 4119 ,

277 4153 470 4211 littetis
518 4152 681 4221 datis,
728 4168 1057 4210 consensnnt
1123 4151 1441 4209 Iudaeorum
1500 4149 1868 4221 Hispanorum

277 4262 438 4319 super
476 4245 675 4304 Christi
730 4257 905 4303 morte
943 4247 1294 4319 qumsivisse;
1343 4260 1465 4300 nam
1516 4251 1633 4315 post
1688 4256 1872 4299 resur-

280 4341 576 4396 reCIionetn
633 4337 817 4393 Lazari
865 4346 920 4392 ct
958 4336 1295 4393 coaetioncm
1345 4335 1559 4391 concilii
1591 4349 1697 4404 quo
1721 4332 1872 4388 Citri-

281 4434 346 4489 επὶ
394 4430 632 4504 perditio
673 4431 889 4485 decreta
936 4438 1051 4495 est,
1102 4446 1208 4485 non
1255 4427 1487 4499 amplius
1542 4435 1871 4483 censetisum

287 4522 522 4579 aliorum
555 4520 962 4590 exquisierunt;
998 4518 1091 4574 sed
1122 4517 1435 4573 mamlatum
1463 4518 1529 4572 ad
1582 4517 1730 4571 illtttn
1780 4531 1872 4571 ca-

283 4614 540 4683 piendum
569 4612 859 4675 dedi-runt,
909 4621 965 4667 ut
998 4612 1164 4667 verba
1196 4610 1285 4666 illa
1319 4617 1625 4665 monstrant
1656 4628 1668 4663 ε
1705 4607 1875 4664 Dede-

1970 3398 2151 3455 censis
2181 3399 2235 3455 in
2271 3401 2465 3457 Dmtiea
2507 3416 2536 3455 a
2581 3403 2980 3474 Pelagiattismo
3025 3405 3090 3460 ad
3148 3406 3406 3463 Ecclesia:
3434 3420 3560 3477 gre-

1970 3494 2137 3549 mium
2185 3494 2442 3551 reductus
2481 3495 2550 3551 ah
2579 3498 2881 3569 Augustino
2932 3501 3192 3571 magistro
3236 3515 3335 3556 suo
3367 3519 3379 3554 :
3409 3500 3561 3569 Quod

1969 3597 2310 3661 prmterquam
2338 3591 2479 3661 quod
2508 3600 2582 3645 cst
2631 3594 2959 3664 manifestans
3013 3593 3337 3648 mendacium
3381 3595 3435 3649 in
3475 3594 3530 3648 hi
3542 3620 3567 3637 ο

1970 3684 2151 3746 storia,
2176 3681 2426 3756 chorlus
2453 3687 2589 3739 enim
2610 3687 2707 3741 iste
2735 3687 2838 3757 fuit
2880 3688 3152 3759 cpiscopus
3208 3686 3463 3742 Uticensis
3508 3689 3564 3743 in

1970 3774 2170 3847 Africa.
2203 3792 2304 3831 non
2332 3778 2384 3831 in
2417 3776 2641 3845 Btvtica;
2668 3788 2746 3834 est
2769 3781 2924 3834 etiam
2971 3778 3315 3834 intolerabilis
3365 3780 3565 3851 injuria

1971 3860 2040 3924 D.
2093 3868 2381 3940 Augustino
2421 3881 2465 3925 et
2504 3873 2646 3928 illius
2676 3874 2890 3946 [nuntiat
2914 3874 3164 3945 irrogata,
3212 3889 3275 3929 ea:
3317 3891 3423 3946 qua
3472 3886 3595 3947 per'

1974 3962 2069 4016 Dei
2085 3965 2305 4035 gratiam
2327 3980 2486 4036 neque
2512 3964 2894 4031 Ita'resiarclttv,
2915 3982 3079 4036 neque
3099 3967 3346 4034 ltmretici,
3380 3967 3564 4021 saltem

1972 4054 2066 4109 illo
2095 4055 2309 4123 vivente,
2339 4056 2646 4129 prodierunt
2670 4073 2690 4112 :
2716 4057 2885 4127 qualis
2916 4058 2999 4110 hic
3044 4057 3298 4125 Leporins
3342 4058 3561 4113 exstitit.

2046 4145 2289 4218 Denique
2317 4161 2439 4202 cum
2472 4147 2538 4201 ad
2564 4147 2766 4202 calcem
2797 4146 3054 4202 Clu-unici
3108 4148 3323 4203 dicatur
3368 4148 3567 4218 Dexter

1974 4254 2117 4294 anno
2148 4240 2358 4295 Domini
2385 4240 2494 4297 MO
2519 4255 2641 4296 esse
2670 4242 2847 4297 artatis
2872 4242 2961 4309 τι),
2996 4251 3051 4296 et
3075 4249 3254 4297 tamen
3286 4256 3430 4297 anno
3459 4210 3568 4297 Sili

1974 4332 2104 4388 illud
2150 4333 2261 4403 jam
2293 4333 2638 4399 absolvisset,
2698 4335 2775 4389 u'i
2829 4350 2895 4391 ex
2946 4335 3276 4408 Hieronymo
3332 4334 3429 4391 lib.
3499 4334 3571 4390 de

1979 4427 2179 4495 Script.
2231 4426 2445 4485 Eccles.
2482 4429 2541 4483 lit
2594 4429 2963 4499 manifestum,
3006 4445 3349 4500 consequens
3398 4436 3574 4485 estut

1978 4519 2176 4573 librum
2210 4530 2367 4575 suum
2403 4521 2695 4591 scripserit
2722 4537 2898 4577 annos
2928 4522 3137 4578 habens
3161 4522 3443 4578 dumtaxat
3469 4521 3566 4589 20,

1979 4611 2205 4683 ejusque
2232 4613 2413 4668 astatis
2444 4614 2733 4685 prmt‘ectus
2761 4614 3023 4687 prmtorio
3079 4614 3257 4684 inerit,
3290 4613 3432 4688 quod
3485 4614 3571 4671 in.

281 4714 398 4761 runt
460 4713 633 4759 autem
674 4702 944 4774 pontiﬁces
975 4710 1021 4756 et
1056 4699 1313 4755 Pltaristei
1344 4700 1668 4767 mandatum,
1723 4708 1780 4754 ut
1828 4700 1875 4754 si
1903 4723 1954 4784 υ
1979 4703 2244 4762 credibile
2273 4720 2497 4777 prorsus
2525 4708 2760 4764 videmr,

281 4801 393 4870 quis
420 4797 719 4872 cognoverit
746 4795 830 4851 ubi
857 4796 946 4864 sit,
974 4794 1184 4859 indicet,
1216 4802 1272 4848 ut
1298 4792 1691 4863 appreltendant
1732 4804 1869 4847 eum.

286 4895 347 4950 i'lt
386 4892 689 4963 appositum
736 4888 1087 4945 vanissimam
1116 4898 1280 4945 vocat
1306 4898 1697 4943 eumtnentum.

355 4985 563 5042 Rursus
590 4985 690 5039 sub
718 4999 863 5038 anno
890 4982 981 5048 58,
1014 4982 1149 5037 falso
1176 4982 1377 5036 dicitur
1410 4994 1477 5037 eo
1502 4994 1646 5036 anno
1677 4980 1876 5036 Saulus

287 5090 407 5155 post
436 5076 852 5135 conversionem
887 5075 1203 5146 pervenisse
1223 5074 1618 5146 Jernsolyanam
1647 5091 1661 5127 :
1686 5079 1873 5143 utpote

288 5177 437 5248 cujus
478 5172 784 5245 Oppositum
818 5168 1020 5226 scribat
1050 5168 1166 5247 ipse
1224 5167 1421 5223 Paulus
1472 5167 1540 5222 ad
1597 5165 1774 5222 Galat.
1818 5179 1874 5220 t:

291 5270 545 5326 Continuo
570 5266 715 5336 (post
735 5261 1172 5330 emtversionem)
1204 5276 1306 5315 non
1332 5261 1448 5315 veni
1489 5258 1878 5331 lerosolymam

290 5365 358 5420 ad
402 5371 747 5418 mttecessores
773 5370 914 5412 meos
937 5354 1218 5428 apostolos,
1251 5352 1340 5408 sed
1370 5352 1473 5408 abii
1521 5354 1577 5407 in
1606 5350 1876 5420 Arabiam,

291 5476 335 5522 et
364 5467 545 5521 iterum
573 5479 806 5520 reversus
832 5476 946 5516 sum
974 5454 1331 5513 Damascum:
1360 5457 1547 5512 deinde
1572 5464 1689 5526 post
1717 5473 1885 5513 annos

295 5566 392 5614 tres
427 5558 541 5612 veni
568 5553 952 5629 Jerosolymam
981 5564 1000 5608 :
1029 5548 1175 5625 quod
1209 5564 1316 5607 non
1341 5548 1571 5623 conligit
1600 5564 1770 5623 usque
1815 5548 1883 5607 ad

293 5663 380 5706 an.
416 5649 573 5705 Dom.
609 5647 700 5704 41.

360 5742 473 5798 Sub
493 5756 697 5797 annum
715 5740 928 5797 Domini
945 5740 1035 5808 86,
1052 5738 1423 5813 pontiﬁcatum
1448 5737 1568 5796 Lini
1611 5737 1892 5811 hucusque

297 5833 586 5908 producit;
618 5834 757 5907 quod
799 5835 881 5890 ita
927 5835 1121 5905 falsum
1163 5842 1260 5906 est,
1292 5833 1387 5906 ait,
1420 5841 1476 5891 ut
1520 5848 1648 5896 opus
1693 5849 1796 5891 non
1823 5834 1893 5893 sil

302 5926 444 5984 illius
489 5920 772 6002 falsitatem
804 5927 1040 6001 probare.

2055 4798 2332 4854 Hactenus
2354 4800 2406 4854 in
2437 4801 2683 4856 codicem
2705 4801 2889 4860 Dextri
2917 4801 3213 4882 insurt‘exjt
3238 4803 3575 4869 Pennottus:

1983 4893 2157 4964 pergit
2183 4891 2447 4963 deinceps
2476 4893 2529 4949 in
2559 4893 2677 4964 ejus
2706 4895 3140 4951 continuatnrem
3168 4896 3241 4955 Μ.
3287 4896 3575 4952 Maximum

1970 4986 2153 5042 .multa
2197 4985 2299 5041 alia
2331 4987 2679 5057 c0ttquirerc,
2704 4988 2859 5057 cujus
2886 5003 3023 5058 opus
3054 4990 3361 5059 corruptius
3401 4988 3578 5044 adhuc

1985 5079 2172 5134 multis
2196 5078 2371 5135 modis
2399 5080 2635 5136 existere
2657 5079 2965 5137 contendit.
2998 5080 3184 5137 Primo
3210 5097 3446 5152 namque
3475 5082 3579 5139 sub

1986 5189 2130 5229 anno
2173 5173 2302 5237 432.
2346 5174 2615 5231 lsidorum
2679 5186 2958 5231 auctorem
3010 5175 3131 5232 libri
3176 5175 3578 5247 Allegnriarttm

1986 5274 2153 5343 vocat
2182 5265 2489 5329 Seniorem;
2522 5266 2845 5323 discordans
2873 5283 2904 5322 a
2939 5267 3155 5335 Dextro,
3190 5267 3278 5338 qui
3330 5281 3453 5322 eum
3486 5280 3583 5322 vo-

1990 5358 2134 5414 cavit
2177 5356 2473 5431 Juniorem,
2523 5359 2588 5414 ad
2629 5374 2830 5415 annum
2862 5357 2991 5426 450,
3032 5367 3236 5415 etcum
3292 5355 3381 5414 ille
3429 5355 3584 5412 dedi-

1991 5464 2149 5510 casse
2200 5462 2410 5509 asserat
2462 5453 2861 5525 Allcgoriarum
2920 5452 3119 5508 librum
3179 5450 3347 5506 Paulo
3387 5449 3584 5507 Orosio

1991 5547 2413 5615 Tarraconensi,
2440 5548 2527 5603 hic
2558 5546 2724 5603 Paulo
2754 5545 2949 5603 Orosio
2977 5542 3299 5618 Legioncnsi
3324 5543 3587 5615 episcolto

1995 5649 2365 5713 nuncupatum
2420 5637 2723 5696 contendit.

2070 5735 2278 5792 Rursus
2307 5735 2407 5790 sub
2438 5748 2583 5790 anno
2607 5732 2735 5802 459,
2779 5733 2933 5805 ponit
2980 5730 3188 5788 obitum
3235 5729 3447 5801 Dextri,
3493 5729 3585 5803 qttl

1997 5836 2179 5885 tamen
2209 5827 2462 5899 superius
2506 5828 2574 5884 de
2603 5842 2664 5883 se
2691 5827 2830 5883 dixit
2875 5825 3123 5884 ultimam
3154 5823 3307 5899 operi
3338 5838 3439 5885 suo
3485 5822 3556 5882 im
3577 5850 3592 5872 ι

1999 5922 2251 5997 posuisse
2279 5936 2496 5982 manum
2530 5936 2674 5982 anno
2703 5918 2835 5985 Ml),
