3962 6336
408 356 519 419 599

1312 355 1608 415 FLAVIUS
1644 353 1892 413 LUCIUS
1932 355 2216 413 DEXTER
2254 356 2783 419 CDRONOLOGUS.

3598 364 3709 424 600

485 476 754 533 Similiter
790 489 937 532 anno
961 477 1089 545 471,
1132 475 1336 531 abiisse
1381 473 1573 530 scribit
1610 472 1839 529 Paulum
1873 472 2009 527 Oro-
2035 474 2093 536 Α
2116 489 2241 533 cum
2271 476 2340 532 de
2366 477 2427 533 S.
2455 477 2664 534 Donato
2684 486 2852 549 agunt
2876 480 3081 551 regulae
3105 481 3394 551 Augustini
3441 499 3555 540 non
3594 499 3716 542 me-

407 573 576 640 sium,
609 571 930 626 centenario
956 569 1241 647 majorem,
1290 567 1379 638 qui
1414 578 1592 621 tamen
1616 565 1687 621 88
1723 564 2013 620 dumtaxat

412 666 753 735 expleverat,
788 672 973 732 utpote
1003 673 1181 729 natus,
1212 670 1353 717 teste
1383 661 1603 724 Dextro,
1637 674 1705 712 an
1738 656 1866 714 584.

480 758 562 814 Ad
593 772 802 814 anntun
833 757 1048 812 Domini
1091 754 1221 822 474,
1268 761 1488 810 sanctos
1543 760 1815 823 martyres
1871 748 2013 805 Afri-

409 867 577 908 canos
606 851 917 917 Liberatum
947 860 1001 905 et
1031 850 1211 904 socios
1253 848 1355 903 sub
1400 845 1731 902 Himmerico
1772 842 2010 898 Wanda-

408 947 586 1001 lorum
609 960 736 1017 rege
750 958 941 1015 passos
972 952 1248 1011 nuncupat
1269 942 1552 994 monachos
1574 938 2006 1010 Augustinianos,

410 1054 534 1110 qua:
562 1054 669 1093 vox
702 1038 871 1092 multo
918 1036 1201 1091 recentior
1239 1041 1324 1089 est
1351 1033 1424 1088 Μ.
1455 1032 1713 1099 Maximo,
1770 1040 1825 1086 ct
1866 1045 1895 1083 a
1926 1044 2014 1086 re-

409 1131 768 1197 centioribus,
802 1129 888 1183 vel
922 1126 1478 1198 Magdeburgensibus
1508 1124 1734 1179 forsitan
1763 1121 1973 1177 addita.

480 1225 596 1281 Sub
650 1238 793 1278 anno
846 1221 974 1287 486,
1008 1220 1420 1289 S.~Fu|gentitts
1460 1215 1765 1286 RuSpcnsis
1814 1214 2013 1270 dicitur

411 1318 709 1372 Toletauus
742 1315 975 1386 origine,
1008 1329 1131 1369 cum
1179 1323 1359 1368 tamen
1400 1310 1690 1366 Africanus
1739 1308 1924 1374 fuerit,
1957 1315 2014 1363 et

411 1420 573 1467 natus
617 1410 879 1481 Telephe,
930 1424 1035 1463 non
1062 1406 1260 1474 Toleti,
1314 1420 1384 1461 ex
1430 1403 1757 1476 parentibus
1802 1401 2013 1457 ordinis

411 1501 1258 1573 SenatoriiCarthagineusibus,
1317 1515 1428 1554 non
1472 1488 1776 1563 Toletanis,
1831 1505 1890 1551 ut
1944 1509 2012 1550 ex

406 1603 528 1673 ejus
556 1604 727 1673 gestis
754 1609 995 1657 constat.
1376 1594 1382 1601 ’

477 1698 638 1752 Ληιιο
684 1694 894 1751 Domini
954 1693 1080 1760 5H,
1141 1691 1201 1748 S.
1270 1686 1586 1745 Vincentius
1655 1682 2010 1755 Legionensis

407 1800 620 1861 martyr
668 1792 934 1845 asserilur
976 1787 1220 1843 ordinem
1283 1784 1341 1840 S.
1396 1780 1673 1838 Benedicti
1733 1778 2011 1849 prolessus

2117 568 2429 637 minerunt;
2458 572 2553 627 sed
2576 580 2631 627 ct
2658 575 3051 629 monasterium
3077 576 3418 632 Servitanum
3452 575 3627 634 fuisse
3647 593 3717 635 ex

2118 661 2311 718 ordine
2341 662 2400 718 8.
2430 664 2711 720 Benedicti
2745 664 2861 737 ipse
2885 674 3078 723 auctor
3122 665 3321 725 fatetur
3372 667 3607 726 inferius
3648 670 3718 727 ad

2118 768 2320 810 annum
2352 752 2564 811 Domini
2595 757 2723 813 590.

2188 846 2303 903 Sub
2350 864 2497 904 anno
2525 850 2649 917 590,
2680 851 2947 907 asseritur
2975 852 3048 908 Μ.
3082 852 3353 909 Maximus
3399 870 3470 911 ex
3517 855 3723 911 abbate

2117 940 2594 999 Benedictinorum
2645 944 2819 999 factus
2863 946 3386 1018 Ctesaraugustauus
3436 948 3723 1005 archidia-

2117 1048 2313 1103 conus,
2344 1035 2488 1105 quod
2522 1045 2725 1106 praeter
2756 1053 2964 1092 morem
2994 1039 3139 1095 illius
3172 1041 3437 1111 tetnporis
3464 1051 3574 1097 est.

2187 1125 2349 1182 Auno
2379 1128 2615 1198 denique
2658 1128 2786 1195 606,
2837 1129 3210 1187 Maeliumetus
3255 1146 3352 1200 per
3400 1132 3726 1203 llispaniam

2114 1229 2395 1289 grassatus
2434 1222 2675 1285 dicitur;
2706 1223 2851 1292 quod
2898 1232 3077 1278 tamen
3106 1223 3424 1281 luculentum
3474 1234 3552 1281 est
3581 1243 3734 1282 men-

2116 1312 2327 1366 dacium
2351 1313 2450 1384 (ait
2481 1312 2825 1383 Penuottus),
2860 1330 2984 1370 nam
3016 1316 3387 1373 Macltuntetus
3413 1334 3728 1391 numquam

2118 1402 2432 1473 Hispaniam
2458 1404 2613 1470 vidit,
2641 1415 2702 1461 ut
2732 1406 2854 1476 plus
2885 1416 3071 1461 notum
3094 1415 3200 1474 est,
3231 1424 3394 1479 quam
3420 1411 3569 1481 quod
3600 1426 3734 1481 pro-

2118 1496 2338 1554 batione
2369 1498 2641 1570 indigeat;
2673 1514 2773 1555 nec
2800 1500 2923 1570 ejus
2948 1502 3171 1558 asseclte
3203 1500 3257 1558 in
3287 1518 3407 1558 eam
3439 1505 3733 1562 irruerent

2122 1604 2295 1661 usque
2339 1591 2406 1645 ad
2437 1606 2639 1648 annutn
2673 1591 2892 1650 Domini
2922 1594 3047 1660 715,
3082 1604 3139 1649 ιιι
3167 1610 3235 1650 ex
3275 1595 3550 1654 Tuditano
3599 1611 3737 1669 pro—

2117 1685 2211 1741 bat
2267 1686 2530 1743 Baronius
2560 1698 2691 1742 tom.
2736 1703 2809 1756 vl,
2852 1697 2960 1745 etc.
3009 1688 3187 1762 Atque
3238 1690 3356 1747 haec
3392 1692 3626 1764 quidem
3676 1693 3734 1750 in

2119 1776 2188 1833 Μ.
2221 1778 2514 1835 Maximum
2556 1780 2715 1836 dixit.

406 1883 569 1952 paulo
596 1889 885 1950 antequam
909 1876 1227 1950 martyrium
1253 1870 1718 1931 su5tiucret.Cum
1737 1880 1917 1925 tamen
1949 1869 2009 1926 S.
2043 1874 2092 1933 B
2190 1870 2321 1928 Post
2350 1872 2422 1928 Μ.
2467 1873 2762 1929 Maximum
2791 1872 2987 1928 habuit
3011 1875 3173 1930 etiam
3207 1876 3405 1932 Dexter
3433 1877 3739 1951 continua-

408 1971 738 2026 Benedictus
769 1986 938 2041 usque
965 1970 1029 2024 ad
1049 1984 1250 2023 annum
1273 1966 1402 2033 5‘25,
1422 1963 1718 2020 monachos
1741 1977 1849 2016 non
1873 1975 2008 2016 con-

404 2065 737 2133 grevaverit,
768 2072 823 2118 et
851 2064 900 2117 iu
934 2062 1221 2131 llispanias
1250 2058 1509 2114 monachi
1548 2056 1722 2127 ipsius
1761 2070 1869 2109 non
1899 2063 2007 2109 tra-

402 2156 642 2226 jeceriut
692 2170 867 2225 usque
895 2154 960 2210 ad
994 2156 1119 2209 (3.16:
1153 2154 1215 2208 Et
1247 2166 1353 2207 vox
1387 2150 1479 2206 illa
1507 2167 1521 2205 :
1555 2148 1637 2203 Ex
1668 2146 1851 2203 ordine
1896 2156 2010 2218 post

408 2248 474 2303 S.
524 2247 813 2313 Benedicti,
846 2263 952 2301 non
984 2254 1101 2301 erat
1144 2256 1272 2300 tunc
1296 2243 1350 2299 in
1384 2258 1504 2299 usu.

476 2341 665 2397 Simile
687 2354 769 2398 ρει
798 2341 942 2412 quod
972 2356 1102 2395 ann.
1134 2340 1232 2395 551
1262 2340 1328 2394 de
1350 2340 1408 2393 8.
1433 2335 1658 2392 'l‘uribio
1675 2335 1875 2391 dicitur
1902 2334 2012 2391 Ro-

408 2452 512 2493 ma:
535 2437 641 2507 a‘S.
664 2438 958 2493 Benedicto
985 2436 1228 2491 habitum
1246 2433 1553 2504 suscepisse
1575 2450 1589 2489 :
1610 2447 1732 2487 nam
1757 2431 1822 2486 D.
1838 2431 2012 2486 Bene-

409 2529 586 2584 dictus
615 2545 903 2598 numquam
927 2529 1116 2583 Romae
1149 2535 1272 2599 post
1293 2527 1675 2581 monachatum
1706 2524 2005 2590 habitavit,

409 2638 586 2694 neque
617 2625 735 2693 ejus
775 2623 1023 2680 monachi
1069 2630 1195 2677 autc
1221 2622 1326 2677 507
1367 2619 1596 2675 Romam
1620 2618 2003 2674 incoluerunt.

484 2716 597 2773 Sub
640 2732 784 2771 anno
816 2716 941 2783 554,
972 2716 1146 2786 inquit
1178 2723 1368 2770 auctor
1396 2722 1670 2769 mortuum
1699 2725 1821 2768 esse
1857 2711 2001 2767 Gen-

403 2811 622 2867 nadium
666 2810 1084 2875 Massiliensem,
1151 2809 1242 2879 qui
1287 2819 1467 2863 tamen
1526 2816 1652 2862 ante
1714 2804 1787 2863 40
1833 2820 2007 2861 annos

405 2904 646 2969 obierat,
695 2912 884 2974 utpote
907 2904 1000 2973 qui
1026 2903 1193 2958 libros
1232 2916 1361 2956 suos
1390 2901 1610 2958 Gelasio
1643 2901 1803 2970 Papa:
1834 2899 2007 2955 corri-

401 2996 612 3065 gendos
666 2996 889 3058 obtulit,
939 3005 994 3048 et
1041 3003 1359 3049 sanctorum
1402 2991 1677 3063 Prospcri,
1731 2991 1919 3047 llilarii
1949 2999 2006 3048 et

402 3087 646 3143 Cassiani
672 3097 983 3141 cozetaucus
1011 3086 1129 3140 fuit.

481 3183 641 3235 Anno
690 3180 815 3247 563,
849 3196 1135 3250 perperam
1168 3179 1429 3236 asseritur
1473 3177 1867 3249 Athanagildus
1904 3194 2000 3234 rex

403 3275 614 3330 vocatis
659 3276 730 3330 ab
773 3274 923 3328 ltalia
962 3274 1244 3329 monachis
1273 3274 1448 3329 Toleti
1501 3273 1791 3344 Agaliense
1817 3263 2075 3330 coeno-(1

402 3366 554 3422 bium
585 3365 883 3421 tedilicasse
908 3410 922 3434 ,
968 3382 1088 3420 cum
1123 3366 1283 3421 fuerit
1323 3365 1613 3420 ltzt-retieus
1644 3365 1882 3420 Arianus
1910 3366 1997 3420 vel

403 3477 666 3532 paganus,
702 3472 760 3514 ut
791 3460 1053 3515 Baronius
1086 3462 1292 3515 notavit
1320 3476 1383 3515 cx
1409 3444 1703 3527 Tuditano,
1733 3468 1864 3514 tom.
1898 3475 1994 3525 vn,

400 3571 493 3611 an.
528 3554 655 3618 567,
686 3571 834 3609 num.
869 3556 955 3610 17.
985 3555 1188 3610 Ibidem
1216 3555 1287 3610 ab
1313 3554 1505 3611 eodem
1555 3570 1683 3623 rege
1715 3564 1990 3610 monaste-

400 3649 539 3705 rium
571 3650 742 3717 Syslte
764 3649 959 3705 dicitur
978 3650 1327 3715 aedificatum,
1352 3649 1495 3719 quod
1516 3649 1766 3706 eamdem
1793 3650 1995 3719 patitur

402 3742 802 3807 diflicultatcm,
833 3753 888 3799 et
916 3745 1059 3813 quod
1105 3746 1167 3799 D.
1210 3745 1513 3816 Augustino
1538 3743 1865 3800 aedificatum
1895 3744 1990 3812 sit,

398 3851 523 3891 cum
552 3836 795 3892 Julianus
825 3836 883 3892 8.
936 3837 1118 3891 Maria:
1163 3847 1527 3908 nuncupatum
1576 3836 1805 3906 scribat,
1834 3845 1905 3905 ,et
1936 3836 1989 3892 in

394 3930 515 3984 aliis
549 3928 841 3984 Codicibus
866 3940 1111 3985 erectum
1141 3929 1347 3985 dicatur
1375 3945 1465 3985 an.
1498 3928 1626 3985 424.

468 4022 582 4077 Sub
611 4038 700 4075 an.
754 4021 884 4089 εδδ,
920 4036 1143 4091 prorsus
1176 4022 1367 4076 falsum
1394 4029 1479 4077 est
1508 4020 1607 4094 (ait
1660 4019 1985 4091 Peunottus)

392 4113 536 4184 quod
563 4117 829 4169 asseritur
860 4114 1162 4169 Ecclesiam
1189 4114 1246 4170 8.
1276 4114 1459 4170 Marim
1481 4114 1551 4170 de
1578 4113 1844 4170 Columna
1871 4114 1984 4169 Ca:-

389 4214 728 4275 saraugustte
772 4220 802 4260 a
852 4206 1131 4261 monachis
1185 4208 1244 4264 S.
1278 4206 1555 4261 Benedicti
1606 4205 1984 4273 inhabitatum,

389 4301 533 4370 quod
578 4310 756 4355 tamen
789 4300 1095 4354 institutum
1128 4299 1450 4355 clericorum
1474 4301 1863 4356 canonicorum
1895 4315 1984 4355 re-

387 4392 653 4461 gulariter
699 4392 993 4445 viventium
1020 4406 1048 4442 a
1078 4391 1434 4447 sanctissimis
1463 4393 1727 4462 apOStolis
1770 4392 1986 4462 planta-

386 4494 524 4549 tum,
582 4486 635 4538 in
668 4484 812 4538 hunc
843 4498 1012 4553 usque
1041 4484 1185 4540 diem
1215 4484 1364 4555 (Deo
1394 4482 1734 4556 protegente)
1790 4499 1979 4554 perse-

385 4581 586 4630 verat:
617 4589 716 4628 nec
761 4573 1121 4629 omittendum
1167 4575 1309 4645 quod
1345 4573 1591 4631 subditur
1638 4592 1652 4630 :
1708 4573 1981 4648 Proprque

384 4677 497 4722 erat
526 4668 891 4721 monasterium
921 4668 1292 4723 monachorum
1321 4669 1774 4725 Benedictinorum
1802 4710 1820 4739 ,
1861 4679 1973 4726 tum

382 4762 529 4835 quod
580 4762 806 4817 iormula
868 4762 958 4817 illa
1009 4763 1261 4834 loquendi
1311 4763 1773 4820 Benedictinornm
1836 4781 1973 4822 nova

379 4855 472 4921 sit,
507 4865 615 4908 tum
646 4856 809 4910 etiam
841 4855 965 4926 quia
992 4856 1087 4911 illo
1116 4856 1286 4912 verbo
1336 4855 1491 4923 Erat,
1547 4856 1794 4913 innuitur
1846 4867 1974 4915 tunc

378 4948 643 5016 temporis
690 4948 928 5003 dirutum
980 4949 1090 5019 jam
1146 4950 1312 5007 fuisse
1367 4950 1495 5005 illud
1555 4953 1969 5020 monasterium,

376 5039 520 5109 quod
552 5052 730 5095 tamen
761 5049 847 5096 est
874 5040 1221 5105 incredibile,
1252 5057 1374 5098 cum
1423 5042 1513 5098 vix
1542 5050 1669 5101 tunc
1699 5043 1971 5115 pullulare

372 5132 681 5203 inciperent
709 5135 1038 5189 monasteria
1084 5135 1142 5191 S.
1175 5135 1480 5192 Benedicti.

445 5226 605 5279 Anno
644 5225 771 5279 573.
805 5224 863 5280 S.
917 5226 1156 5281 Donatus
1200 5228 1445 5303 regulam
1505 5227 1873 5285 Eremitarttm
1903 5228 1960 5286 S.

371 5316 657 5387 Augusuni
717 5317 1128 5387 locupletiorem
1197 5321 1581 5392 mitioremque
1632 5324 1839 5392 primus
1896 5338 1960 5377 cx

370 5410 553 5465 Africa
582 5410 635 5464 in
667 5411 952 5480 Ilispanizts
981 5411 1253 5468 invexisse
1283 5413 1503 5482 dicitur,
1534 5422 1592 5468 et
1616 5414 1959 5471 Servitauum

368 5502 761 5556 monasterium
785 5503 1179 5559 construxissc.
1202 5504 1464 5559 Stolidum
1479 5523 1604 5561 sane
1619 5519 1960 5563 comtttenttmt

362 5592 468 5663 (ait
493 5591 747 5660 censor):
782 5592 1068 5663 Augustini
1119 5593 1386 5664 siquidem
1437 5597 1622 5668 tegula
1653 5598 1837 5654 mitior
1875 5608 1960 5654 est

302 5732 319 5749 ,
364 5686 640 5753 omnibus,
668 5684 984 5757 indtgetque
1008 5687 1373 5755 restrictione,
1399 5706 1506 5745 non
1531 5691 1867 5762 mitigatione
1889 5693 1953 5749 (1..

366 5776 516 5841 Quod
537 5776 633 5831 Dei
661 5778 893 5833 timorem
922 5780 984 5833 de
1008 5790 1146 5834 statu
1174 5783 1563 5839 monac/torum.
1596 5785 1664 5839 Et
1694 5786 1754 5839 D.
1809 5783 1949 5841 [lde-

353 5865 547 5928 tonsus
588 5882 652 5925 ac
691 5873 875 5931 caeteri
926 5886 1110 5932 rerum
1160 5873 1579 5950 Ilispatticarum
1627 5876 1942 5954 scriptores,

2118 1976 2291 2023 torem
2332 1967 2736 2039 Euthrandum,
2778 1982 2877 2025 seu
2904 1969 3311 2041 Luidpranduut
3339 1970 3736 2037 Tit-incusem,

2117 2060 2274 2130 cujus
2320 2060 2713 2117 dedicatoriant
2742 2063 3028 2132 epistolam
3074 2063 3141 2118 ad
3186 2063 3587 2134 ltegimundnm
3644 2064 3738 2120 Iti-

2116 2154 2459 2210 berritanum
2500 2154 2800 2210 antistitem
2829 2154 3071 2210 Joannes
3094 2153 3365 2211 Celderuu
3397 2156 3600 2212 excudi
3636 2173 3739 2213 cu-

2117 2248 2291 2314 ravit;
2319 2248 2371 2303 itt
2395 2264 2515 2304 eam
2547 2248 2906 2304 nihilominus
2931 2249 3235 2305 l‘ennottus
3254 2249 3433 2323 jacula
3463 2250 3736 2319 quaedam

2116 2342 2418 2407 contorsit;
2451 2356 2552 2396 nec
2577 2342 2722 2396 cnitn
2746 2341 3127 2412 Antipodosint
3159 2357 3312 2397 suam
3341 2343 3566 2415 scripsit
3601 2344 3738 2399 dia-

2115 2448 2286 2490 conus
2311 2433 2492 2489 adhuc
2519 2433 2848 2499 Ticincnsis,
2873 2434 2970 2490 sed
3001 2436 3290 2504 cpiscopus
3328 2434 3442 2505 jam
3489 2436 3740 2491 Cremo-

2115 2524 2302 2580 nensis
2328 2524 2607 2580 existens:
2637 2539 2736 2580 nec
2762 2524 2911 2580 circa
2953 2540 3155 2580 annum
3187 2524 3387 2581 Christi
3436 2524 3569 2590 860,
3631 2526 3738 2582 sed

2114 2617 2242 2677 96:2.
2280 2630 2338 2671 ut
2368 2632 2431 2673 ex
2458 2617 2775 2687 prtefationc
2803 2617 2900 2673 lib.
2948 2633 3003 2672 ut
3034 2627 3268 2682 conSIat,
3302 2628 3357 2673 et
3384 2617 3585 2689 probat
3629 2619 3737 2674 Ba-

2113 2711 2305 2768 ronius
2330 2711 2398 2766 ad
2446 2727 2645 2767 annum
2674 2711 2801 2778 965,
2835 2727 2935 2767 nec
2964 2728 3087 2768 cum
3115 2712 3391 2768 exsularet
3415 2713 3560 2782 apud
3592 2713 3738 2770 Ful-

2112 2803 2259 2872 dam,
2284 2804 2379 2860 sed
2411 2820 2533 2859 cum
2558 2805 2829 2876 legatione
2854 2804 3453 2876 Constantinopolitana
3478 2805 3732 2864 rediret.

2113 2899 2268 2968 Quod
2307 2900 2354 2956 si
2408 2899 2469 2956 S.
2506 2900 2687 2955 Boniti
2736 2900 2987 2956 Toletani
3034 2899 3442 2971 archiprrcsulis
3487 2902 3735 2957 subdia-

2112 3007 2281 3048 conus
2314 2992 2433 3060 fuit,
2465 2994 2666 3048 vixisse
2694 2994 2934 3061 oportuit
2964 3009 3055 3050 an.
3089 2994 3241 3050 Dom.
3292 2995 3415 3062 860,
3468 3010 3583 3065 quo
3621 2996 3733 3052 flo-

2114 3084 2271 3140 rebat
2305 3084 2554 3148 Bonitas.
2611 3092 2750 3140 teste
2787 3084 3022 3151 lilurillo,
3068 3094 3123 3140 et
3170 3100 3336 3155 quare
3363 3085 3732 3145 continuatio

2110 3175 2413 3232 Euthrandi
2438 3177 2601 3232 simul
2629 3190 2751 3230 cum
2788 3177 2988 3231 Dextro
3016 3188 3070 3231 et
3102 3176 3336 3232 Maximo
3363 3191 3564 3233 excusa
3599 3194 3725 3236 non

2108 3267 2231 3336 fuit,
2265 3268 2360 3324 sed
2402 3267 2554 3322 velut
2596 3270 2782 3336 Spuria
2827 3268 3069 3337 reiecta?
3115 3268 3173 3324 Si
3217 3285 3347 3325 vero
3374 3270 3560 3341 spuria
3596 3281 3721 3341 cst,

2106 3361 2283 3431 ipsum
2339 3376 2554 3432 quoque
2613 3360 2804 3417 Dextri
2857 3361 3191 3430 Cttronicon,
3253 3370 3310 3418 et
3352 3362 3724 3421 continuatio

2102 3450 2342 3514 Maximi.
2390 3468 2511 3523 quae
2536 3453 2604 3506 ab
2630 3452 2861 3522 epistola
2888 3451 3191 3508 Euthraudi
3216 3452 3375 3510 fidem
3395 3453 3717 3525 accipiunt,

2100 3546 2288 3615 Spuria
2319 3545 2504 3601 itidem
2551 3556 2730 3601 erunt.

2102 3660 2130 3731 §
2155 3660 2243 3716 lli.
2267 3660 2615 3731 Tripartitam
2639 3658 2883 3731 Pennatti
2902 3658 3091 3714 eisdem
3113 3659 3303 3715 irretiri
3324 3658 3496 3725 nodis,
3513 3660 3724 3728 quibus

2205 3732 2554 3786 oomimodan:
2581 3730 2765 3786 Dextri
2797 3730 3079 3785 Historiam
3111 3731 3303 3785 vincire
3334 3740 3576 3786 conatur.

2168 3825 2302 3880 Cum
2326 3824 2601 3895 luteusque
2626 3838 2945 3895 progressus
2968 3822 3228 3891 subsisto,
3255 3823 3310 3878 in
3335 3836 3573 3879 mentem
3606 3842 3720 3883 ve.

2094 3915 2314 3987 nitjnre
2335 3932 2421 3972 me
2442 3915 2494 3970 in
2523 3917 2779 3985 ipsum,si
2801 3915 3031 3984 luberet,
3058 3930 3119 3970 ea
3142 3925 3504 3986 contorquere
3528 3919 3720 3977 verba

2093 4026 2277 4083 posse,
2309 4026 2429 4081 quae
2457 4009 2550 4065 lib.
2584 4025 2622 4064 lt
2653 4008 2964 4079 'l‘ripartita:
2989 4022 3101 4064 sua:
3133 4023 3183 4063 c.
3217 4009 3306 4075 18,
3334 4025 3485 4064 num.
3510 4010 3567 4077 3,
3603 4012 3719 4068 ad-

2089 4120 2304 4161 versum
2335 4104 2552 4160 doctum
2584 4112 2640 4161 et
2670 4104 3015 4174 reliogiosum
3044 4104 3217 4160 virum
3243 4104 3304 4159 lt.
3333 4103 3390 4159 P.
3420 4103 3719 4165 Constan-

2091 4197 2260 4253 tinum
2284 4195 2602 4266 Cajetanum
2628 4197 2870 4252 animose
2890 4197 3026 4252 satis
3047 4196 3324 4267 intorquet
3347 4215 3362 4252 :
3388 4195 3492 4251 Hic
3514 4207 3711 4256 tamen

2087 4288 2547 4345 Constantinianns
2585 4299 2866 4362 apparatus
2906 4306 2969 4344 ac
2998 4298 3175 4345 tantus
3205 4290 3474 4346 verborum
3499 4298 3717 4366 strepi-

2086 4393 2189 4452 tus,
2223 4390 2297 4437 tot
2325 4391 2661 4438 stemmatum
2698 4384 2964 4437 ornatibus
2995 4392 3195 4438 tumens
3225 4400 3287 4438 ac
3318 4393 3549 4455 turgens,
3581 4404 3711 4446 non

2082 4478 2212 4532 adeo
2252 4477 2452 4533 solidus
2488 4485 2585 4545 est,
2629 4485 2683 4532 ut
2727 4478 2804 4532 vel
2833 4493 2936 4531 uno
2962 4477 3071 4531 ictu
3100 4486 3237 4532 totus
3265 4479 3524 4551 disrumpi
3552 4494 3609 4537 et
3643 4486 3708 4540 in

2080 4587 2248 4627 acrem
2283 4572 2415 4626 solvi
2442 4588 2545 4625 non
2572 4581 2773 4643 posset;
2801 4587 2893 4626 nec
2923 4571 3052 4625 tanti
3078 4571 3325 4644 ponderis
3355 4581 3411 4628 ut
3438 4575 3508 4628 ad
3533 4575 3710 4633 illum

2008 4649 2057 4710 D
2084 4666 2419 4738 refutandum
2471 4681 2684 4719 manum
2732 4665 2934 4720 calamo
2991 4665 3265 4720 admovere
3320 4666 3626 4731 deberemus
3682 4689 3709 4727 :

2082 4758 2526 4831 quandoquidem
2564 4758 2777 4815 etiamsi
2820 4760 2895 4814 ita
2938 4774 2998 4815 se
3043 4759 3313 4815 haberent
3354 4762 3534 4817 omnia
3561 4804 3577 4828 ,
3634 4776 3708 4823 ut,

2080 4853 2196 4924 ipse
2235 4854 2287 4909 in
2331 4852 2612 4918 Dextrum,
2653 4852 2967 4921 Maximum,
2994 4861 3051 4909 et
3092 4854 3471 4910 Euthrandum
3512 4855 3706 4926 iactat

2081 4946 2247 5019 (quod
2278 4954 2456 5002 tamen
2485 4946 2661 5003 modis
2686 4947 2940 5002 omnibus
2969 4945 3250 5020 negamus)
3274 4962 3342 5004 eo
3364 4948 3541 5003 solum
3566 4949 3701 5007 ictu

2079 5040 2261 5096 omnia
2295 5049 2534 5105 ruerent,
2570 5040 2613 5096 si
2639 5040 2882 5095 dicamus
2913 5049 3065 5095 tanto
3094 5041 3385 5097 verborum
3417 5042 3694 5112 strepitu,

2079 5141 2157 5189 tot
2196 5144 2556 5189 scommatum
2597 5132 2880 5187 ornatibus
2907 5143 3145 5189 tumente
3171 5141 3228 5189 et
3247 5143 3517 5205 turgente,
3538 5136 3696 5196 nihil

2073 5225 2221 5281 aliud
2263 5225 2505 5295 probari,
2548 5240 2711 5295 quam
2754 5226 2954 5281 librum
2994 5242 3102 5283 non
3143 5242 3273 5284 esse
3317 5231 3688 5301 canonicum,

2073 5332 2177 5374 nec
2215 5325 2492 5373 auctorem
2532 5317 2601 5373 ad
2650 5317 3007 5390 Evangelista:
3048 5318 3274 5391 gradum
3307 5329 3582 5389 evectum,
3618 5335 3694 5382 ut

2068 5410 2396 5482 quandoque
2420 5426 2525 5467 non
2557 5411 2765 5467 valeret
2794 5427 2825 5466 a
2858 5413 3088 5469 veritate
3115 5413 3353 5470 deiicere
3383 5433 3395 5468 :
3427 5416 3686 5473 diversi-

2069 5514 2205 5561 tates
2226 5519 2358 5561 vero
2378 5506 2626 5562 codicum
2651 5515 2708 5562 et
2729 5506 3103 5576 exemplorum
3129 5506 3506 5579 antiquitatem
3532 5524 3647 5581 ope
3666 5543 3687 5555 -

2063 5596 2139 5653 ris
2161 5594 2447 5653 manifeste
2472 5598 2701 5668 probare
2727 5615 2741 5653 :
2766 5596 2812 5652 si
2836 5598 2982 5653 enim
3007 5599 3326 5655 recentioris
3347 5612 3491 5657 esset
3515 5616 3649 5660 com
3664 5635 3686 5647 -

2063 5699 2332 5755 mentum,
2374 5704 2715 5762 nequaquam
2761 5701 2872 5746 tam
2904 5690 3085 5746 varias
3113 5692 3516 5764 esseriptiones
3552 5700 3678 5765 pati

2057 5786 2321 5855 potuisset
2336 5802 2347 5838 :
2364 5798 2464 5840 nec
2476 5783 2540 5839 ad
2559 5782 2703 5839 illam
2727 5781 3069 5839 refutandutn
3090 5799 3305 5841 manum
3328 5786 3537 5842 calamo
3565 5788 3681 5845 ad-

2055 5894 2275 5939 movere
2301 5879 2649 5948 deberemus,
2676 5892 2800 5937 cum
2824 5878 2939 5961 suis
2967 5894 3196 5957 quaeque
3218 5881 3355 5941 locis
3376 5881 3560 5942 omnia
3581 5882 3670 5945 ab
