4062 6340
338 359 439 418 om

1410 364 1930 424 APOLOGETICUS
1968 364 2105 424 PRO
2142 366 2206 424 L.
2249 364 2554 423 DEXTRO.

3521 367 3629 427 602

334 492 405 532 eo
434 477 642 548 objecta
669 492 698 534 a
724 478 883 536 nobis
912 478 965 536 in
992 480 1073 536 his
1094 479 1503 537 commentariis
1524 481 1768 550 exposita
1797 479 1921 534 sint.
1955 482 2008 542 Α
2033 479 2100 534 ad
2142 479 2264 535 illos
2303 488 2553 551 spectare
2583 496 2597 535 :
2629 477 2762 536 nihil
2806 486 2985 536 tamen
3014 478 3083 536 de
3105 478 3212 537 illis
3238 478 3291 536 in
3318 485 3432 537 toto
3460 496 3626 552 opere

333 568 517 626 Satius
548 582 726 628 tamen
756 573 1105 643 modestiam,
1137 590 1254 643 qua:
1283 572 1571 644 religiosos
1599 573 1755 630 decet
1782 576 1929 630 viros

329 664 619 737 complecti
648 667 843 736 placet,
873 682 1199 737 quamquam
1233 682 1636 738 nonumnquam
1666 681 1927 726 excessus

329 769 463 813 suos
503 758 572 813 ob
606 758 791 814 oculos
825 758 926 828 ipsi
965 774 1167 828 ponere
1198 760 1563 815 necessarium
1587 758 1923 827 duxerimus,

327 858 388 903 ut
430 850 608 906 videat
647 861 909 923 quantum
952 853 1032 908 illi
1080 852 1455 924 indulgeamus
1499 870 1514 909 :
1556 862 1610 909 et
1653 861 1707 910 ttl
1748 854 1817 908 ab
1856 853 1924 910 iis

322 943 670 1015 ditl‘ugientes
724 946 949 1002 minime
1006 946 1165 1003 nobis
1213 948 1496 1019 contingat
1545 948 1689 1019 quod
1745 948 1920 1004 eidem

318 1034 685 1093 Consumtin
710 1037 829 1093 Joa.
863 1038 1017 1109 Bapt.
1049 1039 1397 1095 liraehesium
1425 1041 1597 1096 virum
1630 1041 1842 1111 pietatis
1867 1048 1923 1096 et

318 1126 586 1184 doctrina:
613 1147 640 1184 a
666 1131 899 1186 Duronio
925 1133 1141 1203 egregie
1168 1133 1467 1200 laudatum,
1495 1143 1681 1189 secuto
1707 1133 1922 1203 objece-

314 1222 390 1275 rit
427 1240 441 1275 :
477 1224 654 1278 (ἐτείας
683 1227 1096 1281 ειιέοἰίιιεαιιιηι
1126 1236 1357 1297 prierint,
1387 1237 1431 1283 et
1457 1230 1607 1284 ambo
1633 1231 1688 1283 in
1714 1232 1919 1299 foveam

311 1315 533 1369 cadunt.
561 1317 699 1385 Quid
728 1321 871 1376 enim
904 1322 1147 1391 proderit
1175 1336 1374 1388 caus-.c,
1408 1324 1583 1393 ipsum
1606 1339 1795 1394 parum
1829 1339 1917 1381 re-

305 1411 757 1481 vcrcntcrjocari
782 1412 835 1467 in
862 1425 1070 1480 nostra,
1094 1430 1189 1470 seu
1213 1415 1460 1485 frigidam
1485 1431 1606 1471 esse
1628 1431 1790 1487 super
1818 1416 1917 1474 hac

303 1500 399 1555 vel
431 1500 518 1555 illa
552 1518 612 1557 re
648 1503 904 1560 Pennotti
946 1506 1409 1577 imaginationem,
1450 1518 1507 1564 et
1536 1510 1637 1563 alia
1670 1509 1788 1578 ejus
1816 1524 1911 1580 ge-

305 1608 365 1647 nt
383 1594 482 1662 ris,
523 1611 646 1667 qua:
686 1598 804 1668 ipse
848 1600 899 1656 in
930 1602 1342 1658 Constantinum
1369 1604 1552 1672 jacnla
1580 1604 1794 1659 vibrat?
1824 1612 1916 1660 aut

302 1702 547 1755 quonam
590 1700 747 1759 pacto
789 1694 905 1748 haec
947 1694 999 1748 in
1041 1694 1131 1750 Dei
1172 1695 1396 1765 gloriam
1442 1696 1628 1750 referri
1663 1704 1911 1766 possunt,

305 1787 372 1832 ιιι
411 1780 526 1850 ipse
563 1780 689 1838 facit
716 1798 767 1840 c.
809 1785 897 1851 i9,
938 1802 993 1843 ιι.
1024 1787 1079 1851 8,
1111 1802 1232 1842 eum
1265 1787 1330 1842 ad
1364 1787 1566 1843 calcem
1596 1789 1913 1843 Constanti-

2031 574 2299 643 reperitur
2342 590 2359 632 :
2405 588 2573 643 quare
2617 589 2724 628 non
2778 581 2981 629 temere
3018 574 3140 643 quis
3179 572 3476 643 iudicabit,
3518 573 3624 631 hoc

2030 667 2169 736 quod
2204 682 2313 735 pra:
2359 667 2603 723 manibus
2641 675 2746 735 est,
2786 684 2892 723 non
2919 682 3040 723 esse
3070 666 3341 739 integrum
3372 668 3623 725 Pennelti

2029 773 2188 828 Opus,
2219 758 2314 814 sed
2344 758 2624 830 deperisse
2650 760 2846 816 bonam
2877 761 2994 828 ejus
3022 772 3253 831 partem.
3276 759 3409 817 Nam
3438 761 3483 817 si
3504 761 3623 817 ani-

2028 868 2147 907 mus
2192 868 2297 908 non
2343 863 2458 909 erat
2507 853 2575 910 de
2605 854 2885 909 canonicis
2931 855 3285 910 saecularibus
3326 854 3619 926 quidquam

2026 947 2286 1015 scribere,
2329 948 2522 1002 mutari
2567 947 2754 1003 titulus
2790 946 3044 1013 debebat,
3074 958 3131 1002 ut
3171 946 3418 1003 diceret:
3450 944 3623 1002 Cano-

2025 1043 2259 1097 nicorum
2297 1043 2617 1115 regulurium
2661 1043 2879 1097 historia
2919 1042 3206 1110 tripertita,
3238 1057 3360 1112 pro,
3393 1040 3622 1097 Clerico-

2023 1152 2141 1189 rum
2179 1138 2566 1202 cauouicormn,
2611 1138 2699 1207 qui
2730 1137 3021 1196 smculares
3062 1153 3281 1209 quoque
3307 1136 3622 1207 complecti-

2026 1224 2131 1284 tur’.
2182 1230 2336 1299 Sed,
2398 1232 2542 1298 quod
2596 1242 2758 1301 caput
2805 1241 2933 1300 est,
3003 1230 3160 1285 titulo
3214 1231 3331 1296 ipso
3390 1229 3617 1285 historia

2020 1324 2279 1379 canonica
2330 1324 2678 1394 promittitur,
2728 1339 2889 1395 quam
2936 1333 3116 1379 tamen
3168 1323 3304 1378 liber
3346 1323 3462 1395 ipse
3508 1336 3614 1378 non

2019 1416 2132 1472 dat.
2189 1416 2424 1473 llistoria
2466 1419 2666 1487 quippe
2717 1432 2780 1472 ex
2837 1417 3095 1473 tnethodo
3149 1415 3466 1486 scriptoris,
3505 1431 3614 1472 non

2019 1524 2085 1564 ex
2140 1509 2305 1563 rebus
2359 1509 2595 1564 narratis
2639 1509 3006 1580 dignoscitur;
3062 1509 3131 1565 dc
3183 1508 3387 1564 eisdem
3444 1506 3614 1577 siqui-

2018 1602 2141 1657 dem
2195 1602 2357 1658 l‘t‘bllS
2413 1602 2646 1658 llistoria
2701 1602 2968 1656 naturalis
2999 1599 3063 1656 (Ξ.
3121 1592 3304 1666 Plinii;
3351 1610 3407 1656 et
3458 1610 3585 1656 natu

2016 1696 2144 1750 ralis
2189 1694 2539 1764 Philosophia
2582 1695 2896 1751 Aristmelis
2934 1703 3141 1765 agunt,
3184 1692 3279 1749 sed
3321 1693 3437 1748 haec
3474 1692 3615 1764 ston

2016 1787 2345 1843 scholastice
2395 1787 2760 1854 disserendo,
2818 1786 2906 1841 illa
2961 1785 3193 1852 simplici
3239 1784 3616 1855 propositione

301 1872 485 1929 nianze
523 1876 803 1948 Apologia:
844 1888 965 1946 post
1005 1880 1257 1951 pra'dieta
1299 1890 1354 1937 et
1381 1883 1484 1937 alia
1513 1883 1751 1937 convitia
1779 1884 1908 1938 subs
1944 1882 1989 1943 Β
2019 1880 2288 1934 narrando
2317 1880 2579 1950 procedit.
2610 1878 2725 1933 Non
2756 1878 3097 1933 dissimiliter
3124 1876 3191 1933 de
3218 1876 3495 1932 canonicis
3520 1892 3610 1933 re-

303 1964 391 2020 dit
431 1985 446 2021 :
489 1967 620 2023 Ηωσ
659 1986 754 2040 pro
796 1970 891 2025 Dei
933 1974 1103 2041 gloria
1144 1984 1190 2027 et
1230 1974 1481 2027 canonica
1524 1971 1589 2027 D.
1625 1972 1912 2030 Herculani

302 2063 630 2143 professione
672 2066 984 2121 vindicanda
1014 2069 1160 2139 (nam
1204 2067 1274 2123 de
1315 2067 1413 2121 hac
1455 2067 1595 2122 inter
1625 2083 1718 2123 eos
1758 2083 1910 2139 qna:-

301 2153 415 2207 stiu
440 2161 577 2221 erat)
614 2173 715 2211 non
744 2167 919 2213 autem
957 2161 1164 2231 injurite
1189 2162 1465 2233 referenda
1494 2177 1651 2215 causa
1679 2164 1865 2231 scripsi
1888 2162 1913 2216 ?

302 2244 423 2300 Nisi
468 2249 558 2318 qui
602 2250 803 2304 forsan
830 2251 879 2306 ei
920 2251 1268 2319 eondonent,
1319 2268 1602 2308 assensum
1660 2255 1909 2322 praeben-

308 2346 389 2392 tes
419 2338 503 2394 his
536 2357 657 2412 quae
683 2358 734 2398 e.
769 2344 860 2411 l8,
893 2361 950 2402 η.
984 2346 1037 2413 7,
1066 2345 1341 2416 efﬂagitat,
1377 2347 1661 2418 inquiens:
1686 2347 1907 2402 Putiau-

306 2445 413 2511 ιιιν,
457 2437 684 2507 obsecro,
729 2441 1026 2494 tarditatem
1068 2457 1253 2495 meam.
1299 2441 1382 2496 Ah
1425 2442 1510 2495 his
1547 2441 1710 2512 igitur
1739 2443 1907 2498 absti-

305 2535 542 2590 nendum
581 2532 869 2599 ducimus;
913 2548 1034 2587 nam
1065 2533 1108 2587 si
1135 2534 1256 2604 quis
1282 2534 1497 2589 videtur
1526 2536 1906 2590 contentiosus

305 2643 450 2696 esse,
484 2643 583 2684 nos
608 2629 768 2684 talem
796 2628 1251 2684 consuetudinem
1277 2644 1383 2684 non
1418 2630 1702 2693 habemus,
1734 2645 1907 2702 neque

309 2722 551 2778 Ecclesia
582 2722 675 2776 Dei
709 2721 755 2795 (ι
782 2721 904 2777 Cor.
940 2739 991 2777 χι
1016 2731 1074 2780 et
1101 2720 1234 2794 xw).
1272 2723 1377 2779 Sed
1406 2725 1473 2778 ad
1500 2740 1635 2779 rem.

376 2814 532 2869 Prius
573 2824 755 2870 tauten
783 2830 941 2884 quam
970 2814 1036 2869 ad
1066 2816 1308 2886 singulos
1337 2816 1494 2871 nobis
1522 2816 1769 2886 objectos
1799 2833 1900 2870 no-

303 2909 403 2964 dos
425 2909 714 2964 solvendus
740 2908 1155 2975 descendamus,
1185 2925 1289 2964 una
1314 2911 1588 2965 counnuui
1616 2910 1894 2966 decisione

303 3013 623 3056 cunctorum
639 3000 902 3056 Pennotto
916 3001 1232 3057 satisfacere
1246 3003 1441 3073 placet,
1458 3002 1632 3074 ipsum
1652 3003 1902 3058 nimirum

304 3095 356 3149 in
378 3093 566 3150 eadem
599 3094 884 3151 nobiscum
913 3094 1127 3151 salebra
1159 3097 1388 3160 lunt-ere,
1421 3076 1783 3168 omnibusque
1813 3111 1899 3151 ar-

302 3199 708 3258 gumentorum,
752 3205 873 3259 qua:
916 3190 1111 3263 in‘nos
1152 3189 1419 3246 contorsit
1447 3189 1736 3260 capitibus,
1764 3204 1901 3260 opus

2015 1974 2291 2045 gularibus
2331 1973 2577 2039 historia,
2622 1983 2675 2029 et
2714 1972 3160 2044 qumstiouarium
3191 1970 3273 2043 (ut
3312 1971 3390 2026 sic
3414 1970 3615 2041 dicam)

2014 2066 2209 2122 confici
2255 2076 2471 2136 potest;
2518 2065 2644 2135 quid
2692 2077 2874 2120 autem
2916 2064 3110 2120 borum
3155 2063 3321 2119 fuerit
3359 2078 3424 2118 ex
3469 2063 3612 2135 Stylo

2014 2168 2064 2212 et
2107 2156 2364 2212 methodo
2404 2156 2645 2228 dignosci
2690 2157 2868 2211 debet.
2916 2155 3069 2212 Nune
3112 2171 3240 2211 vero
3279 2155 3454 2226 stylus
3486 2154 3611 2210 libri

2015 2249 2179 2321 hujus
2209 2266 2370 2319 quem
2402 2249 2468 2303 R.
2502 2249 2801 2305 Peunottus
2833 2248 3039 2319 profert
3072 2257 3217 2303 totus
3256 2244 3612 2316 scholasticus

2012 2355 2125 2411 cst;
2161 2346 2411 2416 prepouit
2444 2359 2675 2414 namque
2707 2344 3039 2414 qtncstioncs
3061 2340 3495 2409 etqnaastionunt
3518 2352 3614 2392 va-

2011 2439 2121 2495 rias
2150 2437 2472 2505 sententias,
2505 2436 2572 2491 ad
2596 2451 2729 2506 quas
2754 2433 3070 2491 enodandas
3094 2432 3352 2488 notabilia
3379 2429 3616 2500 priami:-

2013 2534 2111 2601 tit;
2145 2532 2269 2587 inde
2299 2531 2679 2586 conclusiones
2709 2530 2876 2596 elicit,
2902 2540 2955 2583 et
2976 2527 3253 2599 sigillatim
3280 2526 3471 2597 probat
3496 2541 3512 2582 :
3542 2541 3610 2581 ex

2010 2624 2451 2681 Conclusionibus
2494 2637 2897 2692 nonnumquam
2943 2619 3227 2676 corollaria
3271 2617 3511 2685 deducit,
3555 2627 3612 2675 et

2012 2718 2226 2774 tandem
2267 2717 2511 2773 ordinate
2563 2718 2630 2773 ad
2671 2728 2985 2787 argumenta
3035 2713 3369 2785 respondere
3418 2723 3599 2770 curat.

2009 2811 2146 2879 Quid
2177 2810 2259 2865 liis
2290 2821 2344 2865 et
2374 2811 2516 2881 ston
2548 2809 2803 2864 historico
2831 2808 3152 2864 commune?
3173 2805 3333 2863 Certe
3359 2806 3604 2877 quisquis

2010 2905 2227 2959 titulum
2274 2905 2395 2959 libri
2434 2906 2553 2958 sine
2582 2903 2721 2959 libro
2752 2903 2976 2974 legeret,
3010 2904 3056 2958 si
3090 2901 3435 2974 postmodum
3468 2901 3606 2956 liber

2009 2996 2126 3065 ipse
2160 2996 2280 3051 sine
2308 2997 2465 3050 titulo
2496 2994 2564 3050 ad
2595 3010 2790 3050 manus
2820 2995 2939 3066 ejus
2973 2996 3155 3049 forsan
3188 2993 3425 3061 veniret,
3456 3008 3613 3049 num-

2009 3104 2169 3159 quam
2215 3089 2409 3143 adduci
2454 3098 2636 3157 posset
2665 3097 2722 3143 ut
2750 3090 3016 3153 crederet,
3051 3088 3195 3142 hunc
3223 3088 3417 3142 librutn
3451 3087 3611 3141 titulo

2008 3182 2100 3237 illo
2133 3181 2404 3254 promitti,
2436 3191 2529 3236 aut
2558 3181 2685 3236 huic
2716 3181 2859 3237 libro
2890 3181 3099 3236 titulum
3126 3180 3276 3235 illum
3300 3180 3368 3236 ab
3388 3188 3611 3236 auctore

303 3296 456 3337 suum
488 3282 720 3347 irrctiri;
752 3283 893 3353 quod
925 3299 1046 3338 cum
1074 3284 1144 3337 ab
1176 3284 1567 3354 ipsis-liberum
1595 3284 1710 3354 ejus
1739 3286 1893 3340 indu-
1930 3276 1976 3340 C
2011 3277 2350 3348 appositum.
2383 3290 2504 3330 CUI“
2541 3273 2718 3344 Ροιίυε
2746 3283 2893 3328 (ἔδεαι
2923 3288 3019 3343 PFO
3051 3273 3264 3328 ιηθτίιίδ
3293 3287 3610 3342 nuncupan-

302 3377 429 3429 stria
462 3375 781 3443 viderimus,
815 3375 1023 3431 facilius
1055 3375 1216 3432 nobis
1241 3376 1452 3446 objecta
1483 3377 1550 3430 ad
1578 3376 1694 3446 ejus
1714 3391 1897 3431 exem-

304 3468 445 3538 plum
476 3469 769 3523 diluemus.
800 3469 980 3539 Atque
1015 3468 1117 3523 huc
1155 3478 1240 3524 est
1263 3468 1405 3539 quod
1439 3470 1489 3522 in
1523 3469 1900 3539 Superioribus

304 3560 355 3634 (§
388 3560 436 3627 Ι,
469 3578 522 3615 ιι.
554 3561 613 3634 4)
648 3561 1028 3631 promisimus,
1058 3576 1182 3616 eam
1215 3571 1455 3616 statuere
1480 3570 1665 3615 contra
1696 3561 1890 3616 faciem

303 3669 450 3709 suam
476 3693 493 3720 ,
527 3664 586 3708 ut
607 3652 733 3707 dum
761 3667 820 3708 se
844 3653 1047 3708 eisdem
1079 3654 1248 3708 teneri
1275 3652 1500 3707 vinculis
1524 3654 1895 3723 eortSpexerit,

303 3760 331 3800 a
370 3746 532 3801 nobis
569 3746 903 3801 insectandis
947 3747 1195 3801 desistat.
1245 3746 1409 3815 Igitur
1452 3745 1537 3816 (ut
1574 3744 1898 3814 compendio

301 3837 564 3910 dicamus)
591 3839 833 3909 quinque
861 3839 1043 3906 capita
1075 3838 1141 3892 ad
1165 3853 1284 3907 quae
1304 3838 1556 3891 universa
1575 3837 1789 3906 objecta
1812 3853 1900 3891 re-

300 3933 495 3988 ducere
526 3948 820 4003 passumtts
851 3944 1005 3999 sunt,
1038 3934 1097 3987 l°
1133 3931 1320 3986 titulus
1348 3931 1551 4002 operis,
1583 3941 1637 3985 et
1660 3930 1897 3985 auctoris

300 4024 595 4091 intentum;
625 4026 689 4078 2°
721 4025 1186 4080 contradictiones
1218 4024 1615 4079 sententiarum
1638 4032 1692 4077 et
1713 4024 1896 4077 incorr-

301 4118 598 4187 sequentitc
622 4158 637 4183 ,
680 4133 801 4186 Qllic
842 4117 928 4173 vel
968 4116 1310 4172 oscitantiam
1343 4159 1356 4183 ,
1405 4117 1489 4170 vel
1525 4115 1894 4170 diversitatem

298 4221 575 4267 auctorum
616 4220 875 4283 arguunt;
908 4213 970 4266 5°
1000 4211 1331 4266 assertiones
1374 4226 1553 4264 rerum
1599 4209 1895 4265 incredibi-

301 4304 458 4370 lium;
491 4305 559 4358 4“
595 4319 752 4359 voces
792 4318 961 4368 novae,
1009 4303 1201 4374 priscis
1243 4314 1525 4357 auctorum
1561 4302 1895 4373 temporibus

300 4396 605 4462 inusitata);
639 4395 700 4449 5°
734 4395 1004 4451 falsitates
1037 4396 1337 4451 manifestae
1367 4399 1529 4450 docto
1560 4407 1783 4450 auctore
1811 4395 1894 4449 itt-

296 4486 490 4560 dignm.
528 4489 624 4543 llis
652 4489 905 4544 omnibus
947 4489 1324 4543 auctoritatem
1372 4489 1559 4544 borum
1591 4486 1893 4543 Chronico-

295 4597 407 4636 rum
433 4597 701 4637 enervare
728 4582 791 4636 ιι.
825 4582 983 4636 Pater
1008 4582 1309 4647 eoatcndit,
1341 4583 1542 4637 ctenim
1576 4580 1733 4636 titulo
1765 4580 1889 4634 0m-

294 4678 515 4731 uimoda:
534 4675 769 4731 historia:
792 4692 897 4731 nou
923 4676 1356 4746 rorrcspondere
1378 4675 1652 4741 videntur,
1679 4691 1798 4729 cum
1822 4674 1889 4728 de
1917 4657 1971 4717 Ῑ)

296 4770 476 4840 paucis
505 4770 839 4826 mentionem
871 4769 1104 4833 faciant;
1135 4780 1182 4825 et
1225 4770 1275 4824 in
1307 4771 1549 4824 numeris
1575 4784 1639 4823 ac
1667 4779 1888 4824 senten-

295 4863 381 4917 tiis
424 4862 630 4933 passim
670 4864 1164 4934 inconsequentiis,
1209 4861 1540 4917 falsitatibus
1566 4905 1580 4929 ,
1623 4861 1891 4929 rebuSque

295 4956 707 5011 incredibilibus
731 4966 963 5023 scatent,
993 4966 1046 5010 et
1072 4956 1346 5010 multoties
1375 4955 1527 5009 novis
1551 4955 1778 5009 vocibus
1805 4969 1892 5008 or-

293 5052 431 5108 dinis
461 5051 820 5108 cremitarum
851 5051 907 5109 S.
934 5051 1240 5122 Augustini,
1267 5050 1474 5105 ordinis
1500 5052 1559 5104 S.
1589 5049 1887 5118 Benedicti,

292 5153 345 5198 ct
373 5143 645 5199 similibus
671 5153 921 5198 utuntur.
953 5142 1062 5199 Sed
1089 5159 1217 5198 vero
1242 5142 1464 5197 totidem
1492 5142 1541 5196 itt
1566 5157 1722 5195 suum
1749 5156 1884 5210 opus

287 5237 461 5307 jar-nia
490 5246 856 5307 contorquere
885 5237 1181 5308 quemlibet
1212 5251 1373 5306 posse
1403 5251 1499 5292 cur
1529 5237 1645 5306 ipso
1673 5250 1779 5289 non
1806 5235 1885 5290 vi-

290 5332 413 5387 det?
441 5331 593 5401 Opus
624 5331 892 5401 siquidem
924 5330 1185 5399 imprimis
1226 5332 1382 5384 titulo
1421 5344 1524 5385 neu
1568 5327 1882 5399 respondet.

290 5424 478 5480 Nonne
509 5425 695 5480 titulus
723 5426 871 5496 operi
898 5428 1152 5495 praefixos
1184 5424 1288 5493 est,
1316 5423 1587 5502 Generalis
1617 5426 1773 5478 totius
1796 5440 1884 5477 sa-

290 5519 362 5572 cri
387 5519 589 5573 ordinis
616 5517 925 5572 clericorum
949 5519 1316 5571 cauonirorum
1341 5518 1559 5571 historia
1590 5518 1888 5589 tripartito?

290 5610 582 5668 Crederem
627 5627 690 5666 ex
735 5611 878 5666 tituli
909 5612 1139 5667 lectione
1171 5625 1277 5665 non
1309 5610 1482 5665 solum
1525 5610 1577 5664 in
1606 5625 1771 5680 opere
1801 5609 1886 5681 agi

293 5705 358 5762 de
386 5707 667 5761 canonicis
698 5706 1066 5778 regularibus,
1096 5706 1188 5761 sed
1219 5706 1383 5761 etiam
1412 5706 1478 5761 de
1507 5706 1883 5774 sarcularibus,

296 5810 400 5857 tam
443 5801 590 5854 enim
636 5800 710 5866 hi,
754 5815 915 5870 quam
961 5800 1041 5854 illi
1081 5799 1265 5855 clerici
1297 5800 1546 5854 canonici
1574 5810 1720 5866 sunt,
1754 5800 1887 5854 alte-

299 5907 522 5972 ramque
562 5908 633 5954 ex
678 5893 873 5971 triplici
906 5893 1142 5954 historiae
1172 5893 1483 5971 partitione,
1514 5904 1572 5955 ut
1603 5894 1883 5955 minimum

2006 3370 2141 3435 dus,
2184 3366 2398 3421 Genesis
2443 3365 2799 3437 metaphysica
2845 3364 3215 3419 canonicorum
3258 3364 3611 3436 regularium;

2003 3460 2238 3527 Genesis,
2272 3462 2490 3532 inquam
2512 3500 2526 3526 ,
2558 3462 2684 3531 quia
2713 3460 2781 3515 de
2811 3458 3083 3529 spirituali
3107 3457 3367 3528 progenie
3387 3471 3604 3512 eorum-

2002 3556 2124 3609 dctn
2155 3552 2431 3608 edisserit.
2464 3549 2827 3622 Metaphysica
2868 3564 3000 3604 vero
3020 3589 3035 3616 ,
3067 3547 3323 3619 quoniam
3355 3548 3601 3618 procedit

2003 3664 2099 3717 per
2135 3646 2427 3701 altissimas
2463 3660 2678 3709 causas,
2723 3641 3162 3715 quandoquidem
3192 3657 3222 3695 a
3256 3641 3367 3697 Deo
3398 3641 3517 3709 ipso
3545 3651 3606 3697 et

2004 3741 2167 3794 totius
2191 3736 2510 3792 Christiana:
2536 3734 2814 3806 religionis
2838 3732 3168 3804 primoribus
3187 3731 3391 3796 causis,
3416 3730 3467 3785 id
3493 3740 3600 3799 est,

2001 3833 2199 3888 Christi
2235 3831 2444 3885 Domini
2477 3829 2759 3900 apostolis,
2784 3828 3028 3882 ordinem
3055 3827 3204 3881 illurn
3227 3824 3459 3894 (mpisse
3483 3839 3607 3895 per-

2002 3926 2178 3990 hibet;
2221 3934 2276 3978 et
2315 3938 2723 3992 nonnumquam
2761 3918 3189 3975 Christianitatis
3225 3927 3399 3973 metas
3439 3932 3603 3972 exce-

1999 4018 2156 4084 dens,
2200 4034 2228 4071 a
2258 4016 2529 4072 Nazarmis
2559 4025 2611 4071 ct
2643 4013 2843 4070 Levitis
2874 4012 3072 4069 veteris
3101 4000 3471 4082 Legis'ortutn
3503 4010 3604 4066 du-

1997 4128 2125 4169 cere
2166 4111 2466 4179 contendit,
2510 4112 2667 4181 eique
2705 4106 3010 4178 antiquitati
3053 4108 3237 4163 favere
3282 4106 3342 4160 D.
3373 4105 3598 4161 Paulum

1997 4227 2119 4266 cum
2150 4209 2215 4264 ad
2249 4209 2506 4264 Hebraeos
2538 4207 2727 4263 scribit
2758 4206 2902 4279 (vide
2932 4204 3027 4259 lib.
3060 4219 3101 4258 ιι
3125 4202 3276 4273 Trip.
3306 4200 3364 4274 2)
3393 4218 3407 4255 :
3439 4201 3601 4273 idque

1998 4306 2493 4365 controversiarum
2523 4308 2574 4361 iu
2606 4320 2836 4370 morem,
2870 4312 2931 4359 ut
2958 4300 3312 4374 metaphysici
3339 4300 3597 4354 assolent.
3642 4352 3645 4359 ,

1996 4404 2329 4473 Quamquam
2346 4412 2400 4457 ct
2430 4402 2483 4457 ιιι
2514 4402 2631 4472 ipso
2658 4399 3108 4455 scholasticorum
3129 4396 3273 4467 stylo
3299 4401 3490 4449 auctor
3513 4407 3601 4448 sa-

1997 4497 2064 4549 tis
2095 4493 2343 4561 excedat,
2376 4492 2518 4561 quod
2550 4492 2627 4547 illi
2658 4504 3018 4548 censurarutn
3061 4497 3216 4543 notas
3244 4485 3599 4542 vehementer

1994 4586 2345 4655 abhorreant,
2378 4584 2465 4641 hic
2491 4600 2617 4640 vero
2649 4585 2893 4639 vivorum
2915 4591 2970 4637 et
2998 4587 3330 4635 mortuorum
3364 4577 3587 4633 univer-

1996 4682 2162 4737 salcm
2207 4694 2526 4745 censorem,
2571 4679 2730 4733 etiam
2777 4677 2831 4731 in
2871 4675 3034 4731 rebus
3073 4670 3398 4738 levissimis,
3438 4682 3595 4742 agat;

1994 4774 2228 4829 aliorum
2270 4773 2413 4829 dicta
2458 4773 2621 4827 modo
2656 4772 2769 4826 suis
2807 4785 2913 4826 non
2955 4769 3320 4835 conforment,
3353 4780 3594 4837 errores,

1995 4879 2181 4940 turpes
2218 4869 2435 4940 lapsus,
2468 4867 2667 4923 stolida
2700 4874 3030 4931 commenta,
3064 4862 3339 4919 luculenta
3373 4861 3597 4918 menda-

1994 4964 2076 5018 cia
2105 5004 2119 5028 ,
2166 4972 2353 5017 contra
2396 4975 2608 5016 sacram
2652 4959 3029 5028 Seripturanr,
3074 4965 3262 5012 contra
3307 4954 3593 5011 historiam

1978 5053 2379 5123 Evangelicam
2425 5052 2724 5121 szepissime
2760 5064 2961 5105 vocans
2989 5065 3005 5104 :
3038 5047 3370 5119 eosdemque
3409 5052 3595 5100 aucto-

1994 5160 2083 5200 res
2127 5159 2270 5198 nune
2313 5143 2378 5197 ad
2427 5143 2532 5197 ima
2573 5142 2887 5209 demittens,
2930 5156 3074 5198 nunc
3110 5139 3178 5195 ad
3223 5138 3393 5195 cmlos
3424 5152 3593 5207 usque

1993 5237 2310 5303 sustollens,
2342 5244 2501 5306 prout
2531 5237 2637 5292 sibi
2667 5234 2850 5291 favere
2877 5235 2962 5291 vel
2993 5234 3215 5291 officere
3242 5232 3478 5289 videbat.
3502 5231 3593 5288 Sic

1994 5332 2145 5390 card.
2196 5333 2506 5397 Baronium,
2540 5333 2662 5387 data
2704 5346 2867 5401 opera
2896 5330 3017 5403 (lib.
3060 5347 3097 5395 ι,
3130 5345 3249 5399 cap.
3282 5329 3378 5398 42)
3407 5329 3590 5387 decies

1996 5427 2204 5498 lapsum
2251 5426 2303 5481 in
2353 5426 2577 5480 historia
2619 5423 2909 5497 Augustini
2944 5421 3261 5489 contendit,
3298 5423 3593 5494 multisque

1995 5521 2287 5578 ostendere
2329 5531 2577 5588 conatur,
2617 5521 2681 5575 ad
2719 5518 3003 5591 Augustini
3043 5517 3422 5573 monachatum
3465 5531 3592 5587 pro-

1994 5614 2229 5671 bandutn
2261 5616 2439 5672 debile
2487 5616 2647 5672 nimis
2679 5615 3083 5671 fundamentum
3115 5613 3170 5669 in
3200 5611 3318 5682 ejus
3344 5611 3584 5668 attctori~

1993 5717 2102 5766 tate
2130 5711 2329 5780 locari;
2364 5716 2703 5785 postmodum
2735 5728 2860 5767 vero
2890 5712 2982 5767 lib.
3009 5726 3067 5777 ιι,
3093 5725 3142 5766 c.
3170 5707 3236 5764 l0
3257 5717 3312 5765 ct
3332 5711 3422 5773 54,
3449 5707 3587 5764 tanti

1990 5816 2113 5858 cum
2146 5804 2296 5871 facit,
2331 5816 2386 5861 ut
2426 5807 2541 5878 ejus
2563 5808 2836 5862 dumtaxat
2870 5806 3189 5864 auctoritate
3220 5820 3310 5862 res
3338 5803 3584 5875 ejusdem

1991 5899 2273 5969 momenti,
2307 5897 2358 5957 id
2388 5908 2500 5969 cst,
2531 5901 2907 5959 eanonicatum
2952 5901 3252 5975 regularem
3281 5898 3341 5961 S.
3375 5899 3589 5963 Martini
