4062 6340
486 343 595 404 605

1362 328 1683 410 FLAVIUS
1720 350 1971 410 LUClUS
2010 346 2298 407 DEXTER
2335 342 2868 409 CllRONOLOGUS.

3693 355 3798 418 ΒΜ

486 459 825 519 Turonensis
873 468 927 518 et
974 461 1035 519 S.
1089 461 1302 521 Patritii
1366 465 1801 523 lliberniensium
1859 467 2089 540 apostoli
2116 467 2166 527 Α
2196 467 2250 519 in
2295 465 2609 521 alterutram
2650 475 2856 537 partem
2904 468 3220 538 scribendi;
3263 471 3332 529 de
3369 472 3578 545 judicio
3616 489 3797 540 autem

488 558 650 629 (quos
685 565 865 615 tamen
907 572 1096 615 eorum
1139 558 1537 631 chronographi
1569 563 1864 618 monachos
1892 577 2084 635 perpe-

490 657 582 705 tuo
609 651 888 723 vocarunt)
920 652 1298 726 undecumque
1324 664 1637 711 constantes
1664 656 1789 713 esse
1814 658 1968 713 velit.
1995 658 2085 715 Sic

490 742 587 800 Fr.
622 745 1009 817 Hieronymum
1046 747 1348 804 Romanum
1382 750 1465 819 (ut
1491 749 1629 806 alios
1664 750 1932 827 omittam)
1960 768 2082 809 cum

485 840 844 897 eremitarum
873 856 1090 897 causam
1128 854 1455 913 prOpugnat,
1482 845 1681 901 nullius
1712 846 1865 916 pretii
1896 845 2081 913 habet,

484 940 543 988 et
582 932 936 988 nihilominus
981 932 1074 989 lib.
1117 948 1180 1000 tt,
1216 948 1265 989 c.
1316 935 1403 1002 l0,
1437 944 1609 992 totum
1637 938 1971 1008 gravissima:
1998 952 2086 992 as-

484 1023 739 1080 sertionis
771 1025 979 1094 pondus
1007 1024 1074 1080 de
1099 1027 1421 1084 canonicatu
1461 1030 1517 1085 8.
1557 1029 1747 1086 llilarii
1784 1031 2084 1089 Pictavien-

487 1116 564 1173 sis
602 1119 769 1174 solius
807 1134 944 1189 pene
982 1119 1211 1177 Romani
1244 1122 1490 1181 humeris
1521 1127 1766 1197 imponit.
1798 1126 1886 1184 Sic
1915 1127 2085 1205 Fran-

486 1208 691 1265 ciscum
720 1212 842 1267 Pisa
874 1212 1227 1271 vehementer
1257 1215 1458 1283 laudat,
1490 1218 1618 1275 dum
1648 1235 1713 1276 ex
1743 1220 1962 1279 nomine
1991 1222 2086 1277 ab-

482 1299 623 1357 batis
646 1318 751 1357 non
775 1301 912 1359 bene
935 1303 1121 1360 inferri
1142 1308 1359 1376 asserit,
1384 1308 1672 1381 Agaliense
1695 1315 2080 1371 monasterium

485 1392 657 1450 fuisse
701 1394 1071 1453 Benedictinis
1111 1399 1316 1470 regulis
1356 1404 1723 1475 mancipatum
1768 1424 1783 1464 :
1830 1409 2081 1467 eumdem

486 1501 618 1544 vero
656 1488 1062 1560 reprobandum
1102 1490 1170 1546 ab
1211 1493 1464 1551 omnibus
1491 1497 1796 1564 contendit,
1829 1502 1974 1573 quod
2001 1503 2083 1560 di-

483 1580 624 1636 xerit
654 1581 876 1639 minime
903 1599 971 1639 ex
1003 1598 1069 1640 ea
1105 1586 1325 1642 nomine
1351 1586 1563 1659 haberi,
1597 1589 1765 1649 fuisse
1792 1598 2083 1655 canonico-

482 1689 603 1731 rum
644 1673 701 1732 8.
752 1675 1068 1748 Augustini,
1127 1688 1183 1735 et
1224 1689 1393 1737 totum
1433 1685 1537 1739 hoc
1566 1684 1729 1743 simul
1784 1690 1836 1746 in
1887 1692 2079 1750 eodem

484 1766 580 1825 lib.
612 1781 662 1825 c.
692 1768 757 1824 51
778 1769 1058 1840 scribit,n.
1078 1770 1135 1839 9,
1162 1772 1248 1830 ιο.
1268 1772 1409 1831 Sane
1436 1775 1705 1848 ejusmodi
1734 1781 2078 1857 inaequalitas

485 1861 611 1935 styli
653 1870 761 1917 tam
802 1877 831 1915 a
875 1862 1119 1933 probatis
1162 1866 1500 1925 scholasticis
1527 1871 1684 1945 longe
1722 1887 1826 1947 est,
1859 1896 2019 1951 quam
2052 1901 2080 1940 a

482 1951 626 2010 libro
654 1954 843 2011 titulus
868 1955 1013 2013 libri.
1744 1962 1747 1967 ’

564 2046 754 2104 Utrum
800 2057 979 2105 autem
1030 2066 1316 2111 censorem
1367 2072 1583 2132 quoque
1630 2062 1749 2134 ipse
1792 2066 1903 2139 jam
1951 2070 2079 2129 olim

484 2141 747 2215 priusque
774 2142 970 2201 librum
997 2147 1280 2217 scriberet,
1314 2149 1584 2222 habuerit,
1617 2154 1801 2215 forsan
1831 2162 1947 2233 ipse
1972 2181 2079 2222 non

482 2237 741 2306 attendit,
774 2253 898 2294 cum
933 2248 1114 2297 tamen
1143 2243 1198 2299 in
1230 2244 1419 2315 primis
1451 2249 1701 2319 ejusdem
1730 2254 1874 2311 loliis
1904 2260 2081 2315 omni-

482 2330 586 2387 bus
642 2332 922 2403 legendam
962 2336 1201 2406 przebeat
1238 2354 1522 2398 censuram
1578 2346 1757 2417 magni
1786 2349 2082 2409 Ecclesia:

481 2422 658 2482 Patris
704 2426 842 2483 Sixti
886 2427 976 2497 IV,
1028 2445 1134 2502 qua
1172 2443 1322 2489 motu
1364 2450 1464 2492 suo
1501 2440 1751 2512 proprio,
1793 2457 1882 2499 an.
1916 2443 2077 2507 Dom.

484 2512 662 2587 “84,
706 2520 848 2593 apud
892 2519 952 2577 8.
985 2520 1207 2579 Petrum
1238 2527 1491 2597 expedito
1521 2529 1662 2601 (ejus
1694 2533 1904 2592 initium
1929 2578 1944 2603 ,
1981 2540 2082 2607 Qui

483 2609 749 2682 Apostolis
776 2612 1043 2686 praecepit)
1076 2615 1343 2687 ejusmodi
1375 2618 1445 2676 de
1473 2620 1625 2678 libris
1657 2624 1816 2696 hujus
1847 2630 2080 2701 subjecti

480 2702 586 2761 fert
616 2702 882 2776 judicium
930 2725 943 2762 :
986 2706 1131 2764 Sane
1169 2726 1269 2765 non
1311 2712 1425 2767 sine
1451 2716 1641 2771 mentis
1672 2727 1860 2775 nostra:
1889 2720 2080 2795 displi-

479 2796 652 2851 centia
691 2798 968 2871 singulari,
1003 2800 1198 2871 pluries
1229 2804 1346 2875 jam
1374 2805 1574 2862 dudum
1600 2810 1670 2863 ad
1698 2821 1929 2868 nostrum
1959 2834 2077 2887 per-

479 2889 616 2944 venit
646 2891 882 2946 auditum
902 2938 917 2963 ,
949 2895 1087 2965 quod
1115 2895 1247 2951 inter
1271 2898 1485 2953 dilectos
1511 2902 1650 2970 filios
1680 2907 1961 2963 canonicos
1990 2927 2077 2967 re-

475 2982 680 3053 gulares
721 2985 917 3040 ordinis
959 2987 1023 3044 S.
1062 2988 1343 3063 Augustini
1373 2998 1785 3068 congregationis
1815 2999 2066 3060 Lateran.

472 3082 518 3128 et
550 3072 647 3130 Fr.
681 3078 878 3134 ordinis
904 3083 1232 3138 eremitarum
1261 3086 1495 3159 ejusdem
1524 3089 1588 3144 Β.
1604 3092 1905 3165 Augustini,
1934 3118 2074 3171 quie-

481 3165 605 3221 dam
632 3170 801 3225 minus
832 3176 1149 3246 necessaria,
1176 3179 1444 3251 minusque
1473 3183 1753 3243 laudabilis
1783 3204 2077 3250 cantrorcr-

2187 556 2468 615 Pontiﬁcis
2511 558 2817 631 theologice
2862 566 2945 634 (ut
2986 562 3066 619 sic
3106 564 3322 639 loquar)
3350 568 3406 624 in
3452 570 3627 627 libros
3652 574 3799 645 ejus-

2187 651 2333 707 modi
2378 651 2519 717 lato,
2561 668 2670 724 quo
2709 654 2918 710 scilicet
2958 670 3056 711 eos
3102 661 3319 715 censuit
3356 668 3797 725 controversiam

2191 746 2371 802 minus
2400 747 2764 803 neceSsariam
2795 750 3113 818 continere;
3160 755 3520 827 auctoresque
3566 774 3674 816 non
3706 776 3798 817 ve-

2185 841 2321 896 ritos
2367 854 2491 898 esse
2540 856 2636 897 cos
2682 841 2853 898 libros
2897 858 3065 916 super
3113 846 3423 918 hujusmadi
3470 851 3793 910 levitatibus
3859 904 3863 906 ν

2184 948 2535 1004 componere,
2567 950 2675 990 non
2701 936 2821 992 sine
2845 938 3102 993 seandalo
3127 948 3178 995 et
3204 943 3611 1011 perturbatione
3632 961 3791 1003 men-

2156 1028 2320 1083 itium
2356 1028 2685 1101 legentium,
2721 1030 3059 1105 proindeque
3096 1037 3507 1094 contentionem
3550 1054 3676 1097 esse
3705 1058 3798 1098 su-

2186 1137 2600 1194 pervacaneam,
2628 1139 2691 1180 ac
2720 1134 2827 1180 tam
2856 1141 3083 1184 enorme
3116 1127 3327 1186 facinus
3369 1140 3425 1188 et
3462 1134 3801 1203 periculosas

2184 1218 2565 1274 contentiones
2600 1218 2669 1275 de
2710 1220 2891 1276 medio
2935 1223 3251 1279 tollendas:
3294 1228 3365 1283 de
3392 1228 3515 1293 hac,
3540 1229 3795 1302 inquam,

2184 1324 2435 1379 censura,
2462 1321 2519 1368 et
2539 1311 2747 1383 judicio
2772 1315 2971 1370 summi
3000 1314 3300 1385 Pontificis,
3330 1319 3468 1375 nihil
3499 1322 3576 1377 illi
3609 1322 3799 1380 dicere

2188 1416 2499 1480 potuerunt,
2524 1423 2649 1465 cum
2695 1408 2799 1466 hoc
2826 1425 2933 1467 non
2974 1413 3041 1468 ad
3066 1412 3179 1483 jus,
3211 1413 3308 1470 sed
3334 1415 3402 1471 ad
3442 1414 3646 1473 factum
3675 1434 3804 1489 pcr-

2185 1504 2378 1571 tineat,
2402 1502 2469 1559 de
2495 1518 2603 1575 quo
2626 1514 2806 1560 tamen
2831 1507 3117 1577 perspicue
3139 1516 3375 1577 constat,
3401 1520 3802 1582 perseverante

2184 1597 2439 1653 nimirum
2464 1598 2719 1668 exemplo
2750 1599 3129 1670 praedictarum
3160 1602 3461 1660 litterarum
3479 1606 3800 1663 authentico

2184 1688 2236 1744 in
2264 1688 2483 1745 archiva
2523 1689 2837 1746 monasterii
2872 1689 2932 1745 8.
2962 1690 3143 1747 Mariis
3182 1681 3251 1750 de
3275 1693 3434 1762 Pace,
3467 1702 3525 1752 ut
3560 1696 3679 1769 ipsc
3706 1695 3800 1771 qui

2182 1794 2277 1838 eas
2304 1781 2510 1852 profert
2535 1781 2836 1839 Pennottus
2866 1783 3089 1841 fatetur.

2115 1870 2161 1932 B
2222 1874 2517 1948 _Nequivit
2547 1877 2713 1949 igitur
2751 1879 3129 1936 universorum
3187 1894 3387 1937 censor
3428 1880 3560 1938 tanti
3600 1882 3799 1939 Ponti-

2188 1967 2304 2025 llcis
2329 1983 2619 2025 censuram
2647 1969 2909 2042 eil'ugere,
2943 1986 3109 2043 quem
3140 1981 3322 2029 tamen
3355 1973 3605 2031 canonici
3630 1975 3798 2032 Late-

2184 2076 2445 2118 ranenses
2487 2063 2711 2133 speciali
2753 2062 2959 2120 affectu
3014 2065 3254 2122 revereri
3305 2065 3547 2135 debent,
3601 2077 3794 2139 utpote

2184 2155 2340 2225 cujus
2370 2155 2516 2211 dono
2543 2156 2857 2228 acceperint
2895 2158 3198 2215 Ecclesiam
3225 2159 3283 2216 8.
3327 2160 3512 2218 Mariae
3543 2163 3613 2218 de
3644 2162 3794 2221 Pace

2184 2261 2342 2318 quam
2376 2248 2538 2304 modo
2567 2247 2909 2319 inhabitant,
2944 2265 3068 2307 cum
3103 2253 3155 2306 vi
3185 2251 3378 2322 Populi
3404 2252 3562 2311 Rom.
3598 2269 3631 2311 e
3672 2252 3792 2312 La-

2186 2339 2464 2395 terancnsi
2510 2339 2738 2396 Basilica
2784 2348 2972 2397 essent
3008 2342 3187 2413 ejeeti.
3233 2342 3349 2412 Qua
3382 2343 3452 2400 de
3478 2360 3539 2401 re
3568 2346 3787 2417 profert

2182 2432 2303 2502 ipse
2325 2432 2624 2488 Pennottus
2650 2433 2993 2491 Pontificium
3015 2435 3157 2491 Sixti
3183 2435 3427 2507 diploma
3444 2438 3537 2494 lib.
3562 2454 3643 2504 ιιι.
3659 2454 3787 2511 cap.

2183 2525 2253 2583 55
2281 2541 2431 2581 num.
2457 2527 2511 2582 5.
2540 2525 2648 2587 Sed
2673 2542 2805 2585 vero
2838 2528 3069 2583 naturali
3093 2528 3195 2585 viri
3226 2529 3544 2587 acrimonia:
3567 2532 3789 2589 donan-

2182 2617 2310 2674 dum
2333 2627 2447 2684 est,
2488 2619 2535 2674 si
2569 2620 2693 2691 quis
2727 2621 2781 2675 in
2806 2623 3057 2677 censuris
3085 2624 3290 2692 passim
3322 2622 3563 2682 ferendis
3590 2638 3790 2683 exces-

2183 2725 2278 2767 sus
2302 2712 2353 2767 in
2380 2712 2647 2782 tripertita
2677 2712 2957 2784 ejusmodi
2982 2724 3233 2786 repertus
3258 2718 3459 2785 fuerit;
3484 2722 3615 2778 satis
3634 2723 3786 2779 enim

2182 2805 2253 2863 de
2281 2807 2366 2877 pia
2394 2806 2563 2879 ipsius
2594 2807 2876 2866 voluntate
2897 2811 3055 2866 nobis
3079 2820 3316 2879 constat,
3336 2814 3785 2885 quandoquidem

2185 2902 2477 2959 lectoribus
2523 2903 2802 2960 universis
2845 2905 3079 2975 primum
3130 2908 3375 2963 omnium
3430 2910 3683 2981 promisit
3728 2911 3785 2968 in

2179 2993 2403 3066 prologo
2438 3010 2535 3065 pro
2579 2995 2787 3051 viribus
2817 3008 3140 3054 cenaturum
3183 2999 3464 3057 abstinere
3487 3017 3516 3057 a
3548 3003 3783 3061 lacsoriis

2180 3098 2235 3143 et
2252 3089 2513 3144 conviciis
2541 3088 2593 3143 in
2621 3088 2971 3146 adversarios
2991 3092 3357 3162 congerendis
3383 3136 3398 3160 ,
3440 3096 3665 3167 solaque
3689 3111 3783 3153 ra-

2185 3180 2328 3236 tione
2353 3182 2649 3250 periculum
2675 3183 2945 3239 facturum
2964 3227 2979 3251 ,
3003 3185 3161 3256 cujus
3194 3196 3373 3244 tamen
3399 3190 3780 3259 promissionis

473 3259 553 3314 sia
600 3260 873 3332 pullulare
914 3269 1086 3338 erepit,
1116 3271 1180 3324 de
1208 3272 1373 3340 ipsius
1409 3278 1797 3345 prtcclarissimi
1827 3284 2072 3345 Ecclesia:

2184 3274 2384 3331 oblitus
2410 3290 2590 3331 acrem
2622 3275 2826 3348 stylum
2857 3286 3170 3350 temperare
3203 3294 3310 3335 non
3343 3283 3515 3337 valuit
3542 3302 3555 3339 :
3582 3284 3783 3341 multo-

476 3352 700 3409 doctoris
745 3357 1029 3429 Augustini
1066 3359 1248 3419 habitu
1288 3382 1352 3421 ac
1388 3367 1452 3423 de
1489 3372 1713 3443 pictura,
1745 3386 1798 3431 et
1825 3380 2068 3437 ordinum

472 3446 776 3519 hujusmodi
798 3450 1144 3525 institutione,
1173 3467 1323 3527 parte
1341 3462 1566 3533 qualibet
1591 3466 1934 3527 diversimode
1954 3492 2072 3531 sen-

468 3541 648 3609 tiente,
680 3560 742 3598 ac
776 3546 1119 3618 prwdicante,
1155 3568 1245 3607 nec
1268 3555 1415 3610 veriti
1440 3568 1563 3612 sunt
1594 3560 1754 3619 libros
1779 3581 1937 3637 super
1966 3567 2071 3625 Itu-

464 3635 707 3707 jusmodi
748 3635 1041 3696 levitatibus
1075 3659 1412 3719 componere,
1446 3667 1633 3723 easque
1661 3635 1855 3727 legere,
1879 3671 1925 3715 et
1953 3665 2074 3720 aliis

470 3726 718 3800 legendas
749 3733 985 3803 tradere,
1034 3753 1137 3792 non
1179 3741 1293 3795 sine
1330 3746 1581 3801 seandalo
1611 3759 1657 3804 et
1687 3726 2073 3821 perturbatione

468 3821 721 3877 mentium
758 3822 1035 3897 legentiunt
1074 3841 1125 3886 et
1162 3834 1387 3890 aliarum
1434 3837 1627 3895 Christi
1664 3843 1935 3917 fidelium;
1980 3869 2070 3925 per

462 3913 682 3984 ineptias
711 3917 1031 3992 hujusmodi,
1058 3940 1184 3994 quos
1212 3924 1321 3981 Deo
1351 3928 1653 4004 lucrifacere
1666 3913 1925 4009 deberent,
1944 3913 2068 4015 per-

477 4005 599 4062 dere
626 4007 891 4080 festinant.
938 4012 1051 4068 Nos
1082 4017 1400 4076 attendentes
1431 4025 1570 4096 quod
1600 4005 1954 4088 clarissimatu
1970 4034 2073 4090 Ec-

464 4097 637 4156 clesite
665 4102 835 4158 lumen
865 4107 1213 4177 Augustinum
1232 4124 1421 4184 prtuter
1450 4119 1766 4194 episcopalis
1794 4127 2070 4199 dignitatis

458 4191 691 4246 habitum
717 4192 883 4249 alium
908 4209 1158 4269 gestasse,
1184 4216 1276 4258 aut
1303 4211 1616 4278 professioni
1631 4191 1834 4270 aliena:
1852 4191 1921 4273 'se
1946 4222 2069 4275 sub-

456 4286 680 4355 jecisse,
716 4297 806 4342 aut
848 4292 1137 4363 affirmare,
1174 4307 1263 4352 aut
1303 4317 1513 4374 negare,
1545 4307 1614 4360 ad
1639 4325 1743 4363 rem
1770 4328 1871 4367 non
1902 4317 2067 4386 perti-

469 4385 575 4443 uet,
611 4377 711 4431 nisi
735 4393 985 4451 quantum
1012 4394 1269 4444 contentio
1298 4410 1682 4464 superracattea
1709 4377 1964 4478 aucupari
1990 4408 2071 4463 ni-

467 4466 621 4535 titur,
650 4486 711 4524 ac
743 4479 847 4527 tam
870 4490 1077 4532 enorme
1106 4480 1331 4551 facinus,
1359 4494 1406 4540 et
1433 4492 1750 4559 periculosas
1779 4466 2068 4556 contentio-

468 4578 558 4616 nes
599 4563 664 4619 de
703 4566 872 4622 medio
911 4569 1089 4628 tollere
1124 4584 1176 4630 et
1213 4579 1416 4649 penitus
1460 4587 1746 4658 exstirpare
1783 4592 2004 4650 volentes
2048 4612 2065 4650 :

2181 3383 2285 3439 que
2320 3367 2500 3421 aerius
2539 3367 2899 3437 probaremus
2930 3384 3095 3440 apus,
3130 3371 3237 3428 nisi
3262 3373 3492 3430 Romani
3525 3376 3770 3448 magistri

2178 3460 2320 3515 sacri
2363 3460 2546 3532 palatii
2576 3460 2798 3516 solertia
2832 3462 3147 3533 priusquam
3190 3467 3332 3537 typis
3371 3465 3671 3524 cuderetur
3723 3470 3776 3525 in

2178 3553 2362 3610 multis
2393 3560 2749 3626 temperatum
2774 3563 2941 3613 esset.
2984 3556 3093 3614 Sed
3120 3558 3184 3613 ad
3209 3557 3415 3632 reliqua
3443 3561 3625 3633 capita
3648 3575 3776 3634 pro-

2177 3647 2459 3704 cedamus.

2180 3808 2208 3880 §
2261 3808 2348 3865 1V.
2406 3806 2693 3863 Nonnulla:
2723 3806 3417 3881 Pennattiinrausequentiw
3443 3809 3769 3884 detegantur.

2250 3945 2405 4016 Quod
2433 3945 2499 4002 atl
2529 3946 3037 4019 inconsequentias,
3078 3947 3165 4002 vel
3203 3947 3596 4003 sententiarum
3645 3962 3773 4005 con-

2174 4039 2477 4097 trarietates
2507 4050 2737 4111 spectat,
2772 4042 2967 4113 quibus
2998 4040 3307 4098 Chronicon
3350 4049 3595 4097 nostrum
3639 4056 3767 4113 spu—

2174 4134 2311 4189 riuai
2354 4134 2649 4191 ostendere
2703 4142 2975 4199 conatur,
3031 4148 3166 4204 rogo
3226 4132 3463 4190 lectores
3504 4134 3766 4192 candidos

2172 4226 2454 4299 judicent,
2485 4236 2744 4299 quantum
2797 4226 2997 4299 negotii
3032 4226 3136 4281 hoc
3181 4226 3359 4297 ipsum
3395 4239 3769 4297 argumentum

2174 4323 2402 4377 facessat
2428 4320 2717 4388 Pennotto,
2748 4321 2801 4376 in
2831 4322 2986 4391 cujus
3014 4335 3180 4392 opere
3212 4319 3541 4378 breviusculi
3565 4331 3772 4391 tempo-

2176 4416 2250 4471 ris
2271 4416 2480 4484 studio,
2516 4415 2782 4486 ejusmodi
2813 4418 2991 4485 reperi
3032 4414 3521 4471 eomradiCtiones.
3559 4415 3674 4473 Lib.
3703 4432 3765 4485 tt,

2172 4523 2292 4580 cap.
2325 4510 2424 4575 75,
2453 4526 2604 4568 num.
2630 4509 2683 4575 2,
2715 4509 2911 4566 asserit
2937 4551 2952 4578 ,
2983 4508 3231 4565 ordinem
3267 4510 3627 4566 sanctissima:
3650 4509 3769 4566 Tri-

2175 4602 2361 4657 nitatis
2408 4601 2819 4671 Redemptiouis
2859 4602 3202 4673 captivorum
3249 4602 3319 4659 ab
3353 4601 3671 4659 Innocentio
3703 4601 3765 4659 Ill
3800 4658 3803 4661 .

468 4664 611 4709 metu
636 4660 868 4762 propria,
901 4673 1000 4717 etc.
1017 4664 1312 4768 ⁸8ιιιιίιι1ὶξιί
1338 4682 1917 4742 excommunicationis
1940 4686 2065 4744 lata:
2096 4664 2147 4727 Ῐ)
2173 4696 2553 4752 confirmatum
2582 4696 2746 4752 fuisse
2767 4712 2907 4751 anno
2942 4697 3080 4753 120')
3104 4741 3120 4766 ,
3149 4699 3331 4770 capite
3357 4714 3490 4755 vero
3518 4697 3766 4769 sequenti

466 4749 752 4849 sententia:
776 4766 991 4821 prauam
1016 4754 1069 4811 in
1094 4773 1212 4827 eos,
1243 4764 1332 4834 qui
1359 4768 1579 4838 scriptis
1603 4773 1788 4842 editis,
1818 4778 1902 4832 vel
1930 4796 2067 4849 quo-

468 4836 551 4894 vis
594 4839 705 4896 alio
749 4843 909 4900 modo
941 4848 1256 4915 alterutram
1301 4836 1505 4926 partem
1550 4836 1865 4933 defendant,
1898 4836 2061 4943 alque

467 4943 825 5003 praeterquam
864 4939 916 4994 in
961 4944 1148 4999 mortis
1186 4948 1414 5005 articulo
1444 4967 1472 5006 a
1501 4954 1620 5011 solo
1654 4955 1898 5017 Romano
1926 4939 2065 5020 Pon-

467 5025 615 5121 tiliae
660 5029 868 5099 possint
909 5032 1139 5093 absolvi.
1174 5037 1292 5097 Non
1336 5060 1420 5100 me
1449 5046 1577 5103 latet
1615 5053 2060 5121 gravissimorum

467 5117 845 5193 theologorum
889 5125 1398 5192 Salmanticensium
1432 5117 1695 5209 judicium
1740 5146 1927 5217 fuisse,
1970 5152 2062 5209 de-

463 5222 672 5270 cretum
723 5216 1053 5293 hujusmodi,
1095 5235 1189 5281 aut
1232 5245 1526 5303 numquam
1566 5238 1937 5312 observatum,
1974 5256 2066 5302 aut

462 5302 573 5374 jam
614 5306 707 5367 ditt
738 5325 836 5380 per
875 5317 1204 5372 contrariam
1248 5327 1693 5385 consuetudinem
1728 5346 2060 5405 revocatum,

465 5413 563 5452 nec
603 5400 672 5456 ab
711 5401 776 5457 iis
816 5403 1142 5465 dissensisse
1174 5410 1447 5470 illusrriss.
1480 5420 1784 5480 cardinales
1821 5428 1877 5483 S.
1909 5400 2053 5485 Con;

461 5494 795 5564 grcgationis
850 5497 1048 5557 Indicis
1094 5502 1355 5563 librorum
1399 5513 1843 5587 prohibiturum;
1890 5537 2051 5580 nemo

461 5595 641 5645 tamen
684 5601 791 5659 est,
817 5595 908 5664 qui
950 5611 1057 5653 non
1086 5600 1269 5660 videat
1307 5620 1401 5662 eos
1429 5609 1601 5667 solum
1633 5616 1809 5687 egisse
1834 5594 1904 5677 de
1931 5636 2060 5678 sen-

463 5682 632 5787 tentia
678 5691 1301 5766 excommunicatIOnis,
1347 5716 1508 5772 quam
1557 5682 2059 5787 contravenientes,

461 5775 685 5833 minime
725 5778 836 5849 jam
868 5781 1228 5858 incurrerent,
1258 5790 1383 5863 quia
1412 5812 1518 5853 non
1548 5813 1668 5857 esse
1698 5803 1751 5859 in
1780 5805 1939 5863 viridi
1967 5775 2061 5865 ob:

458 5869 729 5927 servantia
758 5872 1175 5944 existimarunt:
1207 5897 1474 5948 quatenus
1515 5889 1669 5952 locus
1712 5895 1886 5957 adhuc
1912 5908 2068 5961 esset

2174 4787 2263 4858 (id
2289 4797 2372 4842 est
2396 4789 2459 4842 τι
2484 4788 2501 4858 )
2525 4788 2902 4845 confirmatum
2933 4789 3061 4845 dicit
3092 4790 3159 4845 ab
3189 4791 3380 4847 eodem
3409 4807 3551 4846 anno
3584 4790 3760 4856 1198;

2172 4892 2226 4936 et
2265 4881 2376 4938 illic
2417 4878 2632 4952 quidem
2674 4882 2843 4939 refert
2886 4892 3143 4940 auctores
3171 4885 3343 4955 ipsius
3376 4887 3570 4942 missos
3599 4885 3767 4942 fuisse

2171 4975 2239 5030 ab
2282 4975 2596 5031 Innocentio
2642 4976 2710 5031 ad
2752 4979 3041 5032 canonicos
3080 4978 3139 5035 8.
3175 4979 3411 5035 Victoris
3443 4978 3767 5036 Parisiensis

2174 5081 2270 5137 pro
2302 5067 2641 5137 regularibus
2679 5067 2943 5124 institutis
2979 5068 3353 5141 addiscendis,
3397 5079 3457 5128 ut
3497 5072 3669 5141 liquet
3702 5088 3766 5128 ex

2174 5158 2369 5215 litteris
2390 5158 2709 5258 apostolicis
2733 5160 2977 5231 ejusdem
3002 5161 3303 5219 lnnocentii
3330 5205 3347 5232 ,
3395 5178 3517 5235 qum
3548 5173 3767 5221 exstant

2170 5253 2311 5323 typis
2349 5252 2561 5307 excusat
2600 5252 2693 5308 lib.
2740 5269 2756 5308 ι
2807 5254 2887 5308 sui
2933 5253 3189 5324 Regesti,
3238 5257 3290 5311 in
3331 5255 3527 5326 quibus
3582 5266 3763 5312 tamen

2169 5347 2393 5402 minime
2434 5346 2701 5403 asseritnr
2722 5388 2736 5413 ,
2783 5345 3040 5403 Ordinem
3075 5347 3327 5404 eumdem
3354 5349 3537 5419 regula
3561 5347 3620 5405 S.
3652 5347 3769 5404 Au-

2165 5437 2360 5508 gustini
2395 5435 2563 5493 fuisse
2594 5436 2853 5492 donatum
2884 5455 2897 5504 ;
2942 5449 2995 5494 at
3036 5438 3088 5493 in
3125 5439 3413 5508 posteriori
3454 5439 3545 5495 illo
3576 5440 3755 5509 capite

2167 5531 2238 5587 74
2267 5530 2419 5601 ponit
2449 5530 2590 5587 hunc
2614 5528 2874 5586 Ordinem
2901 5541 3097 5602 quarto
3129 5531 3250 5588 loco
3278 5533 3417 5588 inter
3433 5546 3531 5588 eos
3550 5532 3639 5602 qui
3665 5529 3766 5586 sub

2167 5621 2227 5680 S.
2267 5622 2555 5695 Augustini
2599 5622 2787 5695 regula
2821 5622 3055 5679 instituti
3093 5634 3218 5681 sunt
3245 5667 3260 5691 ,
3308 5635 3361 5681 ct
3415 5623 3767 5680 nihilominus

2169 5725 2381 5773 constat
2412 5732 2477 5773 ex
2507 5717 2628 5773 aliis
2667 5717 2859 5773 litteris
2893 5717 3138 5788 ejusdem
3168 5718 3452 5776 Pontificis
3483 5721 3536 5774 in
3567 5722 3761 5775 eodem

2173 5808 2405 5880 Regcsto
2426 5851 2441 5876 ,
2476 5810 2737 5881 peculiari
2765 5811 3022 5867 donatum
3055 5810 3227 5868 fuisse
3254 5812 3444 5884 regula
3471 5811 3541 5868 ab
3569 5810 3763 5869 eodem

2172 5901 2439 5961 l’ontitice
2478 5902 2701 5964 dictata.
2743 5906 2814 5964 At
2858 5913 3009 5967 certo
3052 5906 3257 5965 certius
3300 5912 3423 5978 est,
3473 5918 3765 5979 numquam
