4062 6340
466 313 574 374 607

1372 313 1669 372 FLAVIUS
1709 311 1958 373 LUCIUS
1998 313 2284 374 DEXTER
2321 313 2856 378 CI‘IRONOLOGUS.

3675 317 3798 378 608

469 423 822 482 intendimus.
856 424 1026 495 Igitur
1063 439 1093 481 a
1134 425 1340 483 sanctis
1375 427 1471 483 Dei
1502 427 1765 498 apostolis
1787 428 2058 497 religiosis
2085 431 2135 491 Α
2165 445 2283 485 rum
2313 431 2416 487 sub
2457 432 2679 488 nomine
2707 433 2993 506 Augustini
3025 435 3245 504 citetur,
3274 436 3549 510 reliquum
3579 443 3698 504 est,
3730 444 3797 492 ut

468 519 772 590 disciplinis
793 518 1020 574 clericos
1041 519 1289 576 eruditos
1312 519 1549 576 libenter
1570 519 1832 587 fatemur;
1858 535 2064 593 eosque

470 613 754 671 multoties
785 627 813 666 a
845 613 1094 668 conciliis
1132 623 1189 668 et
1221 615 1460 684 patribus
1500 614 1825 670 reformatos
1855 637 1868 673 :
1899 627 2065 672 caue-

469 726 591 768 rum
624 710 758 765 nihil
782 710 959 766 minus
979 711 1048 765 de
1069 711 1353 766 monachis
1381 712 1630 767 confiteri
1659 721 1898 782 oportet,
1931 729 2066 785 quo.

472 823 594 864 rum
628 807 680 862 in
718 806 962 862 conciliis
986 805 1238 877 frequens
1256 821 1469 878 quoque
1494 808 1698 863 mentio
1727 817 1844 874 est;
1873 808 2067 864 variis-

474 917 580 973 que
627 901 961 968 temporibus
996 908 1047 954 et
1092 900 1388 968 provinciis
1431 898 1712 956 reformati
1760 909 1909 956 sunt.
1957 900 2067 957 Nec

478 995 623 1051 inter
645 1003 908 1064 utrosque
939 992 1120 1062 aliqua
1161 991 1494 1048 verosimilis
1526 992 1866 1048 diversitatis
1905 1007 2068 1049 causa

477 1089 748 1158 assignari
781 1095 985 1156 potest,
1021 1085 1067 1140 si
1098 1086 1241 1141 enim
1281 1084 1427 1140 dicat
1455 1087 1575 1158 quis
1617 1087 1848 1143 clericos
1878 1103 2071 1144 omnes
2126 1077 2129 1079 ’

479 1181 532 1236 in
579 1178 826 1235 eumdem
871 1177 1032 1232 tinem
1062 1193 1125 1233 ex
1153 1178 1266 1249 ipsa
1295 1177 1597 1234 Clericatus
1628 1180 1846 1235 ratione
1873 1179 2068 1251 dirigi,

478 1272 533 1327 in
561 1286 786 1340 eamque
806 1258 1478 1337 omnimodiscenvcnire,
1519 1271 1570 1325 id
1602 1282 1714 1336 est,
1752 1271 1804 1326 in
1837 1271 2073 1327 destina-

481 1365 626 1420 tione
655 1362 722 1418 ad
751 1363 1033 1418 servitium
1057 1362 1244 1418 altaris
1263 1406 1278 1429 ,
1325 1372 1792 1418 sacramentorum
1838 1363 2073 1418 admini-

485 1454 841 1521 szratioucm,
901 1466 952 1510 et
1003 1454 1156 1510 verbi
1201 1455 1296 1510 Dei
1348 1456 1822 1526 prmdicationem;
1857 1456 2074 1512 differre

480 1563 612 1604 vero
634 1548 786 1619 quasi
811 1547 1222 1604 accidentaliter
1250 1550 1330 1618 (ut
1355 1549 1435 1602 sic
1465 1547 1667 1618 dicam)
1700 1562 1865 1616 penes
1894 1547 2074 1602 diver-

481 1655 570 1695 sas
589 1642 1071 1710 congregationum
1103 1640 1519 1696 constitutiones
1539 1681 1554 1706 ,
1583 1638 1727 1708 quod
1754 1649 1931 1694 tamen
1967 1654 2075 1694 non

481 1733 685 1789 sufticit
712 1733 777 1788 ad
803 1733 1022 1788 ordines
1055 1734 1381 1788 clericorum
1412 1732 1884 1788 diversiftcandos.
1927 1731 2078 1788 Sciat

2166 522 2434 578 fateamur
2478 526 2541 581 Ι).
2573 525 2935 596 Augustinum
2969 528 3135 585 talem
3182 531 3426 601 regulam
3459 529 3798 586 nullatenus

2168 617 2564 686 composuisse,
2597 618 2694 673 sed
2730 619 3078 689 postmodum
3119 623 3264 678 circa
3309 637 3513 677 annum
3557 619 3799 677 Domini

2171 711 2333 777 1100,
2363 726 2432 767 ex
2461 713 2694 783 epistola
2727 712 2854 781 109,
2886 715 3056 772 fuisse
3082 723 3417 786 extractam,
3453 731 3619 787 quam
3665 714 3801 784 ipse

2159 797 2237 862 ad
2266 806 2533 862 mouiales
2556 807 2821 880 quasdam
2848 805 3096 876 dictavit,
3131 810 3427 866 occasione
3460 805 3796 874 discordias,

2171 915 2333 972 quam
2362 917 2485 957 cum
2514 903 2813 974 prteposita
2845 901 3141 969 habebant,
3175 911 3234 958 ut
3253 919 3326 976 ex
3357 903 3480 973 ejus
3507 910 3799 960 contextu

2174 993 2520 1050 manifestum
2541 1003 2662 1049 est:
2691 1003 2787 1050 aut
2813 994 3098 1050 Possidius
3125 995 3439 1066 arguendos
3465 1003 3618 1052 esset
3645 993 3807 1048 osci-

2175 1085 2365 1142 tantite
2393 1095 2448 1140 et
2476 1085 2772 1142 oblivionis
2803 1087 2995 1156 (immo
3026 1096 3081 1143 et
3112 1087 3228 1158 ipse
3255 1087 3619 1158 Augustinus)
3654 1085 3803 1141 dum

2177 1187 2284 1232 tam
2309 1178 2542 1233 illustris
2569 1179 2752 1252 operis
2775 1195 2882 1234 non
2913 1181 3247 1246 meminerit,
3274 1180 3418 1252 quod
3447 1190 3630 1237 tamen
3666 1179 3805 1250 ipse

2178 1266 2478 1324 Peuuottus
2518 1269 2615 1325 lib.
2645 1285 2684 1336 ι,
2714 1284 2838 1341 cap.
2871 1270 2964 1336 42,
3000 1287 3152 1327 num.
3185 1271 3240 1334 8,
3273 1271 3640 1326 abominatur.
3680 1269 3804 1326 Sed

2181 1376 2290 1417 non
2319 1371 2405 1418 est
2435 1379 2536 1417 cur
2583 1363 2636 1418 in
2670 1377 2731 1418 re
2775 1364 3149 1433 patentissima
3201 1365 3581 1433 immorcmur,
3615 1379 3801 1434 quam

2183 1471 2291 1511 non
2336 1454 2512 1508 solum
2559 1455 2851 1510 cardiualis
2903 1456 3270 1512 Bcllarminus
3322 1456 3423 1511 lib.
3450 1456 3520 1512 de
3576 1457 3802 1526 Script.

2185 1546 2394 1603 Eecles.
2450 1546 2584 1603 vidit
2629 1558 2683 1602 et
2707 1547 2992 1615 judicavit,
3035 1563 3226 1603 verum
3268 1558 3323 1603 et
3355 1547 3457 1620 ipsi
3503 1548 3802 1618 regulares

2179 1639 2453 1706 canonici,
2501 1655 2532 1693 e
2576 1640 2777 1711 quibus
2809 1639 2997 1696 Simon
3030 1639 3304 1696 Werlinus
3355 1639 3686 1711 przepositus
3731 1637 3798 1694 S.

2181 1730 2365 1786 Μαι-ιω
2391 1731 2442 1786 in
2471 1731 2716 1798 Diesteu,
2739 1731 2884 1786 ‘data
2918 1747 3086 1804 opera
3136 1733 3188 1788 id
3219 1730 3465 1806 defendit
3510 1731 3567 1787 in
3596 1747 3803 1803 emen-

481 1825 571 1898 qui
613 1827 728 1880 [nec
772 1826 1002 1894 dixerit,
1053 1835 1431 1897 argumentum
1480 1825 1733 1880 similiter
1783 1840 1974 1896 urgere
2023 1825 2075 1879 in
2109 1828 2157 1888 B
2183 1824 2405 1880 datione
2435 1826 2638 1895 regula:
2662 1825 2977 1881 monasticte
3008 1825 3066 1880 S.
3103 1824 3390 1894 AuguSIini
3416 1826 3641 1897 (excusa
3677 1823 3802 1879 Mo-

483 1917 792 1982 mouachis;
819 1917 908 1988 qui
937 1918 1153 1988 quidem
1182 1918 1528 1973 uuiformiter
1551 1918 1603 1972 in
1634 1917 1788 1974 vobis
1809 1917 2078 1972 essentia-

488 2011 630 2066 libus
667 2011 1029 2078 conveniunt,
1074 2010 1358 2081 solumque
1394 2008 1659 2066 differunt
1699 2026 1798 2080 per
1828 2010 2078 2065 diversas

484 2105 929 2171 constitutiones,
960 2120 1078 2176 qua:
1112 2120 1296 2174 parum
1329 2104 1469 2158 inter
1490 2118 1548 2158 se
1571 2103 1772 2158 distant
1801 2121 1813 2156 :
1840 2119 1940 2159 nec
1963 2102 2081 2172 plus

485 2199 751 2254 dissident
784 2199 1205 2254 constitutiones
1255 2197 1411 2252 unius
1453 2197 1739 2254 monastici
1773 2198 1982 2253 ordiuis
2013 2197 2081 2250 ah

485 2293 637 2357 aliis,
681 2307 842 2362 quam
871 2294 1293 2349 constitutiones
1332 2293 1667 2347 diversarum
1700 2292 2082 2362 congregatio-

488 2403 614 2442 Imm
639 2387 1025 2443 canonicorum
1045 2387 1371 2458 regularium
1409 2387 1551 2443 inter
1571 2401 1717 2443 sese.
1745 2386 1913 2442 Immo
1951 2402 2079 2443 vero

486 2481 907 2538 mendicantium
953 2482 1176 2537 ordines
1211 2481 1366 2537 valde
1402 2481 1467 2536 ad
1499 2481 1882 2536 canonicormn
1921 2480 2079 2536 iusti-

485 2583 662 2630 tutum
704 2575 990 2640 accedunt,
1025 2573 1460 2645 quandoquidem
1487 2573 1716 2629 instituti
1743 2574 1944 2629 suntin
1962 2575 2085 2630 sub-

483 2667 680 2723 sidium
704 2667 1117 2738 episcoporum,
1163 2667 1228 2721 ad
1259 2666 1660 2736 praedicandum
1689 2666 1912 2723 verbum
1945 2667 2080 2733 Dei,

486 2768 540 2816 et
563 2758 988 2815 administranda
1017 2758 1262 2815 fidelibus
1285 2757 1645 2815 confessionis
1665 2767 1722 2815 et
1738 2759 2083 2816 eucharistia:

487 2865 854 2909 sacramenta.
1109 2905 1113 2908 .

559 2945 715 3012 Quod
747 2947 790 3000 si
820 2947 942 3012 quis
972 2947 1134 3003 instet
1159 2947 1222 3002 D.
1253 2947 1612 3018 Augustinum
1641 2961 1748 3003 non
1783 2946 2082 3004 intendisse

489 3053 688 3095 novum
716 3041 1101 3095 canonieorum
1125 3040 1370 3098 ordinem
1390 3041 1650 3097 inducere
1676 3041 1729 3096 in
1750 3039 2078 3107 Ecclesiam,

491 3130 587 3186 sed
633 3133 918 3201 antiquum
959 3131 1288 3197 reformare;
1322 3148 1427 3204 quo
1459 3134 1552 3187 liat
1584 3143 1642 3188 ut
1684 3148 1824 3187 unus
1855 3141 1909 3187 et
1939 3131 2082 3187 idem

2185 1919 2362 1974 nachii
2396 1919 2556 1985 1618,
2583 1918 2725 1990 apud
2753 1919 3036 1975 Nicolaum
3075 1919 3398 1989 llenricum)
3425 1929 3480 1975 et
3509 1918 3801 1986 consentit

2184 2011 2494 2067 Bernardus
2545 2011 2858 2084 Viudirigus
2911 2013 2964 2066 in
3013 2009 3218 2068 Critico
3265 2011 3534 2083 castigato
3575 2025 3799 2068 excuso

2184 2103 2525 2159 Vellameriaa
2557 2095 2694 2160 1021
2726 2120 2819 2175 per
2849 2104 3145 2176 Georgium
3177 2089 3564 2160 Bledellanum.

2257 2195 2364 2251 Nec
2394 2196 2591 2253 desunt
2635 2197 2690 2252 in
2720 2198 3026 2269 'l‘ripartita
3055 2197 3308 2253 Pennotti
3341 2211 3499 2253 novae
3526 2210 3695 2252 voces
3726 2209 3797 2250 ac

2183 2288 2371 2357 verba,
2415 2304 2536 2358 qua:
2585 2288 2756 2360 ipsam
2788 2299 3095 2359 suspectam
3127 2289 3263 2344 satis
3294 2289 3528 2344 reddunt
3570 2287 3642 2342 ab
3673 2286 3796 2341 alio

2185 2379 2362 2435 forsan
2395 2381 2558 2434 fuisse
2583 2381 2846 2436 vitiatam.
2891 2380 3155 2448 Quienim
3181 2388 3311 2435 sunt
3333 2379 3582 2435 monachi
3609 2379 3794 2434 Bene-

2183 2476 2548 2532 dictinenses?
2575 2487 2670 2533 aut
2707 2479 2828 2548 quis
2858 2478 3093 2547 scriptor
3120 2476 3468 2531 Tuditanus?
3499 2474 3562 2529 Et
3596 2488 3794 2528 mona-

2183 2569 2271 2626 chi
2303 2570 2522 2641 quidem
2575 2585 2605 2626 a
2653 2570 2712 2628 S.
2748 2569 3062 2634 Benedicto,
3099 2567 3436 2623 Benedictini
3485 2577 3787 2629 vocantur;

2184 2662 2671 2719 Benedictinenscs
2716 2677 2850 2718 vero
2880 2678 2908 2715 a
2940 2665 3000 2720 S.
3052 2660 3410 2716 Beucdictino
3450 2658 3646 2714 deduci
3689 2673 3792 2712 ne-

2183 2772 2338 2814 cesse
2386 2769 2491 2826 est,
2523 2773 2632 2813 non
2663 2772 2693 2812 a
2734 2757 2793 2812 S.
2830 2755 3160 2811 Beneditto:
3197 2764 3250 2808 et
3294 2763 3474 2807 tamen
3516 2763 3630 2806 toto
3666 2749 3789 2805 fere

2183 2867 2352 2922 opere
2381 2851 2581 2921 refugit
2621 2865 2717 2906 eos
2747 2864 2945 2904 vocare
2973 2847 3378 2903 Benedictinos.
3410 2844 3641 2916 Insuper
3665 2843 3788 2898 Lu-

2183 2961 2303 3002 cam
2327 2945 2663 3011 Tudeuscm,
2705 2951 2763 2999 et
2790 2941 2993 2999 Urbem
3037 2939 3345 2994 'l‘udeusem
3380 2951 3571 2992 omnes
3597 2937 3790 2992 hactea

2185 3056 2290 3096 nus
2329 3039 2555 3095 dixere:
2615 3037 2704 3093 hic
2758 3051 2890 3093 vero
2945 3034 3247 3090 Tuditanus
3289 3041 3489 3101 prmter
3537 3023 3784 3085 omnium

2184 3131 2636 3188 consuetudinem
2666 3141 2915 3185 vocatur.
2941 3127 3012 3185 Ut
3042 3126 3291 3182 omittam
3337 3138 3658 3194 procursum
3691 3139 3785 3177 or-

489 3222 624 3278 ordo
662 3224 734 3279 sit
775 3224 844 3278 ab
883 3238 950 3279 eo
985 3225 1266 3295 praeceptis
1307 3224 1553 3280 eruditus
1579 3266 1595 3292 ,
1647 3232 1703 3280 et
1728 3223 2003 3294 antiquior
2049 3239 2079 3278 a
2109 3212 2154 3277 C
2185 3228 2332 3284 diuis
2361 3227 2467 3293 sui,
2502 3241 2600 3296 pro
2644 3223 2853 3280 ordinis
2883 3234 3196 3294 progressu,
3231 3226 3284 3272 et
3316 3218 3574 3273 lectorem
3614 3215 3783 3269 bene-

490 3314 694 3369 sanetis
743 3316 1029 3386 primitiva:
1074 3316 1332 3372 Ecclesia:
1381 3317 1630 3373 Patribus
1678 3317 1992 3373 institutus:
2038 3318 2083 3374 is

423 3455 430 3458 .
494 3409 714 3480 inquam
771 3425 956 3480 parum
1005 3411 1289 3480 proficiet:
1337 3411 1382 3466 si
1437 3411 1581 3466 enim
1638 3402 2084 3466 B.~Benedietus

495 3516 786 3571 tmmquam
817 3517 1012 3556 novum
1044 3501 1433 3559 monachorum
1457 3502 1727 3569 ordinem,
1754 3518 1849 3558 seu
1883 3517 2082 3558 novum

493 3609 665 3663 genus
709 3593 832 3648 vitae
864 3594 1109 3649 s:ahilirc
1146 3595 1375 3662 curavit,
1407 3595 1503 3651 sed
1531 3596 1915 3653 coanobiticum
1945 3597 2087 3652 anti-

493 3700 659 3754 quum
706 3684 954 3742 (rudirc:
1007 3686 1148 3758 tptod
1179 3702 1243 3742 ex
1276 3687 1454 3757 primo
1481 3688 1680 3759 regula:
1723 3703 1844 3759 cap.
1894 3689 2085 3760 liquet,

496 3780 586 3836 uhi
616 3779 951 3851 quadruplex
996 3795 1169 3851 genus
1213 3781 1604 3838 monachorum
1635 3784 1998 3853 prmmitteas,
2035 3783 2085 3838 id

495 3885 599 3940 est,
642 3875 1128 3945 Auachorctarum,
1168 3875 1601 3941 Caenohitarum,
1654 3877 2083 3946 Sarabaitarum,

494 3978 549 4024 ct
580 3969 988 4041 Cyrovagorum
1017 3987 1028 4024 ε
1063 3971 1279 4026 czrteris
1308 3971 1549 4037 omissis,
1598 3971 1667 4026 ad
1711 3971 2089 4026 Coznobitarum

496 4065 834 4134 fortissimum
882 4067 1042 4136 genus
1092 4065 1489 4135 disponendum,
1539 4065 1817 4135 adjuvante
1869 4061 2087 4137 (inquit)

501 4155 723 4210 Domino
761 4155 1048 4209 veniamus.
1675 4180 1678 4182 ν

573 4246 849 4302 Addamus
883 4245 1032 4301 aliud
1081 4245 1206 4302 huic
1236 4247 1567 4316 proximum,
1600 4261 1701 4314 nec
1736 4247 1918 4302 mintts
1944 4245 2088 4302 diffl-

498 4338 605 4392 t-ile
635 4339 867 4400 ereditu,
903 4339 1154 4394 nimirum
1179 4339 1243 4392 D.
1275 4338 1632 4411 Augustinum
1656 4340 1896 4411 regulam
1928 4355 2087 4396 cano-

498 4431 638 4486 nicis
686 4431 798 4484 suis
848 4431 1166 4501 scripsisse;
1211 4432 1353 4501 quod
1403 4441 1578 4489 tamen
1623 4441 1946 4504 argumento
1995 4434 2091 4490 illo

501 4524 772 4593 negativo,
797 4523 937 4592 quod
963 4524 1097 4578 alias
1120 4524 1416 4580 Peuuottus
1438 4525 1660 4582 evidens
1690 4536 1934 4597 reputat;
1961 4542 2090 4584 con-

2186 3322 2461 3377 volentem
2501 3333 2600 3390 pro
2645 3317 2909 3373 benevolo
2938 3315 3143 3383 dicere,
3177 3313 3332 3370 novis
3369 3321 3518 3369 certe
3555 3309 3780 3366 Vocibus

2187 3431 2371 3471 usum.
2402 3412 2510 3471 Sed
2541 3414 2655 3469 hcce
2674 3413 2880 3470 leviora
2914 3418 3063 3465 sunt.

2258 3509 2378 3565 Jam
2405 3508 2472 3563 ad
2495 3515 2728 3573 asserta,
2757 3521 2877 3577 qua:
2903 3521 2932 3560 a
2957 3517 3089 3558 vero
3119 3501 3426 3566 dissonaut,
3453 3498 3778 3554 descensum

2189 3603 2471 3670 faciamus,
2507 3615 2629 3654 nam
2663 3599 2776 3669 pari
2811 3611 2972 3669 passu
3007 3593 3327 3667 probabitur
3353 3607 3489 3662 opus
3509 3590 3778 3660 Tripartio

2191 3701 2303 3749 tum
2357 3707 2464 3748 non
2497 3707 2623 3748 esse
2661 3690 2728 3744 lt.
2762 3690 2821 3745 P.
2857 3687 3112 3744 Pennotti
3144 3686 3292 3742 docti
3331 3682 3625 3738 admodum
3657 3680 3780 3742 viri,

2190 3787 2260 3844 de
2305 3803 2418 3859 quo
2461 3801 2567 3841 non
2619 3793 2705 3840 est
2761 3781 3183 3839 existimandum
3239 3777 3406 3834 falsas
3452 3775 3782 3832 assertiones

2191 3879 2510 3950 scripsisse;
2545 3892 2609 3934 ac
2637 3877 2826 3932 Dextri
2855 3873 3192 3938 Cln'onicou,
3224 3872 3368 3942 quod
3393 3885 3506 3941 pra:
3538 3866 3784 3922 manibus

2193 3979 2308 4040 est,
2348 3972 2535 4029 fretum
2575 3985 2696 4026 esse
2726 3951 3089 4039 suppositum.
3135 3963 3405 4032 imprimis
3433 3960 3674 4015 alienum
3701 3966 3784 4012 est

2193 4083 2224 4122 a
2250 4066 2482 4121 veritate
2508 4064 2566 4119 S.
2599 4060 2960 4134 patriarcham
2994 4055 3348 4112 Benedictum
3395 4051 3534 4108 nihil
3570 4050 3639 4105 de
3677 4048 3788 4104 cle-

2195 4159 2324 4216 ricis
2346 4159 2398 4213 in
2421 4172 2518 4213 sua
2538 4154 2741 4227 llcgula
2770 4150 3141 4227 disposuisse,
3161 4145 3303 4218 quod
3331 4144 3638 4201 Peuuottus
3659 4156 3788 4196 con-

2195 4253 2372 4323 ceptis
2395 4251 2574 4306 verbis
2595 4247 2812 4317 scripsit
2829 4246 2929 4301 lib.
2962 4261 3022 4314 ιι,
3047 4258 3166 4311 cap.
3203 4242 3293 4305 18,
3317 4255 3471 4294 num.
3501 4239 3533 4292 4
3556 4245 3613 4292 et
3639 4251 3784 4290 num.

2195 4346 2228 4401 7
2260 4347 2314 4400 in
2361 4344 2468 4399 line
2490 4342 2566 4398 ait
2595 4357 2609 4395 :
2656 4339 2726 4394 ο.
2767 4338 3079 4394 Benedictus
3110 4350 3213 4389 non
3263 4340 3318 4387 ut
3349 4331 3574 4393 clericis,
3607 4327 3696 4382 sed
3737 4336 3789 4380 ut

2197 4439 2346 4493 laicis
2375 4435 2610 4506 regulam
2655 4433 2773 4489 vita:
2815 4430 3221 4502 prtrscripserut,
3251 4426 3306 4479 in
3345 4441 3449 4495 qua
3489 4423 3555 4476 de
3595 4420 3790 4476 clericis

2198 4529 2464 4585 monachis
2495 4543 2556 4581 ne
2599 4523 2806 4580 uerbum
2834 4520 3048 4594 quidem
3075 4517 3312 4572 habetur.
3360 4515 3426 4570 Et
3471 4522 3652 4568 tamen
3685 4512 3791 4566 duo

411 4640 416 4643 -
501 4616 737 4670 vincitur
764 4615 1049 4679 falsitatis,
1084 4617 1178 4671 lih.
1209 4616 1353 4672 enim
1387 4633 1425 4686 ι,
1465 4634 1586 4690 cap.
1619 4620 1713 4683 15.
1747 4620 1828 4675 sic
1876 4621 2086 4692 inquit:
2117 4607 2173 4668 Ῑ)
2199 4627 2408 4694 integra
2436 4621 2612 4691 capita
2645 4617 2846 4688 regulae
2879 4629 2991 4670 sua:
3028 4611 3129 4684 (id,
3160 4617 3266 4675 est,
3297 4608 3366 4664 60
3388 4617 3443 4664 et
3470 4608 3563 4677 62)
3589 4605 3791 4660 beatis-

501 4707 565 4762 ln
596 4708 854 4763 historicis
884 4720 1244 4782 argumentum
1272 4727 1337 4766 ex
1359 4712 1605 4782 ucgativis
1633 4713 1834 4785 probat,
1858 4724 1905 4769 et
1928 4731 2096 4786 quau-

501 4805 670 4872 tloyuc
696 4803 1031 4868 demonstrat,
1081 4813 1134 4858 ut
1163 4805 1370 4874 quando
1402 4804 1659 4861 Historici
1699 4823 1871 4862 outncs
1919 4809 2093 4864 silent.

505 4895 570 4949 Et
611 4893 784 4948 infra:
818 4894 939 4948 Non
978 4895 1147 4949 solum
1180 4913 1246 4951 ea:
1286 4898 1492 4952 silentio
1520 4915 1789 4954 sacrorum
1815 4917 2095 4967 canonum,

501 4989 592 5043 sed
615 4988 843 5041 omnium
875 4989 1232 5053 conciliorum,
1269 4991 1606 5060 pontiﬁcum,
1645 4993 2015 5060 historiarum;
2038 5011 2101 5050 ex

504 5082 600 5136 hoc
628 5092 732 5135 tum
762 5082 1006 5134 concordi
1045 5081 1250 5136 silentio
1281 5099 1384 5137 nou
1421 5084 1593 5140 solum
1621 5088 1978 5155 probabiliter,
2008 5107 2092 5144 ve-

503 5196 614 5233 rum
648 5181 799 5234 etiam
829 5180 1230 5237 demonstrativo
1255 5183 1464 5255 sequela
1491 5183 1784 5238 deducitur.
1814 5183 1904 5240 Sic
1936 5185 2097 5256 igitur

505 5289 626 5327 cum
658 5274 771 5343 ipse
804 5273 866 5328 D.
903 5275 1235 5343 Augustinus
1264 5277 1459 5332 librum
1487 5277 1953 5335 Retractationum
1977 5292 2103 5334 sua-

508 5381 628 5419 rum
657 5364 867 5432 fecerit,
897 5374 953 5420 et
981 5367 1032 5420 in
1059 5384 1123 5421 eo
1149 5370 1390 5425 omnium
1418 5354 1682 5426 librorum
1707 5385 1735 5424 a
1760 5387 1819 5427 se
1843 5371 2102 5428 hactenus

507 5459 936 5526 compositorum
981 5460 1324 5528 meminerit;
1372 5476 1603 5534 cumque
1652 5463 1929 5520 Possidius
1983 5463 2102 5533 ejus

510 5552 809 5623 discipulus
841 5553 1072 5611 indicem
1105 5556 1419 5612 eorumdem
1451 5558 1887 5630 copiosissimum
1919 5559 2107 5616 edide-

509 5647 602 5708 rit,
636 5656 826 5702 neuter
856 5656 1040 5703 autem
1085 5647 1152 5704 de
1185 5650 1368 5720 regula
1411 5650 1759 5719 clericorum,
1793 5667 1892 5708 seu
1921 5667 2109 5710 mona-

511 5739 741 5795 clintum
773 5742 1110 5798 mentionem
1153 5743 1365 5812 fecerit,
1400 5746 1702 5816 quinimmo
1734 5763 1910 5820 neque
1937 5765 2110 5821 usque

519 5831 586 5895 ad
635 5849 834 5895 annum
883 5836 1023 5898 1100
1055 5854 1080 5896 a
1113 5841 1303 5913 quovis
1332 5842 1679 5915 scriptorum,
1714 5853 1809 5902 aut
1852 5845 2112 5904 concilio.

2199 4719 2369 4775 simus
2389 4721 2694 4787 prteceptor
2723 4712 2775 4765 in
2807 4705 3168 4780 disponondis
3195 4702 3511 4764 monasterii
3540 4697 3796 4756 sacerdo-

2202 4810 2344 4866 tibus
2372 4806 2670 4863 consumit.
2700 4803 2909 4859 Prioris
2939 4801 3128 4856 titulus
3153 4808 3258 4865 est,
3295 4798 3368 4853 De
3395 4791 3790 4857 Sacerdotibus,

2201 4901 2288 4974 qui
2321 4899 2578 4956 voluerint
2606 4899 2661 4952 in
2687 4895 3004 4951 monasterio
3031 4894 3301 4948 habitare:
3334 4890 3425 4946 ubi
3456 4886 3705 4960 praecipit
3741 4891 3798 4938 ut

2199 4995 2331 5066 jugo
2361 4991 2567 5064 regula:
2603 5005 2727 5046 sese
2761 4986 3074 5043 onmimode
3104 4985 3360 5053 subdant,
3393 4992 3514 5053 post
3545 4979 3796 5033 abbatem

2209 5088 2395 5144 sedem
2415 5086 2674 5148 habeant,
2696 5083 2925 5138 clericos
2955 5089 3161 5143 autem,
3177 5080 3268 5149 qui
3287 5073 3597 5148 presbyteri
3623 5071 3800 5125 adlmc

2211 5199 2318 5239 non
2366 5189 2512 5246 sunt,
2564 5179 2687 5234 loco
2733 5175 2994 5233 mediocri
3033 5172 3312 5230 collocari.
3350 5167 3680 5226 Posterioris
3732 5165 3801 5219 ti-

2209 5277 2354 5332 tulus
2387 5283 2492 5338 est,
2529 5273 2603 5327 De
2645 5269 3015 5328 Sacerdotibus
3059 5264 3402 5321 monasterii:
3451 5261 3538 5316 ubi
3587 5261 3658 5315 de
3697 5257 3802 5321 his,

2210 5371 2301 5442 qui
2333 5379 2456 5440 post
2499 5364 2885 5422 monachatum
2919 5361 2985 5416 ad
3024 5359 3248 5416 ordines
3278 5355 3585 5413 evehuntur
3631 5351 3800 5406 multa

2211 5463 2473 5534 diSponit.
2507 5458 2668 5517 Certe
2694 5458 2738 5513 si
2765 5458 3070 5513 Peuuottus
3102 5453 3290 5508 titulos
3311 5449 3550 5521 capitum
3581 5445 3804 5517 Regula:

2211 5556 2494 5613 dumtaxat
2522 5555 2751 5626 legeret,
2783 5551 2853 5607 ab
2875 5565 2940 5605 eo
2961 5563 3150 5605 errore
3171 5545 3526 5600 liberaretur.
3560 5539 3670 5595 Sed
3703 5537 3806 5593 hoc

2213 5650 2390 5707 simile
2417 5658 2501 5705 est
2543 5650 2614 5715 ei,
2649 5647 2790 5717 quod
2838 5644 2907 5701 de
2957 5642 3126 5698 Paulo
3155 5639 3352 5696 Orosio
3383 5636 3574 5692 scribit
3627 5633 3724 5688 lib.
3765 5647 3806 5697 ι,

2212 5761 2338 5817 cap.
2367 5744 2459 5811 58,
2493 5758 2640 5798 uum.
2675 5742 2729 5805 4,
2757 5739 3013 5794 nimirum
3048 5751 3245 5793 nomen
3280 5731 3677 5789 monachorum
3700 5737 3806 5781 tam

2216 5844 2322 5904 late
2346 5841 2486 5917 apud
2511 5842 2686 5914 ipsum
2717 5843 3000 5910 acceptum
3031 5833 3198 5890 fuisse
3221 5831 3317 5887 lib.
3335 5842 3529 5884 vusua:
3545 5822 3808 5882 Ormcstm
