4062 6340
226 260 338 316 609

1293 258 1826 319 APOLOGETILUS
1867 255 2002 314 PRO
2039 255 2103 313 L.
2145 254 2451 313 DEXTRO.

3421 255 3530 315 610

221 390 347 444 cap.
381 375 471 439 Π,
502 374 648 444 quod
675 390 870 432 omnes
909 355 1255 434 Christianos
1285 375 1414 432 illos
1459 373 1814 446 eomprehcn-
1842 375 1890 434 Λ
1922 379 2100 443 ptum;
2130 371 2220 427 ubi
2243 385 2310 428 ex
2333 370 2578 426 instituto
2599 368 2934 426 sanctissimi
2963 369 3274 426 luudatores
3303 371 3531 429 demon-

221 467 404 532 deret,
446 468 539 538 qui
583 468 652 522 ad
683 485 843 523 unum
886 470 1007 538 fidei
1033 487 1184 541 opus,
1235 469 1450 523 dimissa
1493 469 1821 524 swcularium

221 576 401 614 rerum
433 561 746 616 multimoda
788 563 1014 630 actione,
1059 580 1114 618 se
1143 563 1477 634 redigebant;
1524 578 1632 635 quo
1663 570 1824 632 pacto

224 651 301 705 ait
332 651 640 708 Pennottus
668 653 833 709 etiam
875 655 1108 710 clericos
1150 655 1430 726 regulares
1467 654 1570 709 sub
1607 653 1825 710 nomine

227 744 632 800 monachorum
677 747 1092 817 comprehendi.
1127 747 1235 805 Sed
1266 747 1312 803 si
1342 747 1506 803 verba
1537 747 1604 801 ab
1631 745 1826 802 Urosio

223 835 552 894 immediate
581 838 823 908 subjecta
873 839 1098 911 legisset
1136 839 1220 913 (ut
1263 841 1508 896 omittam
1541 854 1825 910 perperam

221 930 432 987 citasse
463 947 588 1003 cap.
637 933 704 988 i7
729 915 934 999 Orosii,
961 948 1083 989 cum
1131 933 1201 989 sit
1230 936 1324 1005 55)
1363 933 1524 1005 plane
1566 932 1830 1004 reperiret

221 1038 290 1079 eo
322 1025 552 1081 nomine
573 1027 938 1082 anaehoretas
966 1027 1116 1082 solos
1142 1025 1480 1098 intelligere;
1510 1027 1579 1082 de
1604 1024 1830 1081 Valente

218 1117 499 1188 siquidem
540 1118 869 1189 imperatore
908 1135 1096 1190 agens,
1121 1119 1398 1188 effrenata,
1443 1121 1639 1192 inquit,
1680 1120 1832 1174 liber-

221 1211 348 1264 tatis
391 1211 620 1266 audacia
645 1213 812 1285 legem
838 1213 1001 1280 dedit,
1037 1223 1092 1267 ut
1126 1215 1396 1284 monachi,
1427 1214 1524 1268 hoc
1568 1221 1644 1267 est
1679 1212 1833 1266 Chri-

219 1304 406 1374 stiani,
431 1307 523 1378 qui
551 1305 620 1360 ad
647 1323 808 1360 unum
831 1306 956 1376 ﬁdei
984 1324 1136 1378 opus,
1163 1308 1378 1363 dimissa
1398 1308 1726 1364 stecularium
1750 1323 1834 1362 re-

219 1412 342 1449 rum
398 1398 707 1452 multimoda
758 1399 983 1466 actione,
1033 1416 1088 1454 se
1138 1401 1409 1472 redigunt,
1466 1400 1535 1454 ad
1591 1400 1835 1455 militiam

220 1502 559 1561 cogerentur.
597 1491 788 1548 Vastas
814 1494 936 1549 illus
959 1503 1079 1548 tunc
1102 1493 1324 1566 /L'ggpti
1355 1494 1687 1559 solitudines,
1713 1511 1833 1550 are-

222 1599 426 1654 nasque
473 1583 719 1653 diffusas,
770 1603 902 1656 quas
949 1597 1162 1660 propter
1207 1589 1350 1642 sitim
1395 1599 1442 1642 et
1483 1589 1834 1656 sterilitatem,

221 1677 831 1749 periculosissimumque
857 1690 1152 1750 serpentum
1182 1681 1578 1746 abundantiam,
1626 1700 1837 1739 conver-

1927 473 2103 520 strant
2129 463 2550 520 Cisterciensem
2577 464 2847 529 ordinem,
2895 479 3003 521 uou
3033 481 3155 521 esse
3187 483 3387 520 novum
3431 467 3532 523 ali-

1927 571 2088 626 quem
2113 556 2164 612 in
2188 555 2431 612 Ecclesia
2457 558 2756 623 inventum,
2790 555 2884 613 sed
2907 557 3116 613 ordinis
3147 560 3429 614 tnonastici
3457 560 3515 618 S.

1928 647 1992 704 P.
2044 648 2322 704 Benedicti
2377 649 2849 705 reformationem.
2897 649 3086 705 Videat
3135 658 3321 706 autem
3369 650 3436 706 ll.
3468 651 3528 706 Ρ.

1929 740 2232 796 Peuuottus
2286 752 2468 798 utrum
2501 743 2750 799 canonici
2801 743 3080 814 regulares
3130 743 3533 800 Lateranenses

1930 833 2212 890 reformati
2247 849 2343 905 per
2375 833 2830 905 Frigidionarios,
2864 845 2959 890 aut
3005 833 3398 903 Frissmtarios,
3445 837 3533 891 di-~

1929 928 2074 983 versi
2121 929 2231 984 sint
2258 929 2470 986 ordinis
2511 945 2574 986 ac
2610 929 3011 986 Laterauenses
3036 929 3280 1002 antiqui?
3305 939 3398 985 aut
3431 929 3532 998 ipsi

1932 1021 2286 1089 Frissonatii,
2331 1039 2560 1092 quorum
2612 1023 2931 1079 relormatio
2968 1022 3136 1093 cmpit
3177 1038 3322 1078 anno
3374 1021 3535 1088 “00,

1936 1123 1996 1170 ut
2042 1117 2158 1186 ipse
2187 1114 2357 1171 refert
2395 1117 2488 1171 lib.
2523 1133 2606 1180 ιιι,
2653 1131 2776 1187 Cap.
2810 1117 2862 1183 6,
2906 1115 2971 1170 ad
3013 1116 3265 1172 ordinem
3303 1117 3535 1171 canoni-

1934 1223 2125 1265 corutu
2159 1210 2486 1281 regularium
2519 1211 2800 1282 antiquum
2843 1227 2949 1265 non
2994 1211 3346 1279 pertineant?
3389 1209 3537 1266 Nihil

1939 1317 2096 1372 mque
2121 1311 2237 1358 toto
2256 1319 2425 1374 opere
2451 1319 2552 1359 suo
2582 1304 2871 1370 abhorret;
2908 1319 3008 1360 nec
3039 1305 3258 1373 mirum,
3289 1319 3411 1358 nam
3449 1319 3538 1360 re-

1937 1393 2196 1450 formatio
2245 1395 2454 1466 antiqui
2500 1394 2729 1462 ordinis,
2763 1411 2824 1451 ea
2870 1395 3184 1466 praecipue,
3235 1412 3357 1467 qua:
3404 1396 3464 1450 lit
3505 1411 3536 1451 a

1940 1488 2212 1559 religiosis
2239 1490 2374 1545 viris
2419 1489 2672 1546 eumdem
2719 1489 2848 1544 olim
2876 1490 2986 1560 jatu
3031 1491 3323 1559 professis,
3355 1489 3451 1545 scd
3483 1489 3536 1544 in

1941 1581 2133 1638 laxiori
2164 1583 2534 1652 observantia,
2585 1583 2653 1639 ad
2686 1599 2920 1654 eumque
2963 1584 3125 1639 linem
3169 1584 3446 1656 dirigitur,
3481 1593 3540 1640 ut

1941 1673 2009 1729 ad
2070 1674 2406 1744 primitivum
2462 1678 2755 1732 reducatur
2810 1677 2946 1732 ordo
2991 1677 3274 1748 vigorem,
3330 1687 3535 1733 tantum

220 1771 363 1824 satio
391 1770 621 1826 huutana
652 1788 752 1826 non
791 1784 980 1838 nosset,
1011 1791 1199 1842 magna
1220 1774 1628 1831 cohabitantium
1656 1795 1834 1832 mona-
1863 1767 1913 1827 B
1938 1769 2103 1826 distat
2132 1787 2162 1826 a
2193 1771 2321 1828 novi
2352 1771 2564 1826 ordinis
2603 1773 3034 1837 constructione,
3076 1780 3130 1826 ut
3164 1771 3350 1839 procul
3374 1771 3539 1828 dubio

221 1862 454 1918 chorum
482 1865 761 1920 multitudo
791 1865 1156 1936 compleverat.
1201 1867 1324 1922 Huc
1355 1869 1548 1924 tribuni
1572 1879 1620 1924 et
1647 1869 1834 1925 milites

222 1955 397 2022 missi,
431 1957 524 2027 qui
557 1966 762 2012 sanctos
803 1974 866 2012 ac
904 1975 1046 2013 veros
1091 1961 1282 2014 utilitas
1337 1961 1430 2016 Ilei
1475 1963 1582 2017 alio
1629 1965 1836 2018 nomine

221 2048 608 2116 persecutionis
655 2047 1043 2117 abstrahercnt,
1092 2052 1456 2124 interfecerunt
1504 2055 1579 2108 ibi
1623 2056 1835 2128 agmina

222 2141 398 2196 multa
428 2142 769 2198 Sanctorum.
807 2143 999 2199 Videat
1027 2143 1190 2215 igitur
1224 2147 1428 2202 velitne
1461 2147 1835 2205 Anachoretas

223 2237 398 2290 etiam
431 2235 499 2291 ad
528 2236 922 2292 cauouicorum
956 2237 1262 2294 institutum
1289 2240 1624 2311 pertrahere,
1657 2257 1838 2313 quan-

227 2329 438 2384 tumvis
479 2329 758 2385 canouicis
790 2329 1070 2401 proprium
1116 2331 1188 2388 sit
1231 2332 1288 2388 in
1333 2333 1578 2391 ecclesiis
1618 2333 1833 2390 urbium

224 2422 458 2496 degere.
483 2423 593 2482 Sed
618 2422 736 2482 haec
762 2423 968 2482 leviora
989 2433 1138 2484 sunt.

313 2581 347 2656 ᾗ
395 2581 464 2641 γ.
504 2579 640 2640 Iura
669 2581 1022 2656 Cisterciensis
1039 2582 1250 2656 ordinis
1289 2599 1322 2639 a
1350 2581 1610 2641 Penuotto
1641 2585 1766 2642 lazsa

855 2654 1230 2727 defenduntur.

305 2792 720 2852 lntolerabilius
764 2801 870 2861 est,
925 2803 981 2851 et
1025 2794 1096 2852 ab
1148 2795 1298 2851 omni
1345 2793 1838 2852 verisimilitudinis

233 2887 424 2959 specie
464 2887 680 2960 longius
706 2887 874 2944 distat
901 2887 1044 2959 quod
1087 2888 1186 2947 lib.
1219 2905 1261 2970 μ,
1295 2905 1415 2960 cap.
1449 2889 1540 2957 50,
1574 2905 1727 2946 num.
1776 2889 1834 2960 5,

235 2977 446 3036 asserit
473 2977 868 3036 Ciuercienses
889 2979 1191 3039 monachos
1221 2982 1499 3053 (idemque
1525 2981 1596 3038 de
1620 2981 1841 3037 Valam-

237 3071 520 3140 brosanis,
562 3070 1070 3129 Camaldulensihus
1101 3081 1158 3130 et
1200 3073 1554 3147 Sylvestrinis
1583 3073 1839 3146 affirmat)

1942 1873 2152 1920 tantum
2195 1865 2419 1938 propius
2455 1865 2661 1936 antiqui
2707 1865 2918 1920 ordinis
2955 1866 3065 1940 sint
3109 1866 3495 1922 relormatores
3523 1905 3540 1932 ,

1935 1966 2138 2030 quanto
2195 1958 2513 2014 reformatio
2553 1959 2666 2029 ipsa
2720 1958 2944 2028 prepius
2984 1958 3052 2013 ad
3113 1975 3299 2015 veram
3347 1958 3542 2014 funda-

1939 2060 2115 2106 torum
2141 2051 2542 2108 institutionem
2572 2053 2804 2106 accedit.
2831 2051 2939 2107 Aut
2964 2051 3236 2123 dicat,qui
3263 2052 3373 2122 jam
3399 2053 3541 2108 inter

1939 2143 2318 2200 Minoritarum
2389 2143 2794 2200 diversissimas
2850 2145 3304 2215 congregationes
3357 2143 3542 2200 verius

1939 2235 2296 2293 Franciscaui
2341 2237 2474 2301 sint.
2540 2234 2966 2304 Couventualcs,
3027 2253 3097 2292 an
3143 2237 3544 2294 Observantes?

1940 2327 2262 2394 Reformati,
2314 2344 2411 2384 seu
2459 2327 2786 2384 Discalccali
2831 2343 2894 2383 ac
2933 2327 3236 2406 Capuciui?
3267 2329 3334 2384 Et
3363 2337 3544 2384 tamen

1939 2423 2350 2480 reformatiores
2381 2422 2640 2477 noviores
2669 2432 2935 2493 perpetuo
2965 2431 3124 2489 sunt,
3162 2421 3343 2492 quoad
3373 2421 3549 2477 refor-

1951 2515 2246 2570 matioucm
2297 2512 2636 2582 modernam,
2689 2514 2784 2570 sed
2834 2513 3206 2570 [nereditatem
3263 2522 3546 2584 parentum

1950 2607 2285 2680 primitivum
2313 2607 2561 2663 securius
2598 2615 2981 2676 assequuntur.

2011 2701 2164 2758 Nunc
2197 2701 2357 2772 igitur
2384 2699 2652 2775 proferam
2687 2700 2994 2757 testimonia
3023 2700 3368 2758 fundator-um
3401 2701 3548 2758 ordi-

1943 2793 2026 2850 nis
2047 2791 2443 2858 Cistercieusis,
2475 2808 2592 2863 qua:
2619 2791 2721 2863 ipsi
2747 2791 3012 2848 Pennotto
3033 2793 3146 2863 jam
3177 2804 3305 2848 ante
3330 2803 3544 2849 mutua-

1943 2901 2148 2955 veram,
2166 2893 2224 2941 ut
2241 2886 2323 2942 vel
2339 2887 2416 2942 sic
2432 2886 2575 2957 legat
2591 2899 2718 2941 vere
2730 2900 2793 2940 ac
2809 2887 3026 2958 proprie
3039 2901 3067 2940 a
3085 2886 3144 2942 S.
3167 2885 3440 2943 Benedicti
3465 2887 3547 2942 in-

1943 2983 2132 3039 stituto
2161 2981 2514 3039 descendere.
2547 2980 2760 3036 Titulus
2791 2981 2910 3037 libri
2937 2995 3050 3038 est:
3077 2979 3368 3036 Exordium
3388 2981 3548 3036 sacris

1945 3077 2142 3132 ordinis
2163 3075 2516 3132 Cisterciensis
2542 3092 2572 3128 a
2588 3073 2650 3131 S.
2669 3075 2906 3138 Robcrto.
2925 3075 2986 3130 S.
3002 3075 3258 3142 Albcrico,
3274 3083 3320 3129 et
3345 3074 3406 3131 S.
3433 3074 3551 3130 Ste-

241 3183 356 3223 non
383 3167 558 3237 magis
577 3165 646 3223 de
675 3166 735 3222 Β.
762 3167 820 3222 P.
841 3166 1115 3224 Benedicti
1146 3167 1487 3226 institutione
1520 3169 1834 3227 immediata
1866 3162 1912 3229 C
1942 3167 2756 3244 phauoprintisejusdemordinis
2769 3166 3556 3239 fundatoribus,antequingeu-

241 3259 614 3330 descendere,
660 3275 819 3331 quam
873 3259 1327 3334 Hieronymianos
1379 3261 1650 3320 Eretuitas
1697 3278 1728 3320 ι
1781 3263 1845 3318 D.

245 3354 616 3426 llierouymo:
643 3353 1100 3424 quemadmodum
1124 3355 1240 3426 ipse
1270 3356 1553 3413 contendit
1579 3356 1848 3413 Eretnitas

248 3446 680 3519 Augustiuiauos
730 3430 803 3502 ita
835 3445 1048 3515 dictos,
1093 3449 1217 3519 quia
1265 3449 1449 3520 regula
1497 3457 1555 3506 et
1599 3449 1754 3506 titulo
1785 3450 1850 3506 Β.

251 3539 544 3612 Augustini
594 3556 662 3596 ex
715 3539 967 3612 largitate
1015 3539 1314 3612 apostolica
1362 3541 1584 3598 fuerunt
1633 3542 1844 3599 donati.

256 3633 574 3690 Meminisse
597 3634 885 3704 Oportebat
915 3647 976 3690 se
1003 3632 1054 3689 iu
1083 3633 1232 3690 calce
1259 3635 1464 3706 prologi
1492 3635 1848 3705 promisisse:

257 3723 370 3780 Pro
395 3725 591 3780 viribus
621 3734 872 3796 praestare
891 3728 1138 3793 conabor,
1170 3735 1225 3780 ut
1254 3735 1434 3782 nostra
1449 3731 1579 3800 jura
1599 3729 1710 3783 sine
1731 3727 1859 3783 alio-

258 3836 379 3874 rum
406 3821 608 3894 injuria
627 3829 899 3888 tueamur;
925 3837 1041 3875 cum
1064 3821 1386 3892 propositum
1416 3832 1463 3875 et
1488 3821 1704 3876 intentio
1747 3838 1858 3876 mea

263 3915 564 3971 nullatenus
612 3915 680 3969 sit
723 3915 948 3969 aliorum
979 3915 1221 3970 ordinum
1240 3915 1367 3986 jura
1409 3925 1640 3988 tangere,
1691 3915 1770 3970 rel
1799 3917 1861 3970 de

267 4005 479 4061 illorum
508 4007 835 4078 antiquitate,
872 4005 1091 4080 origine,
1139 4006 1412 4078 dignitate,
1459 4005 1560 4060 nisi
1585 4015 1728 4078 parte
1770 4007 1866 4060 ad-

267 4115 417 4154 versa
438 4107 676 4170 cogente,
705 4099 758 4153 iu
786 4096 884 4153 hoc
913 4113 1066 4169 apere
1094 4098 1386 4168 disputare.
1419 4095 1564 4153 Bene
1593 4097 1864 4168 promisit,

1953 3273 2030 3319 tos
2050 3279 2212 3318 annos
2229 3271 2471 3316 accurate
2492 3262 2857 3333 conscriptum.
2874 3260 3138 3332 Prologus
3153 3277 3282 3318 vero
3306 3279 3320 3316 :
3339 3261 3449 3316 Nos
3468 3260 3557 3316 Ci-

1953 3361 2248 3412 stercienses
2279 3355 2433 3428 primi
2463 3355 2622 3427 hujus
2652 3351 2899 3409 Ecclesia:
2927 3353 3250 3426 fundatores,
3293 3370 3559 3410 successo-

1953 3452 2096 3507 ribus
2145 3451 2333 3506 nostris
2376 3449 2511 3520 styfo
2549 3449 2789 3520 prteseuti
2832 3449 3182 3520 uotificamus,
3214 3466 3370 3521 quam
3399 3465 3558 3504 cano-

1957 3544 2091 3610 nice,
2119 3551 2316 3613 quanta
2345 3542 2676 3610 auctoritate,
2707 3558 2736 3593 a
2762 3541 2947 3612 quibus
2977 3542 3134 3596 etiam
3161 3543 3415 3612 personis,
3442 3543 3565 3614 qui-

1960 3637 2151 3708 busque
2175 3635 2486 3704 temporibus
2508 3634 2792 3688 ctenobium
2814 3645 2859 3688 et
2883 3644 3031 3689 tenor
3051 3635 3168 3689 vita:
3186 3633 3397 3689 illorum
3414 3650 3567 3690 exor-

1961 3732 2107 3786 dium
2126 3731 2434 3799 sumpserit;
2457 3738 2509 3782 ut
2533 3729 2690 3802 hujus
2713 3728 2786 3782 rei
2808 3730 3084 3800 propalata
3107 3729 3310 3784 sincera
3329 3731 3567 3797 ueritate,

1963 3823 2189 3879 tenacius
2217 3831 2263 3877 et
2293 3819 2497 3886 locum,
2537 3830 2584 3874 et
2625 3820 3000 3874 observantiam
3039 3834 3232 3876 sanc'te
3278 3823 3471 3894 regula:
3515 3823 3569 3876 in

1963 3933 2022 3971 eo
2051 3932 2084 3970 a
2108 3914 2253 3970 nobis
2279 3931 2368 3985 per
2388 3913 2488 3968 Dei
2511 3915 2734 3984 gratiam
2763 3925 3039 3985 utcumque
3059 3915 3353 3970 inchoatam
3377 3925 3568 3984 ament,

1965 4019 2074 4064 etc.
2109 4007 2268 4064 Liber
2297 4021 2428 4062 vero
2455 4007 2534 4061 sic
2563 4005 2768 4076 incipit.
2797 4006 2948 4061 Auno
2974 4008 3036 4061 ab
3066 4005 3436 4063 lncarnatione
3465 4009 3574 4063 Ito-

1969 4103 2098 4157 mini
2128 4102 2287 4168 1098,
2322 4102 2484 4166 beata:
2513 4101 2773 4156 memoria:
2801 4100 3056 4157 Robertus
3087 4101 3438 4160 Molisntensis
3471 4103 3579 4159 Ec-

271 4194 366 4250 sed
409 4193 558 4250 male
584 4191 900 4263 complevit.
931 4190 1085 4260 Quis,
1116 4205 1326 4263 quaeso,
1371 4188 1598 4260 cogebat
1628 4204 1777 4256 eum,
1811 4197 1871 4244 ut

274 4285 613 4358 antiquitati,
635 4283 854 4356 origini,
877 4282 1132 4354 dignitati
1164 4292 1246 4338 tot
1277 4291 1594 4338 sanctorum
1619 4279 1870 4336 ordinum

277 4377 608 4452 derogaretl
632 4377 798 4447 Atqui
834 4375 1065 4432 adversa
1102 4388 1228 4446 pars
1268 4373 1403 4431 nihil
1432 4372 1502 4430 de
1531 4373 1730 4430 talibus
1757 4372 1874 4429 dis-

277 4475 474 4544 seruit,
507 4481 566 4529 ut
593 4472 660 4529 ab
701 4471 794 4528 illa
820 4479 1040 4528 coactus
1072 4468 1372 4548 diceretur.
1416 4469 1484 4525 Et
1511 4477 1681 4534 certe,
1712 4469 1757 4523 si
1789 4482 1841 4524 re

1982 4480 2074 4534 sia:
2103 4476 2572 4550 archiepiscopum,
2604 4485 2867 4546 venerunt,
2893 4477 3050 4531 vitam
3090 4495 3238 4532 suam
3282 4478 3376 4533 sub
3418 4490 3594 4535 custo-

283 4570 354 4626 ξω
377 4584 440 4625 se
465 4566 718 4632 haberet.
741 4575 804 4620 ιιι
829 4563 1045 4630 Scribit.
1077 4561 1362 4619 ῑοιεωιιίιε
1381 4569 1675 4632 Utcumque
1705 4569 1875 4627 9550‘s
1900 4557 1954 4618 Ῐ)
1981 4572 2073 4627 dia
2089 4572 2150 4628 S.
2180 4571 2372 4642 regula:
2393 4570 2662 4626 Benedicti
2681 4587 2735 4625 se
2754 4570 3082 4626 ordinaturos
3103 4573 3424 4644 pollicentes;
3446 4584 3493 4628 et
3513 4574 3596 4628 id-

286 4676 478 4734 Pawm
522 4657 672 4716 enim
705 4666 891 4715 "05""
924 4655 1156 4713 ΐθίθπεί
1204 4663 1386 4712 “imm
1433 4654 1717 4725 ΡιὍῐηῙδεῖί⁸
1766 4653 1880 4709 δαῖε
1985 4666 2124 4726 circa
2150 4664 2218 4718 ad
2243 4665 2339 4718 hoc
2360 4663 2568 4718 liberius
2591 4665 2996 4735 assequendutn,
3021 4675 3074 4718 ut
3097 4665 3168 4719 eis
3191 4673 3236 4717 et
3259 4667 3343 4719 sui
3367 4668 3598 4738 juvami-

287 4764 465 4812 staret
494 4769 702 4821 necne;
733 4761 826 4808 aut
853 4753 898 4808 Si
924 4752 994 4808 ab
1017 4751 1202 4822 aliquo
1225 4765 1480 4820 "multam
1508 4749 1561 4804 id
1589 4749 1644 4804 in
1666 4757 1884 4804 CODII'O-
1989 4756 2496 4826 nis,apostolica:que
2517 4756 2842 4810 auctoritatis
2857 4755 3014 4810 robur
3033 4758 3341 4828 porrigeret,
3359 4770 3601 4814 constan-

291 4847 474 4906 versia
505 4845 741 4920 positum
773 4844 998 4913 luisset,
1047 4858 1154 4900 nou
1199 4843 1587 4907 reclamarem;
1617 4851 1710 4896 aut
1743 4841 1790 4898 si
1817 4841 1884 4898 ad
1990 4858 2066 4905 ter
2086 4849 2402 4921 ﬂagitantes.
2429 4848 2660 4914 Quorum
2681 4858 2795 4903 roto
2817 4851 3018 4921 legatus
3039 4848 3126 4904 ille
3149 4850 3381 4907 lwtanter
3403 4855 3599 4924 favens,

292 4957 520 4998 manum
551 4941 672 5012 ipse
697 4953 806 4996 non
835 4937 1084 5006 haberi”.
1106 4951 1230 4993 cum
1263 4935 1380 4992 Ιιίθο
1419 4935 1720 5001 scribebat.
1744 4933 1888 4992 unde
1995 4942 2088 4996 tali
2114 4939 2337 5013 epistola
2364 4941 2565 4994 exordii
2588 4956 2765 4994 eorum
2793 4941 3192 5009 fundamentum
3207 4944 3357 5016 jecit.

295 5036 504 5093 certior
558 5031 676 5089 lieri
718 5031 926 5088 valeret
970 5029 1040 5087 de
1078 5045 1210 5086 vero
1254 5028 1636 5087 Cisterciensis
1681 5027 1889 5084 ordiui‘s
2069 5032 2229 5106 Hugo
2257 5031 2558 5102 Lugdunen.
2588 5031 3000 5106 are/tit'piscopus
3040 5043 3087 5090 et
3129 5037 3429 5108 apostolica:
3471 5035 3606 5091 sedis

296 5126 553 5191 exordio.
610 5123 965 5180 nihilominus
1033 5122 1400 5194 isllorallliam
1471 5121 1836 5179 condonare"!
1875 5137 1890 5177 ἒ
2001 5129 2198 5200 legatus
2229 5127 2452 5182 Roberto
2492 5126 2842 5182 Molismensis
2881 5128 3082 5196 albati,
3119 5142 3166 5184 et
3199 5131 3448 5200 fratribus
3487 5147 3606 5184 cum

298 5234 447 5276 nunc
471 5226 655 5274 autem
687 5233 792 5272 non
823 5216 1002 5273 solum
1033 5214 1192 5271 dioiis
1215 5215 1331 5271 suis
1363 5227 1470 5270 non
1499 5223 1628 5284 Slal,
1660 5213 1755 5271 sed
1781 5229 1894 5271 rem
2003 5237 2062 5276 eo
2083 5220 2364 5277 secundum
2393 5221 2625 5292 regulam
2658 5219 2719 5276 S.
2745 5219 3014 5276 Benedicti
3043 5221 3149 5276 Deo
3176 5223 3371 5277 servire
3396 5221 3608 5294 cupien-

305 5325 606 5384 numquam
636 5309 690 5364 in
713 5307 1088 5366 controversia
1116 5307 1370 5379 positam,
1402 5307 1670 5380 lippisque
1697 5317 1754 5365 et
1782 5317 1901 5365 tou-
2007 5314 2161 5370 tibus.
2198 5312 2394 5367 Notum
2421 5314 2489 5368 sit
2519 5313 2759 5368 omnibus
2787 5313 2849 5368 de
2878 5313 2940 5371 S.
2975 5314 3162 5370 Matris
3195 5313 3440 5369 Ecclesia:
3479 5331 3606 5385 pro-

307 5405 529 5461 soribus
561 5401 923 5470 notissimam,
975 5400 1182 5470 absque
1223 5399 1333 5456 ullo
1378 5398 1754 5468 fundamento,
1805 5399 1900 5456 sed
2009 5412 2151 5481 fectu
2177 5407 2538 5479 gaudentibus,
2565 5425 2652 5462 νος
2679 5417 2727 5463 et
2755 5409 2999 5479 quosdam
3027 5407 3164 5478 ﬁlios
3192 5419 3383 5462 vestros
3417 5406 3606 5462 Molis-

312 5515 463 5557 mera
489 5513 589 5556 sua
618 5498 916 5562 voluntate,
943 5501 997 5550 et
1024 5491 1302 5550 scribendi
1325 5492 1608 5550 celeritate
1631 5493 1902 5564 abnegat:
2015 5503 2206 5556 mensis
2235 5501 2452 5556 coenobii
2493 5501 2678 5572 fratres
2724 5500 2968 5571 Lugduni
3016 5503 3068 5554 in
3117 5511 3292 5554 nostra
3339 5503 3610 5572 pra'sentia

318 5610 384 5653 eo
417 5592 726 5668 prtesertim
769 5599 1040 5660 tempore,
1070 5603 1177 5660 quo
1215 5603 1245 5644 a
1282 5603 1369 5644 me
1397 5597 1684 5660 acceperat
1714 5587 1908 5645 librum
2013 5593 2294 5663 adstitisse,
2327 5609 2388 5648 ac
2419 5593 2613 5667 regula;-
2651 5591 2715 5649 Β.
2762 5591 3048 5659 Benedicti,
3091 5610 3248 5663 quam
3291 5594 3413 5647 illuc
3453 5608 3613 5666 usque

322 5687 537 5746 exordii
562 5683 942 5744 Cisterciensis
969 5681 1201 5750 ordinis,
1225 5696 1331 5738 non
1354 5681 1423 5737 ab
1442 5683 1623 5755 aliquo
1648 5682 1914 5756 scriptore
2018 5687 2189 5757 tepide
2217 5704 2280 5740 ac
2308 5686 2623 5758 negligenter
2651 5687 2703 5741 in
2743 5687 2922 5741 eodem
2966 5686 3279 5741 monasterio
3325 5687 3613 5754 tenueritis,

329 5779 597 5842 moderno
618 5822 634 5848 .
667 5778 764 5840 sed
812 5776 882 5838 ab
926 5776 1060 5850 ipsis
1090 5775 1336 5850 ejusdem
1367 5773 1744 5838 laudatoribus
1782 5778 1916 5838 scri-
2020 5779 2216 5840 arctius
2245 5778 2484 5852 deinceps
2508 5788 2660 5852 atque
2687 5777 2962 5851 perfectius
2989 5775 3238 5836 innati-ere
3265 5776 3390 5837 velle
3413 5778 3614 5852 profes-

1971 4198 2144 4254 clesta:
2173 4196 2226 4250 in
2246 4193 2547 4266 episcopatu
2580 4192 2894 4264 Lingoncnsi
2917 4195 3153 4267 fundato:
3176 4198 3376 4268 primus
3397 4201 3580 4270 abbas,

1975 4297 2021 4345 et
2045 4287 2256 4356 quidem
2285 4287 2517 4360 ejusdem
2545 4285 2764 4340 τρεηοὺἱὶ
2803 4286 2991 4357 fratres
3036 4287 3105 4342 ad
3147 4305 3259 4344 ven.
3308 4289 3586 4363 Hugonem

1979 4393 2102 4440 tunc
2141 4379 2446 4454 apostolicae
2479 4379 2620 4436 sedis
2662 4380 2907 4452 legatum,
2937 4389 2986 4436 et
3009 4379 3376 4456 Lugdunensis
3409 4383 3591 4440 Eccle-
