3962 6336
507 248 610 309 611

1398 242 1694 323 ηΑνιυε
1734 237 1981 300 LULIL‘S
2019 231 2301 294 DEXTER
2342 234 2873 297 CHRONOLOGLS.

3661 242 3748 306 θη

506 383 591 423 sos
620 365 776 437 fuisse
798 381 818 422 :
846 364 986 437 quod
1012 364 1136 436 quia
1161 363 1216 418 in
1245 362 1357 417 loco
1387 361 1634 431 pra-diuo
1666 356 1905 433 pluribus
1940 357 2100 427 impe-
2127 353 2181 413 A
2207 370 2309 426 que
2340 355 2495 410 nobis
2520 354 2723 412 coloris
2754 353 2969 410 habitus
3000 352 3380 421 mutationem,
3408 369 3555 427 quam
3579 357 3747 416 nihilo-

505 457 761 514 dientibus
782 459 952 512 causis
972 465 1174 511 constat
1195 454 1472 523 adimpleri
1491 470 1591 507 non
1608 468 1780 522 posse,
1802 465 1894 504 nos
1914 449 2106 503 utrius-

504 568 604 622 que
629 552 790 625 partis
817 549 997 618 saluti,
1028 550 1264 605 videlicet
1284 548 1405 602 inde
1428 546 1794 612 recedentium,
1822 552 1977 614 atque
1996 540 2106 596 illic

500 644 880 698 remanentium
909 643 1252 715 providentes,
1289 643 1344 695 in
1377 639 1549 694 locum
1587 637 1746 692 alium
1786 652 1939 708 quem
1966 634 2105 689 nobis

502 736 680 791 divina
705 737 924 809 largitas
955 735 1319 809 designaverit,
1346 733 1625 795 declinare.
1655 732 1825 803 ibique
1846 730 2105 786 salubrius

503 838 657 901 atque
684 831 909 902 quietius
950 829 1174 884 Domino
1217 828 1462 902 famulari
1511 827 1640 882 utile
1681 826 1929 881 duximus
1972 827 2102 895 fore.

513 920 668 977 Vobis
696 939 819 993 ergo
846 932 968 976 tunc
993 921 1326 995 praesentibus
1356 921 1577 977 Roberto
1624 918 1821 984 abbati,
1861 916 2109 989 fratribus

501 1030 700 1084 quoque
748 1014 1006 1082 Alberico,
1055 1013 1253 1079 Odoni,
1289 1012 1506 1081 Joanni,
1538 1011 1830 1085 Stephano,
1865 1007 2104 1077 Letaldo,

505 1118 551 1161 et
583 1105 760 1171 Petro,
792 1107 881 1161 sed
909 1117 957 1162 et
986 1109 1225 1162 onmibus
1252 1124 1381 1179 quos
1418 1106 1725 1180 regulariter
1760 1115 1808 1161 et
1845 1105 2108 1160 communi

503 1200 721 1253 consilio
750 1199 888 1254 vobis
918 1200 1117 1255 sociare
1144 1200 1493 1269 decreveritis,
1522 1199 1619 1255 hoc
1648 1209 1881 1255 sanctum
1910 1215 2109 1270 propo-

500 1293 659 1345 situm
686 1308 909 1359 servare,
941 1303 991 1347 et
1021 1304 1143 1347 tunc
1173 1294 1548 1362 consuluimus,
1582 1306 1628 1348 et
1654 1304 1709 1347 ut
1732 1294 1786 1347 in
1815 1292 1910 1346 hoc
1935 1309 2107 1364 perse-

499 1385 682 1439 veretis
714 1386 1066 1456 prcecipimus,
1098 1397 1145 1442 et
1174 1388 1482 1443 auctoritate
1510 1388 1796 1458 apostolica
1830 1404 1921 1459 per
1946 1385 2106 1459 sigilli

504 1478 667 1532 nostri
693 1479 1085 1551 impressionem
1113 1480 1167 1535 in
1200 1491 1506 1552 perpetuum
1530 1482 1923 1549 conﬁrmamus.
2020 1542 2027 1549 ,

575 1571 814 1642 Pergunt
841 1583 1094 1629 auctores
1120 1590 1377 1630 enarrare
1411 1575 1641 1644 qualiter
1673 1574 1795 1629 inde
1822 1573 2106 1630 disceden-

504 1672 589 1721 tes
607 1663 662 1719 in
686 1664 944 1721 Eremum
969 1665 1220 1723 Cistercii
1240 1668 1616 1737 convolarunt,
1644 1667 1882 1739 inibique
1903 1667 2107 1723 Cister-

2208 450 2387 504 minus
2437 464 2505 505 ex
2558 450 2761 520 regulae
2792 449 3115 520 praescripto
3159 448 3377 506 licuisse
3420 449 3583 507 facere
3607 454 3752 510 nostri

2209 541 2606 599 contendebant
2637 556 2759 611 cap.
2792 543 2864 599 55
2897 557 3043 614 reg..
3074 541 3145 598 de
3173 556 3278 613 qua
3308 540 3460 598 etiam
3492 544 3755 613 quastione

2207 636 2318 706 agit
2342 634 2457 705 ipse
2488 633 2791 691 Bernartius
2817 637 2871 689 in
2897 634 3160 706 Apologia
3179 633 3247 689 ad
3267 632 3589 690 Guilielmum
3613 634 3758 691 abba-

2209 735 2341 795 tem,
2374 727 2464 782 ubi
2493 727 2741 783 ordinem
2769 726 2827 784 S.
2858 727 3134 784 Benedicti
3162 741 3325 783 suum
3346 726 3498 796 pleno
3521 742 3609 783 ore
3632 726 3757 785 ordi-

2208 835 2331 877 nem
2360 830 2539 879 vocat.
2565 821 2645 878 Ex
2668 821 2753 878 his
2776 821 2942 893 igitur
2963 820 3166 887 videat,
3182 819 3538 893 qua:so,it.P.
3557 820 3761 877 l‘cnnot-

2210 926 2295 971 tus
2323 926 2584 989 quantum
2613 916 2835 989 deroget
2879 915 3268 973 Cisterciensis
3318 913 3515 971 ordinis
3555 914 3757 986 intibus,

2209 1022 2331 1064 cum
2361 1009 2534 1081 ipsum
2564 1024 2594 1065 a
2627 1010 2688 1064 Ι).
2720 1018 3105 1080 prompsi-cute
3134 1006 3427 1065 Benedicto
3452 1007 3653 1063 nurnine
3677 1008 3761 1064 de-

2208 1102 2470 1159 scendere
2491 1102 2700 1158 scribit.
2729 1102 2916 1172 Neque
2937 1101 3183 1174 estquod
3202 1109 3475 1166 sumetur,
3496 1101 3613 1157 dum
3634 1099 3765 1157 videt

2208 1198 2572 1254 communiter
2599 1198 2668 1253 ab
2697 1198 3017 1255 auctoribus
3053 1213 3167 1254 non
3202 1197 3388 1254 vocari
3427 1197 3762 1269 congregatio-

2210 1306 2332 1346 nem
2356 1292 2795 1361 Cisterciensem,
2823 1291 2917 1347 sed
2940 1291 3187 1347 ordinem
3210 1290 3486 1357 absolute;
3516 1290 3612 1344 hoc
3637 1288 3761 1344 enim

2210 1400 2318 1439 non
2344 1383 2474 1440 facit
2496 1400 2618 1441 eum
2647 1385 2961 1442 discernere
2984 1385 3053 1442 ab
3083 1385 3277 1441 ordine
3298 1385 3467 1440 sancti
3497 1382 3760 1449 Benedicti,

2210 1478 2361 1548 qua’si
2394 1479 2755 1536 essentialiter
2774 1479 3100 1552 diversuml
3119 1488 3179 1535 ut
3201 1478 3536 1535 scholasticis
3552 1476 3656 1533 suis
3675 1487 3764 1532 ter-

2210 1574 2370 1629 minis
2411 1571 2629 1645 loquar)
2668 1571 2764 1629 sed
2805 1571 3249 1638 accidentaliter;
3289 1586 3390 1642 qua
3423 1570 3489 1627 de
3521 1586 3578 1627 re
3601 1569 3717 1626 alibi
3739 1583 3767 1624 s

2212 1667 2365 1723 nobis
2413 1667 2586 1724 fusius
2633 1674 2920 1724 tractatum
2969 1676 3073 1733 est,
3114 1665 3169 1722 in
3197 1664 3769 1738 specialiopuscuiode

502 1759 686 1815 ciense
716 1760 1026 1816 ctenobium
1054 1769 1501 1828 construxerunt,
1534 1777 1599 1818 ex
1628 1778 1735 1832 quo
1761 1761 2103 1832 postmodum
2138 1752 2184 1812 Β
2214 1762 2428 1833 propria
2460 1760 2858 1831 significatione
2885 1760 3049 1830 hujus
3074 1759 3222 1815 vocis
3254 1758 3418 1813 Ordo.
3461 1757 3601 1813 idem
3635 1771 3771 1827 pror-

502 1850 565 1906 Β.
600 1853 871 1924 praecipue
898 1854 1175 1910 Bernardo
1200 1863 1526 1926 procurante
1555 1854 1872 1911 reiormatio
1910 1856 2022 1924 ipsa
2049 1854 2104 1910 in

503 1949 759 2008 universo
785 1953 914 2008 urbe
942 1963 1232 2026 prepagata
1255 1962 1358 2009 est.
1383 1952 1600 2029 Minime
1624 1968 1758 2025 ergo
1779 1955 1903 2009 novi
1929 1953 2104 2010 homi-

500 2057 601 2098 nes
629 2059 661 2098 e
688 2044 887 2100 saeculo
915 2059 1106 2100 recens
1136 2045 1342 2112 educti,
1389 2045 1641 2101 ordinem
1680 2046 2099 2102 Cisterciensem

498 2134 892 2205 instaurarunt,
925 2137 1021 2194 scd
1053 2138 1303 2194 monachi
1338 2139 1677 2197 Benedictiui
1709 2141 1945 2198 cmumbii
1989 2141 2102 2198 Mo-

499 2227 794 2297 lismensis,
836 2246 904 2288 eo
951 2234 1203 2302 permoti,
1234 2233 1377 2304 quod
1404 2234 1647 2305 regulam
1677 2250 1836 2305 quam
1870 2234 2100 2306 professi

499 2323 713 2380 fuerant
742 2326 922 2396 tepide
972 2327 1134 2382 nimis
1180 2327 1289 2383 illic
1338 2327 1600 2384 hactenus
1644 2329 2095 2385 observaverunt.

501 2416 644 2472 Nam
662 2419 762 2472 viri
791 2420 877 2474 isti
899 2420 985 2490 (ut
1013 2435 1133 2491 cap.
1165 2421 1199 2477 4
1228 2419 1461 2488 dicitur)
1494 2422 1635 2494 apud
1669 2420 1969 2477 Molismum
2000 2438 2097 2494 po-

497 2512 606 2582 siti,
637 2513 826 2584 saepius
855 2514 987 2569 inter
1007 2530 1083 2582 se,
1120 2513 1215 2569 Dei
1247 2516 1417 2588 gratia
1446 2515 1685 2588 aspirati,
1719 2516 1781 2570 de
1807 2525 2098 2585 transgres-

496 2608 639 2662 sione
663 2607 857 2681 regulce
877 2607 939 2662 Β.
982 2608 1245 2664 Benedicti
1289 2609 1466 2665 Patris
1510 2611 1881 2666 monachorum
1923 2609 2103 2682 loque-

498 2702 703 2770 bantur,
725 2713 774 2759 et
796 2704 1244 2759 contristabantur
1268 2705 1493 2760 videntes
1515 2722 1569 2761 se
1590 2714 1898 2777 crateresque
1918 2721 2101 2761 mona-

496 2799 619 2852 clros
644 2798 778 2853 hanc
801 2799 1033 2872 regulam
1060 2799 1275 2854 solemni
1300 2801 1619 2872 professione
1645 2808 1937 2855 servaturos
1978 2817 2100 2873 ρι’οο

495 2889 724 2956 misisse,
773 2905 985 2961 eamque
1040 2892 1249 2946 minime
1295 2892 1598 2949 custodisse.
1643 2891 1712 2948 Et
1754 2903 1964 2966 propter
2004 2894 2105 2948 hoc

492 2984 792 3053 apostolica
814 2984 951 3038 sedis
979 2984 1134 3057 legati
1173 2987 1485 3041 auctoritate
1530 2987 1641 3053 (uti
1675 2984 2097 3059 prtelibavimus)

490 3079 561 3133 ad
586 3077 721 3133 hanc
749 3068 1079 3135 solitudinem
1110 3092 1163 3135 ut
1194 3083 1570 3155 professionem
1596 3099 1745 3136 suam
1772 3083 2094 3137 observantia

490 3170 556 3228 S.
588 3172 781 3245 regula:
809 3172 1176 3245 adimplerent,
1206 3182 1312 3229 etc.
1355 3173 1716 3245 Subinl‘erunt
1758 3174 1954 3230 deinde
1999 3190 2094 3229 au-

488 3274 670 3322 ctores
690 3265 900 3322 litteras
921 3267 1246 3337 apostolicus
1272 3267 1475 3325 Urbani
1501 3267 1564 3336 ll,
1590 3278 1642 3324 et
1666 3267 1943 3324 Paschalis
1966 3269 2092 3326 item

486 3357 553 3428 ll,
577 3360 737 3416 ltum.
760 3360 1106 3430 Pontificum,
1130 3362 1750 3419 duorum’cardiualium
1776 3373 1829 3421 et
1851 3364 2093 3434 episc0pi

489 3453 892 3526 Cabilonensis,
924 3456 1185 3527 binasque
1213 3457 1348 3513 alias
1379 3457 1589 3527 praefati
1621 3457 1861 3528 Hugonis
1900 3458 2087 3528 legati,

487 3549 687 3621 quibus
726 3548 1044 3606 reformalio
1093 3550 1207 3621 ipsa
1253 3553 1576 3607 confirmata
1621 3559 1724 3607 est.
1776 3549 2094 3620 Eodemque

485 3658 715 3715 prorsus
756 3653 915 3715 pacto
955 3644 1239 3701 conferunt
1280 3644 1521 3701 historici
1571 3659 1761 3711 omnes
1807 3643 2090 3701 exordium

482 3744 750 3804 nostrum,
782 3744 842 3792 nt
869 3736 1055 3794 videre
1078 3746 1161 3794 est
1182 3736 1323 3809 apud
1345 3738 1665 3802 Cznsarium.
1694 3738 1790 3794 lib.
1823 3754 1837 3794 ι
1882 3738 2092 3810 Dialog.

482 3826 890 3895 Miraculorum,
921 3843 1045 3900 cap.
1091 3830 1156 3895 i;
1203 3830 1548 3886 Vincentium
1599 3830 1987 3888 Belvacensem
2034 3833 2093 3888 in

482 3922 647 3994 Spes.
675 3924 877 3980 Histor.
903 3922 998 3981 lib.
1047 3940 1180 3985 xxv.
1208 3940 1327 3994 cap.
1353 3924 1424 3983 94
1446 3933 1501 3981 et
1525 3926 1624 3991 93;
1656 3934 1711 3982 et
1734 3926 2090 3994 Antoninum,

475 4030 544 4073 ex
577 4031 644 4073 eo
671 4016 737 4073 ad
765 4017 1021 4083 verbum;
1058 4018 1408 4090 Sigibertum,
1442 4035 1540 4076 seu
1569 4020 1698 4091 ejus
1741 4022 2092 4077 continuato-

396 4184 399 4187 _
476 4124 592 4165 rem
641 4109 963 4175 Rubertum,
1007 4109 1074 4165 ad
1116 4126 1318 4167 annum
1372 4112 1539 4178 1098;
1591 4122 1646 4169 et
1677 4122 1945 4185 quotquot
1970 4114 2094 4185 ejus

474 4202 683 4259 ordinis
706 4202 916 4258 exordii
949 4202 1353 4259 meminerunt:
1384 4214 1440 4260 et
1470 4205 1936 4278 novissime-apud
1967 4209 2075 4264 Au-

474 4295 689 4352 bertum
713 4296 977 4361 Mirarum,
1003 4296 1301 4353 Barnabam
1325 4296 1392 4353 de
1418 4297 1713 4365 Montalvo,
1739 4300 2080 4358 Bernardum

474 4386 544 4442 de
588 4387 737 4441 Brito
778 4386 831 4442 iu
875 4386 1159 4443 Cbruuieis
1199 4388 1563 4457 Cistercens.,
1620 4391 2075 4462 oraclissimeque

474 4477 528 4534 in
556 4476 763 4534 Laurea
795 4478 1114 4548 Evangelica
1144 4479 1211 4535 Β.
1245 4479 1535 4536 admodum
1558 4481 1621 4536 Ρ.
1645 4497 1710 4538 ac
1731 4483 2078 4540 celeberrimi

470 4570 615 4640 apud
658 4570 1117 4626 Salmauticenses
1155 4571 1444 4643 theologia:
1490 4573 1821 4643 professoris
1871 4576 2071 4645 publici

472 4661 567 4718 Fr.
598 4663 786 4735 Angeli
819 4662 1119 4734 Maurique,
1166 4673 1228 4720 ut
1268 4665 1583 4723 innumeros
1627 4667 1760 4723 alios
1799 4669 2074 4726 omittam.

468 4754 761 4813 Notatioue
787 4757 947 4827 digna
973 4762 1100 4813 "sunt
1127 4757 1292 4813 verba
1311 4755 1532 4814 Ctesarii
1562 4778 1575 4814 :
1602 4760 1720 4816 Hoc
1743 4772 1918 4817 autem
1943 4781 2079 4835 prce-

439 4881 443 4885 -
468 4848 634 4919 ﬁxum
661 4857 856 4917 teneas,
889 4850 1054 4905 nostri
1079 4859 1343 4907 auctorem
1369 4867 1478 4906 esse
1509 4852 1769 4922 Spiritum
1798 4867 2079 4925 sanctum;

467 4941 821 4996 institutorem
850 4941 913 4999 S.
947 4941 1318 5011 Benedictum;
1350 4947 1692 5002 invocatorem
1720 4966 1839 5004 vero
1866 4967 2080 5007 venera-

466 5033 619 5088 bilem
648 5032 886 5089 abbatem
917 5033 1216 5090 Robertum.
1255 5035 1390 5094 Hinc
1428 5036 1575 5093 inter
1622 5040 1949 5097 reformatus
1991 5044 2079 5099 Ci-

464 5128 794 5185 stercienses
836 5138 891 5184 et
934 5128 1327 5187 Cluniacenses
1372 5140 1488 5187 orta
1536 5132 1636 5189 fuit
1664 5136 1916 5206 quaestio,
1957 5152 2077 5209 quae

468 5221 783 5294 frequenter
829 5223 970 5280 inter
1012 5222 1333 5281 reformatus
1358 5235 1413 5282 et
1440 5241 1548 5283 non
1577 5227 1906 5287 reformatus
1934 5232 2077 5303 ejus-

467 5314 591 5372 ‘dem
621 5316 830 5373 ordinis
860 5316 930 5374 de
954 5317 1322 5384 observantia,
1366 5334 1463 5376 seu
1515 5323 1951 5394 transgressione
1988 5341 2076 5383 re.

467 5408 609 5479 gula:
638 5409 771 5465 oriri
815 5410 981 5477 solet,
1032 5425 1193 5482 quam
1248 5410 1434 5468 videre
1483 5412 1611 5469 licet
1662 5416 1803 5485 apud
1854 5417 2074 5475 Petrum

472 5498 743 5557 Venerab.
792 5501 886 5556 lib.
934 5516 1018 5569 tu,
1067 5503 1227 5571 epist.
1260 5503 1313 5557 in
1344 5503 1417 5559 28
1448 5504 1512 5560 ad
1541 5506 1600 5562 S.
1633 5506 1991 5578 Bernardum,
2023 5522 2077 5568 et

465 5587 561 5646 lib.
596 5606 651 5659 v,
681 5589 846 5662 epist.
882 5592 970 5656 i6,
1003 5592 1070 5648 ad
1099 5595 1378 5663 eumdem,
1414 5595 1506 5650 ubi
1537 5599 1828 5669 respondet
1872 5601 1940 5656 ad
1984 5602 2072 5671 12,

464 5681 725 5740 articulos
767 5684 968 5756 regula:
994 5684 1054 5742 S.
1086 5684 1148 5739 P.
1181 5685 1482 5754 Benedicti,
1523 5686 1575 5743 in
1619 5689 1815 5761 quibus
1854 5692 2077 5751 Clunia-

457 5786 566 5837 ens
596 5786 655 5837 es
680 5772 916 5837 deiicere
939 5776 1263 5838 taxabantur
1291 5776 1819 5857 aGisterciensibus,
1855 5782 2071 5858 objicit-

2208 1869 2301 1910 sus
2327 1853 2396 1910 de
2422 1853 2542 1909 aliis
2564 1852 3041 1910 reformationibus
3069 1850 3275 1907 ordinis
3305 1849 3477 1907 sancti
3521 1846 3767 1904 Benedicti

2204 1951 2545 2006 sentiendum
2576 1958 2679 2013 est,
2710 1964 2833 2004 nam
2859 1948 2916 2003 S.
2945 1946 3303 2013 Romualdus,
3335 1960 3367 2000 a
3392 1958 3501 2016 quo
3522 1942 3770 1999 Consida-
3849 1944 3853 1949 ’

2202 2044 2404 2109 lenses,
2433 2042 2492 2099 S.
2521 2042 2760 2101 Joannes
2789 2041 3138 2105 Gualbertus,
3171 2056 3199 2094 a
3227 2054 3338 2111 quo
3362 2036 3767 2100 Valumbrosani,

2202 2146 2259 2192 et
2302 2136 2359 2191 S.
2410 2135 2692 2201 Silvester,
2742 2150 2772 2189 a
2821 2149 2931 2205 quo
2971 2134 3308 2200 Silvestrini,
3358 2131 3604 2189 monachi
3650 2127 3770 2201 nigri

2203 2237 2381 2298 erant,
2413 2236 2468 2283 et
2490 2227 2737 2284 ordinem
2766 2242 2923 2281 suum
2955 2225 3258 2282 reformare
3284 2231 3656 2296 procurarunt.

2272 2324 2445 2392 Quale
2475 2324 2640 2379 etiam
2671 2332 2756 2379 est
2786 2321 2917 2378 illud
2951 2321 3095 2393 quod
3125 2320 3223 2375 lib.
3261 2336 3324 2389 tr,
3362 2335 3483 2391 cap.
3515 2318 3600 2384 7'5,
3640 2330 3769 2373 num.

2204 2419 2255 2488 l,
2289 2418 2588 2473 Pennottus
2616 2417 2851 2472 asserit:
2885 2414 3287 2470 ALnon’solum
3331 2412 3598 2480 originem,
3622 2422 3779 2464 verum

2202 2514 2355 2566 etiam
2384 2513 2673 2584 prcecipuos
2701 2510 3046 2564 illustratores
3075 2524 3137 2562 ea:
3163 2507 3344 2561 eodem
3376 2505 3554 2561 ordine
3578 2501 3771 2557 canonio

2201 2623 2376 2662 eorum
2404 2607 2511 2679 ipse
2544 2606 2682 2660 ‘ordo
2730 2604 3045 2659 monasticus
3081 2600 3321 2674 accepit?
3351 2598 3440 2655 ubi
3476 2593 3773 2653 enumeratis

2203 2701 2473 2757 nonnullis
2503 2700 2727 2762 sanctis,
2762 2698 2853 2769 qui
2887 2696 2953 2751 ad
2988 2694 3374 2751 Benedictinos
3415 2708 3481 2749 ex
3526 2687 3776 2747 canonicis

2201 2793 2332 2849 olim
2359 2791 2644 2847 transitum
2669 2789 2936 2856 fecerunt,
2957 2787 3252 2843 subinfert:
3276 2786 3359 2841 De
3384 2781 3774 2840 Cistereiensibus

2203 2905 2283 2943 res
2327 2886 2498 2941 adhuc
2540 2884 2706 2940 multo
2748 2884 2914 2957 magis
2938 2882 3216 2955 conspicua
3247 2889 3342 2947 est,
3373 2896 3491 2934 cum
3519 2893 3645 2931 unus
3671 2873 3779 2928 ﬂa-

2203 2980 2424 3047 lacltias,
2440 2978 2698 3051 regularis
2719 2977 3003 3032 canonicus
3028 2976 3080 3029 in
3102 2973 3363 3029 Hibernia
3388 2980 3484 3038 tot,
3504 2968 3785 3026 Cistercietto

2201 3073 2335 3126 sium
2354 3071 2584 3126 ctenobia
2605 3069 2914 3140 fundaverit,
2941 3083 3057 3122 cum
3076 3068 3278 3140 integra
3294 3067 3659 3121 canonicorum
3685 3074 3785 3116 rno-

2198 3166 2428 3220 nasteria
2453 3165 2520 3218 ad
2552 3164 2911 3219 Cistercienses
2940 3162 3257 3228 transierint,
3289 3170 3350 3216 ut
3395 3166 3533 3231 patet
3578 3159 3631 3212 in
3669 3156 3781 3210 Afra

2197 3259 2403 3314 abbatia
2423 3258 2791 3313 canonicorunt
2808 3256 3132 3330 regularium
3153 3253 3539 3323 Leodiensium,
3561 3265 3707 3321 quam
3725 3247 3779 3305 3.

2198 3353 2496 3410 Bernartius
2526 3352 2578 3406 in
2612 3352 2978 3406 monasterium
3015 3349 3438 3405 Cisterciensium
3475 3346 3714 3403 mutarit:
3737 3349 3783 3398 et

2197 3448 2263 3502 de
2286 3450 2458 3518 priore
2475 3446 2774 3502 monasterii
2795 3445 3137 3501 Eboracensis
3156 3449 3274 3501 cum
3297 3443 3537 3499 omnibus
3556 3443 3659 3513 fere
3672 3436 3784 3493 dicti

2196 3543 2496 3597 monasterii
2517 3541 2763 3615 fratribus
2783 3542 2851 3595 ad
2873 3541 3230 3596 Cistercienses
3250 3539 3501 3612 profectis
3516 3554 3611 3608 pro
3621 3533 3781 3607 quibus

2195 3638 2307 3701 ipse
2348 3634 2417 3692 ι).
2448 3634 2746 3691 Bernardus
2791 3635 2860 3688 ad
2898 3634 3133 3688 abbatem
3182 3631 3563 3687 Eboracensem
3602 3624 3783 3698 scripsit

2196 3729 2469 3802 epistolam
2495 3747 2612 3801 qua:
2640 3739 2711 3784 est
2746 3729 2799 3783 in
2845 3728 3030 3783 ordine
3069 3726 3174 3793 93,
3221 3743 3284 3782 ea:
3325 3741 3549 3800 quorum
3594 3735 3783 3777 nurnero

2194 3825 2401 3881 videtur
2449 3825 2608 3895 fuisse
2651 3823 2716 3877 B.
2768 3821 3101 3891 llumbertus,
3151 3823 3301 3896 cujus
3343 3820 3528 3877 laudes
3552 3812 3784 3874 recensuit

2195 3920 2329 3973 idem
2352 3917 2416 3973 Β.
2444 3917 2739 3972 Bernartius
2763 3916 2819 3970 in
2840 3915 3052 3986 proprio
3070 3910 3304 3969 sermone
3323 3916 3389 3969 de
3404 3914 3581 3969 cadent
3603 3907 3777 3962 habito.

2196 4012 2323 4067 llmc
2351 4011 2463 4066 ille.
2487 4009 2596 4067 Sed
2621 4008 2877 4080 quidquid
2904 4007 2972 4064 de
2996 4007 3193 4063 horum
3217 4006 3454 4063 veritate
3476 4006 3567 4070 sit,
3586 4000 3786 4058 videant

2197 4105 2452 4171 lectores,
2484 4102 2573 4175 qui
2601 4118 2666 4158 ex
2696 4101 2905 4157 duobus
2935 4100 3135 4157 fuerint
3160 4101 3443 4168 illustrati,
3469 4094 3706 4155 canonici
3726 4090 3784 4145 ad

2195 4196 2589 4254 Cistercicnses
2630 4193 3033 4250 reformationis
3081 4208 3145 4250 ac
3190 4192 3498 4249 sanctitatis
3542 4194 3787 4263 prmtextu

2196 4289 2579 4363 adipiscemlze,
2610 4296 2973 4355 transeuntes,
3000 4304 3066 4342 an
3091 4286 3489 4343 Cistercienses
3512 4282 3785 4341 canonicos

2197 4389 2319 4444 sinu
2361 4401 2460 4443 suo
2490 4384 2940 4454 complectentes,
2974 4392 3027 4438 et
3055 4388 3116 4438 ut
3144 4381 3211 4438 ad
3240 4382 3573 4438 altissimum
3603 4372 3787 4435 sancti

2199 4482 2324 4538 tatis
2374 4479 2644 4551 fastigium
2695 4477 3033 4535 evehentes?
3076 4476 3185 4533 Aut
3232 4476 3460 4532 dubium
3502 4471 3790 4532 sanctiores

2193 4575 2345 4641 facti,
2384 4573 2619 4629 illustres
2665 4571 2861 4628 redditi
2902 4579 3057 4640 sunt;
3094 4586 3200 4627 non
3247 4571 3397 4627 enim
3443 4563 3690 4626 canonici
3731 4559 3791 4616 ad

2183 4668 2585 4726 Cistercienses
2634 4666 2988 4735 transierunt,
3045 4671 3244 4721 urens
3296 4665 3659 4727 illustrarent,
3708 4664 3788 4713 aut

2182 4763 2527 4834 perficerent.
2555 4760 2650 4817 sed
2684 4768 2742 4815 ut
2773 4758 3123 4829 perfectiores
3154 4766 3210 4814 et
3240 4755 3573 4814 illustriores
3601 4749 3780 4810 redde-

2183 4866 2394 4914 rentur.
2431 4856 2521 4914 Sic
2553 4855 2610 4910 in
2660 4853 2823 4910 simili
2865 4867 2994 4909 casu
3044 4852 3259 4910 censuit
3308 4849 3625 4909 Bernardus
3669 4847 3792 4917 ipse.

2183 4952 2483 5025 ait(epist.
2518 4951 2700 5022 in):
2746 4949 2885 5016 Hoc,
2932 4951 3165 5019 inquam,
3215 4949 3311 5005 hoc
3356 4964 3579 5021 prorsus
3615 4959 3697 4999 vos
3740 4939 3794 4995 de

2190 5046 2480 5101 illustribus
2520 5042 2751 5099 reddidit
2793 5043 3127 5111 illustriores,
3174 5041 3463 5098 sanctiores
3496 5040 3559 5097 de
3589 5034 3790 5098 sanctis,

2189 5152 2237 5196 et
2268 5140 2574 5211 ubicumque
2600 5139 2900 5214 divulgatus
2930 5148 3002 5193 est
3023 5153 3191 5191 sermo
3213 5137 3329 5201 iste,
3374 5135 3597 5209 replevit
3637 5128 3797 5188 omnia

2190 5235 2349 5290 odore
2377 5233 2651 5289 suavitatis
2674 5274 2686 5287 .
2712 5272 2726 5288 .
2754 5272 2767 5287 .
2805 5231 2974 5300 Quam
3003 5230 3121 5285 freto
3152 5230 3269 5284 sinu
3298 5229 3512 5301 collegit
3548 5243 3637 5283 vos
3674 5219 3798 5278 mal-

2193 5324 2365 5380 titndo
2394 5323 2829 5389 Cisterciensium,
2860 5330 2967 5377 etc.
2999 5319 3154 5388 Quod
3184 5321 3226 5376 si
3259 5320 3463 5377 dixerit
3490 5319 3633 5391 quis,
3661 5310 3796 5372 ordi-

2191 5433 2314 5474 nem
2345 5418 2507 5473 etiam
2551 5425 2794 5472 nostrum
2835 5412 3096 5469 illustrari
3148 5412 3384 5468 adventu
3428 5413 3620 5470 talium
3659 5410 3794 5465 viro—

2186 5525 2329 5578 rum,
2380 5508 2434 5565 id
2474 5508 2697 5564 minime
2722 5521 3004 5578 negamus,
3041 5504 3136 5561 sed
3165 5521 3274 5561 non
3301 5505 3465 5560 aliter
3490 5512 3651 5576 quam
3689 5498 3799 5557 iliu-

2187 5604 2381 5660 strium
2429 5601 2706 5659 hominum
2750 5615 2781 5656 c
2820 5598 3020 5655 sacculo
3060 5596 3399 5654 venientium
3432 5597 3505 5653 ad
3535 5595 3794 5657 ordinem,

2187 5695 2307 5766 quis
2339 5711 2450 5750 non
2481 5693 2626 5749 videt
2648 5691 2672 5746 ?
2698 5707 2868 5761 quare
2899 5706 3051 5762 aeque
3081 5689 3347 5746 srcculum
3372 5692 3555 5760 ipsum
3587 5679 3795 5760 gloriari

2187 5786 2417 5860 poterit,
2446 5784 2588 5860 quod
2618 5784 2838 5844 ordines
2864 5781 3153 5843 universos
3183 5781 3569 5840 illustraverir.
