4062 6340
269 205 375 267 613

1343 198 1873 260 APOLOGE'HCUS
1915 195 2049 256 l'RO
2088 197 2150 255 L.
2195 196 2498 256 DEXTRO.

3466 191 3572 253 6M

338 325 622 396 Negamus
649 328 913 396 pmterea
943 319 1002 379 S.
1029 319 1344 376 Malachiam
1376 319 1538 376 fuisse
1560 322 1877 377 canonicum
1907 324 1953 382 Α
1985 316 2312 384 Bernartius,
2349 317 2436 388 qui
2470 328 2710 388 praesens
2734 313 3070 380 fuit,coutra
3103 316 3402 373 Gilbcrtum
3439 316 3569 372 Por-

273 419 602 489 regularem,
621 432 744 473 cum
766 415 945 472 verius
965 415 1037 493 sit
1060 415 1378 470 monachum
1397 424 1656 486 perpetuo
1677 417 1864 483 fuisse,

267 519 324 566 et
349 511 569 581 quando
597 509 1049 566 Cisterciensibus
1078 509 1326 566 cmnobia
1355 509 1411 563 in
1450 509 1707 564 llibernia
1749 509 1868 564 fun-

263 605 456 672 dabat,
488 605 551 660 ad
583 606 728 676 ipsos
754 604 865 675 jam
899 604 1218 670 transiisse;
1254 619 1374 658 nam
1405 613 1461 660 et
1490 615 1707 661 sanctus
1739 604 1869 659 Ber-

262 698 473 755 nardus
498 713 617 754 cum
643 697 828 753 bahitu
859 699 915 754 S.
949 697 1227 754 Malacliia:
1266 697 1559 768 sepultum,
1591 707 1644 752 et
1673 711 1702 754 e
1731 712 1864 752 con-

257 807 425 849 verso
456 791 767 848 Malachiam
793 806 914 846 cum
957 800 1109 848 veste
1156 789 1415 846 Bernardi
1463 799 1620 846 certo
1667 789 1868 845 scimus

261 901 326 943 ex
354 886 460 942 ult.
485 901 604 954 cap.
643 885 776 940 Vita:
804 885 861 942 S.
893 883 1150 940 Bernardi
1183 899 1278 954 per
1307 883 1474 954 ipsius
1510 882 1864 938 secretarium

258 979 499 1049 scriptae,
539 978 630 1050 qui
679 977 854 1033 funeri
896 978 1012 1047 ejus
1042 977 1307 1034 interfuit.
1339 975 1493 1033 Unde
1521 985 1574 1030 et
1600 992 1629 1030 a
1661 975 1866 1030 Cister-

259 1073 537 1128 cicnsibus
571 1073 624 1127 in
652 1073 956 1144 catalogum
985 1087 1206 1126 suorum
1249 1078 1556 1126 sanctorum
1603 1077 1868 1140 perpetuo

259 1175 602 1234 recensetur,
633 1178 685 1222 et
719 1176 990 1235 tamquam
1021 1180 1162 1220 unus
1192 1179 1259 1221 ex
1285 1164 1418 1230 suis,
1450 1163 1738 1233 quotannis
1777 1178 1864 1216 so-

256 1259 424 1314 lemni
461 1260 644 1316 officio
672 1259 1016 1316 celebratur:
1069 1259 1214 1331 quod
1264 1267 1442 1315 tamen
1488 1269 1866 1328 argumentum

257 1353 554 1422 aliquando
584 1354 852 1411 Pennotto
878 1355 1052 1411 visum
1087 1354 1188 1409 fuit
1211 1354 1402 1411 efﬁcax
1429 1352 1495 1408 ad
1526 1352 1863 1424 probandum

256 1446 315 1500 S.
361 1447 733 1504 llerculanutn
783 1449 950 1505 fuisse
990 1448 1290 1520 regularem
1334 1447 1694 1502 canonicum:
1741 1447 1864 1517 quia

257 1539 474 1596 scilicet
498 1557 527 1596 a
555 1539 828 1597 canonicis
856 1541 1031 1613 regul.
1057 1540 1291 1597 solemni
1320 1540 1497 1595 officio
1524 1539 1741 1597 colitur.

328 1631 548 1688 Rursus
589 1635 973 1689 monasterium
1020 1633 1087 1690 de
1118 1633 1252 1688 Alna
1300 1631 1412 1705 (sic
1445 1632 1587 1688 enim
1619 1641 1863 1698 vocatur,

1972 418 2217 464 rctauum
2250 409 2532 464 Trinitatis
2557 410 2817 464 unitatem
2849 408 3126 476 defendant,
3148 409 3214 465 de
3245 425 3348 480 qua
3379 425 3436 466 re
3460 409 3569 480 agit

1972 504 2090 572 ipse
2120 519 2285 558 scrin.
2319 504 2388 558 80
2413 546 2426 571 ,
2464 505 2515 557 iu
2545 504 2739 570 Cant.,
2774 513 2827 558 ct
2867 513 3129 576 quotquot
3172 505 3395 577 [ingenii
3423 545 3439 574 ,
3479 511 3571 558 aut

1969 599 2233 655 Bernardi
2263 611 2379 654 acta
2410 600 2780 670 scripserunt.

2042 694 2214 750 Venio
2251 695 2317 750 ad
2351 696 2413 750 Β.
2445 695 2809 764 Joachimum,
2840 711 2997 767 quem
3022 685 3228 753 amicus
3257 704 3442 752 noster
3463 694 3563 751 im-

1971 791 2168 846 merito
2196 805 2259 846 ac
2290 791 2650 846 immoderate
2684 793 2882 862 carpit.

2018 901 2046 972 §
2091 901 2178 957 Vl.
2209 902 2521 974 Defena’itur
2555 903 2616 958 Β.
2651 905 2808 959 abbas
2838 903 3140 961 Jour/timus
3162 923 3194 961 a
3223 905 3499 962 calumniis

2476 975 2722 1032 Pennotti
2745 987 2792 1032 et
2822 981 3066 1034 aliorum.

2046 1067 2160 1122 Duo
2183 1078 2331 1138 sunt,
2356 1086 2474 1140 qua:
2501 1071 2700 1126 sibi'ex
2727 1071 2991 1128 doctrinis
3031 1073 3321 1129 venerandi
3351 1071 3567 1129 abbatis

1969 1159 2268 1217 Pennottus
2300 1163 2728 1230 officeret-redit,
2753 1165 2986 1221 alterum
3026 1166 3152 1221 dum
3195 1167 3266 1222 de
3315 1167 3574 1236 eremitaf

1969 1269 2088 1309 rum
2117 1254 2310 1310 ordine
2341 1254 2393 1309 in
2427 1269 2524 1310 suo
2555 1256 2620 1310 ad
2665 1258 3066 1326 cXpositionem
3106 1259 3456 1330 Apocalypsis
3488 1259 3572 1314 in-

1961 1348 2304 1404 troductorio
2325 1349 2708 1419 propltctavit:
2742 1352 2970 1408 alterum
3011 1353 3135 1407 dum
3167 1355 3443 1423 regulares
3477 1367 3567 1408 ca-

1970 1441 2252 1496 nonicosa
2283 1442 2340 1498 S.
2391 1441 2526 1496 Rufo
2585 1432 2858 1498 institutos
2908 1445 3048 1499 circa
3099 1458 3297 1500 annum
3356 1443 3570 1498 Domini

1971 1535 2130 1598 “00,
2163 1535 2231 1589 ah
2261 1551 2435 1606 eoque
2464 1544 2595 1591 tunc
2629 1537 2859 1606 prinnuu
2901 1537 3131 1592 donatos
3175 1538 3233 1594 S.
3283 1536 3572 1609 Augustini

1971 1632 2152 1702 regula
2181 1633 2345 1688 fuisse
2371 1633 2670 1688 contendit.
2706 1633 2795 1690 Sic
2843 1633 2936 1688 ille
2963 1633 3230 1689 Joachimi
3273 1633 3572 1690 sententias

256 1739 361 1782 non
391 1725 566 1799 Alva)
595 1727 741 1783 solos
769 1737 1001 1800 quatuor
1033 1742 1206 1783 annos
1232 1728 1292 1784 S.
1317 1725 1599 1798 Augustini
1626 1725 1870 1796 regulam
1902 1724 1946 1784 B
1979 1724 2167 1792 refert,
2197 1735 2251 1781 et
2283 1736 2389 1780 tam
2434 1725 2638 1781 acriter
2667 1727 2984 1796 impugnat,
3043 1734 3101 1781 ut
3129 1719 3466 1781 urbanitatis
3507 1739 3571 1778 ac

256 1819 568 1890 professum
603 1820 800 1890 fuerat,
837 1832 897 1878 ut
931 1822 1094 1878 tradit
1140 1821 1350 1876 Miracus
1392 1821 1444 1874 iu
1482 1818 1684 1874 Chron.
1727 1817 1864 1874 Cist.

254 1911 319 1968 ad
350 1929 488 1968 ann.
519 1913 733 1969 Domini
769 1914 942 1969 “48:
986 1913 1127 1969 unde
1171 1928 1293 1967 cum
1342 1912 1396 1975 in
1445 1911 1564 1981 ejus
1611 1910 1870 1965 institutis

256 2014 513 2063 tenemur
546 2007 722 2063 adhuc
747 2016 914 2074 esset,
949 2006 1104 2062 facile
1132 2006 1230 2060 fuit
1259 2005 1326 2060 ad
1357 2005 1455 2058 alia
1491 2002 1866 2074 przestantiora

259 2103 521 2158 transire.
555 2101 654 2158 Ubi
682 2109 885 2170 autem,
919 2114 1128 2171 quaeso,
1161 2099 1461 2154 Penuottus
1506 2096 1712 2152 invenit
1752 2110 1868 2149 mo-

258 2194 564 2249 nasterium
613 2193 755 2248 istud
800 2181 1148 2248 Eboracense
1185 2207 1250 2247 ex
1281 2205 1389 2261 quo
1418 2190 1567 2260 prior
1596 2204 1718 2245 cum
1747 2187 1869 2243 aliis

258 2285 526 2342 fratribus
547 2287 612 2340 ad
637 2286 1026 2342 Cistercienses
1043 2284 1266 2356 pervolo
1279 2292 1451 2349 verat,
1478 2283 1644 2338 fuisse
1662 2281 1870 2337 ordinis

259 2380 553 2435 canonici?
579 2379 731 2446 Quod
763 2379 808 2434 si
837 2379 1108 2434 existimat
1139 2376 1308 2432 fuisse
1337 2376 1508 2445 ipsam
1543 2373 1866 2439 Ecclesiam,

260 2482 316 2529 ut
344 2475 602 2530 omittam
631 2475 764 2532 satis
789 2474 956 2546 gratis
983 2473 1050 2528 ab
1080 2488 1147 2529 eo
1175 2471 1438 2528 creditam
1478 2470 1866 2526 cauouicorum

260 2567 462 2633 fuisse,
496 2584 601 2623 non
628 2578 807 2624 autem
839 2565 1227 2622 monachorum
1257 2564 1313 2621 S.
1345 2562 1645 2629 Benedicti,
1677 2561 1772 2616 lib.
1806 2576 1866 2627 tt,

261 2673 378 2730 cap.
405 2661 505 2725 57,
531 2676 679 2715 num.
707 2659 762 2727 6,
793 2661 962 2715 multo
987 2657 1194 2729 gratius
1220 2656 1414 2713 asserit
1447 2655 1687 2725 priorem
1715 2654 1870 2710 illum

262 2768 382 2808 cum
416 2753 680 2809 fratribus
706 2767 824 2809 eam
854 2752 1174 2821 reliquisse:
1207 2767 1330 2805 nam
1367 2766 1431 2806 ex
1473 2750 1703 2819 cpistola
1742 2748 1873 2803 Ber-

263 2846 420 2901 nardi
455 2847 606 2916 (qua:
634 2855 720 2901 est.
746 2845 838 2912 9b,
870 2860 977 2899 non
1007 2859 1135 2900 vero
1163 2843 1253 2908 93,
1296 2850 1354 2897 ut
1394 2841 1508 2911 ipse
1549 2839 1694 2910 vult)
1740 2839 1873 2894 nihil

265 2941 369 2997 tale
388 2939 558 2996 educi
583 2949 778 3009 potest,
803 2951 857 2994 et
882 2954 950 2994 ex
983 2937 1138 3005 titulo
1160 2934 1506 2992 verisimilius
1536 2934 1867 3004 Oppositum,

265 3034 351 3104 qui
374 3043 469 3090 est
491 3053 503 3087 :
535 3034 612 3087 Ad
635 3033 862 3088 abbatem
887 3034 1166 3104 cujusdam
1188 3030 1483 3084 monasterii
1508 3027 1870 3094 Eboracensis,

1974 1818 2340 1886 religiositatis
2394 1828 2568 1872 metas
2623 1817 2974 1875 vehementer
3031 1818 3345 1874 excesserit.
3390 1816 3573 1884 Quan-

1976 1910 2172 1965 tumvis
2201 1912 2342 1966 enim
2374 1910 2447 1964 ita
2479 1927 2537 1967 se
2565 1911 2798 1968 haberet
2818 1928 2907 1968 res
2937 1913 3022 1982 (ut
3051 1913 3168 1981 ipse
3192 1909 3379 1980 refert)
3404 1919 3456 1964 et
3479 1908 3574 1962 ah-

1972 2003 2070 2058 bas
2095 2013 2314 2058 sanctus
2345 2004 2413 2060 ab
2443 2020 2509 2059 eo
2541 2005 2713 2060 relata
2740 2006 3009 2060 scriberet
3031 2049 3045 2072 ,
3091 2021 3198 2059 non
3239 2012 3395 2060 erant
3439 2001 3574 2057 tanti

1973 2099 2231 2154 momenti
2260 2098 2395 2167 hate,
2422 2107 2481 2152 ut
2505 2115 2566 2154 ea
2601 2108 2824 2169 propter
2851 2099 2907 2155 S.
2934 2099 3306 2171 lnquisitiouis
3335 2097 3572 2153 ofﬁcium

1973 2189 2027 2244 in
2060 2189 2238 2260 ipsum
2273 2190 2608 2256 fulminarct,
2634 2200 2686 2245 et
2719 2191 2962 2245 inaudita
2994 2201 3146 2261 parte
3195 2191 3263 2246 ob
3312 2205 3575 2261 quorum-

1973 2282 2095 2338 dam
2132 2283 2272 2338 male
2297 2284 2633 2338 intellectum
2659 2283 3027 2340 testimonium
3063 2284 3392 2340 sententiam
3414 2281 3572 2338 clamo

1973 2376 2208 2432 nationis
2239 2377 2289 2431 in
2322 2377 3382 2448 ipsumtulerit,damuatiouis,inquam,
3405 2387 3568 2431 arter-

1975 2486 2058 2525 na:
2091 2471 2324 2538 mortis,
2356 2479 2411 2524 ct
2438 2471 2917 2526 condemnationis
2969 2486 3220 2542 persona:
3267 2487 3298 2525 a
3343 2469 3576 2525 concilio

1972 2564 2210 2633 generali
2246 2563 2620 2620 Lateraneusi.
2657 2565 2905 2636 Superest
2931 2566 2949 2636 (
2977 2565 3150 2634 inquit
3181 2564 3274 2619 lib.
3308 2579 3365 2629 ι,
3398 2580 3447 2619 c.
3480 2563 3573 2634 41)

1977 2655 2045 2712 Ut
2065 2658 2233 2712 solum
2258 2657 2457 2712 abbatis
2486 2655 2748 2712 Joacltimi
2792 2659 3140 2712 testimonium
3180 2657 3536 2731 expendamus
3558 2698 3576 2724 ,

1974 2769 2034 2806 ac
2061 2753 2324 2805 videamus
2349 2769 2416 2805 an
2449 2753 2582 2824 forte
2609 2751 2826 2806 Goliat/t
2853 2753 2914 2806 ab
2945 2770 3065 2807 orco
3096 2761 3363 2808 revocatus
3393 2751 3572 2823 fuerit,

1975 2854 2144 2900 tantas
2167 2847 2297 2899 vires
2326 2843 2544 2912 habens,
2581 2855 2636 2896 ut
2665 2861 2798 2900 unus
2822 2856 3002 2899 contra
3033 2845 3216 2914 viginti
3240 2845 3422 2899 merito
3441 2853 3580 2899 stare

1975 2938 2156 3008 possit.
2189 2937 2253 2992 Et
2284 2946 2411 3008 post
2442 2951 2632 3006 pauca,
2664 2953 2815 2992 num.
2849 2936 2884 2989 2
2913 2955 2926 2992 :
2959 2938 3036 2992 An
3061 2953 3180 2992 vero
3200 2937 3335 2991 inter
3357 2936 3580 3007 prophe-

1975 3047 2053 3091 tas
2075 3037 2247 3105 ipsum
2279 3033 2615 3090 Joachimum
2639 3051 2848 3089 censere
2867 3036 3048 3089 merito
3066 3035 3345 3106 possimus,
3360 3037 3581 3105 referam

266 3125 403 3180 unde
439 3125 636 3180 exierat
668 3126 810 3198 prior
839 3141 956 3179 cum
981 3123 1264 3196 aliquantis
1301 3121 1567 3190 fratribus.
1613 3119 1715 3176 Ubi
1750 3134 1870 3174 cum
1902 3115 1946 3179 C
1978 3128 2103 3199 quid
2125 3127 2188 3182 de
2209 3127 2302 3182 illo
2324 3127 2419 3181 νίνὶ
2449 3127 2586 3181 docti
2611 3127 2854 3183 scribant,
2888 3127 2985 3182 Hic
3034 3141 3351 3195 processum
3381 3125 3582 3181 conﬁat

266 3219 470 3275 dicitur
491 3219 772 3289 cujusdam
799 3219 1112 3274 monasterii
1138 3216 1521 3285 Eboracensis,
1543 3213 1673 3269 satis
1699 3213 1872 3268 innui—

269 3323 351 3368 tur
381 3329 496 3368 non
527 3327 648 3369 esse
685 3313 853 3384 ipsam
893 3309 1260 3368 cathedralem
1295 3309 1608 3375 ecclesiam,
1648 3307 1744 3363 sed
1781 3306 1878 3362 ali-

267 3421 433 3476 quam
459 3407 624 3462 aliam
655 3405 896 3475 ejusdem
927 3405 1198 3461 dioecesis.
1228 3404 1303 3460 De
1342 3404 1400 3458 Β.
1447 3403 1743 3458 llumherto
1789 3416 1875 3457 res

267 3512 347 3556 est
392 3498 636 3566 facilior,
677 3515 852 3565 neque
891 3500 1034 3556 enim
1063 3515 1130 3556 ex
1160 3513 1414 3554 sermone
1437 3497 1494 3553 S.
1528 3495 1792 3554 Bernardi
1823 3495 1877 3551 in

267 3594 381 3664 ejus
416 3594 570 3650 obitu
599 3593 803 3659 habito,
833 3610 1004 3664 neque
1034 3611 1098 3650 ex
1132 3593 1252 3650 Vita
1299 3593 1491 3663 ipsius,
1529 3610 1653 3664 qua:
1693 3599 1875 3648 exstat

268 3687 320 3742 in
353 3703 418 3743 tu
461 3687 553 3744 lib.
608 3687 830 3744 Exordii
881 3688 1276 3754 Cisterciensis,
1322 3703 1442 3758 cap.
1493 3689 1528 3744 4
1573 3698 1630 3744 et
1671 3688 1724 3752 ii,
1779 3700 1878 3742 nec

267 3779 494 3837 aliunde
524 3780 710 3836 haberi
739 3789 937 3852 potest,
967 3780 1109 3852 quod
1140 3780 1302 3836 fuerit
1328 3779 1628 3838 monachus
1659 3779 1876 3836 Ebora-

268 3875 474 3942 censis,
497 3885 551 3931 et
571 3875 728 3931 aliter
748 3891 817 3931 ex
838 3876 943 3931 illis
965 3875 1055 3946 qui
1076 3892 1196 3931 cum
1221 3875 1401 3947 priore
1424 3875 1700 3931 reformati
1725 3885 1871 3931 sunt.

271 3970 590 4038 Quinimmo
614 3969 920 4042 oppositum
942 3968 1071 4025 satis
1096 3969 1377 4042 perspicue
1404 3969 1690 4024 deducitur
1714 3986 1780 4024 ex
1809 3984 1876 4025 eo

271 4065 442 4137 quod,
477 4066 595 4134 ipso
628 4064 901 4122 Bernardo
925 4073 1224 4133 asserente,
1259 4064 1326 4120 ab
1356 4065 1474 4134 ipso
1503 4079 1641 4134 pene
1677 4060 1877 4132 princi-

270 4159 356 4228 pio
379 4158 700 4215 monasterii
729 4157 1059 4214 Clarmvallis
1100 4173 1224 4214 cum
1253 4173 1319 4213 eo
1363 4165 1716 4212 conversatus
1758 4155 1872 4208 fuit.

269 4249 570 4310 Conversio
603 4261 784 4309 autem
834 4252 1028 4322 prioris
1074 4263 1128 4308 et
1177 4252 1403 4308 fratrum
1453 4249 1874 4307 Eboracensium

273 4348 447 4404 multo
474 4355 662 4418 postea
691 4345 936 4417 contigit,
967 4354 1027 4401 ut
1056 4344 1225 4416 liquet
1246 4361 1313 4402 ex
1346 4345 1578 4417 epistola
1601 4359 1721 4415 qua:
1743 4343 1878 4399 scri-

273 4451 359 4513 pta
403 4441 507 4498 fuit
544 4457 574 4496 a
603 4442 880 4497 Bcrnardo
914 4441 982 4509 (si
1027 4440 1275 4497 ordinem
1308 4441 1428 4508 ejus
1480 4441 1621 4494 inter
1650 4450 1877 4495 caeteros

273 4538 608 4606 spectemus)
629 4550 726 4606 pro
742 4507 983 4591 sedando
999 4533 1241 4591 Auacleti
1264 4507 1554 4591 schismate
1572 4532 1873 4602 laborante,
1906 4507 1955 4568 υ

275 4629 495 4701 quando
519 4629 627 4698 jam
655 4629 971 4685 notissimus
999 4639 1115 4684 erat
1147 4637 1258 4684 toto
1281 4628 1434 4685 orbe.

350 4719 458 4775 Per
489 4717 591 4775 hoc
622 4728 805 4774 tamen
839 4720 1092 4775 nolumus
1119 4735 1318 4790 negare
1351 4721 1523 4790 ipsum
1557 4719 1876 4775 mellilluum

281 4811 564 4869 doctorem
598 4813 801 4868 multos
830 4814 1218 4869 cauouicorum
1252 4815 1580 4881 regularium
1613 4813 1680 4868 ad
1730 4814 1878 4868 ordi-

283 4920 405 4961 nem
431 4920 590 4960 suum
620 4904 930 4972 admisisse,
962 4905 1101 4960 alios
1142 4914 1322 4960 autem
1370 4905 1675 4975 repulisse,
1711 4915 1770 4960 ut
1798 4906 1878 4960 vi-

282 4998 412 5054 dere
433 5007 518 5055 est
544 4999 597 5054 in
633 5014 700 5054 eo
720 5000 811 5071 qui
844 5001 1159 5070 patientiam
1188 4999 1356 5070 ipsius
1380 4999 1700 5063 illustravit,
1746 4998 1875 5054 dum

284 5102 607 5150 renuentem
636 5093 925 5149 admittere
956 5108 1082 5148 cum
1135 5091 1202 5146 ad
1233 5092 1482 5148 ordinem
1511 5136 1525 5160 ,
1570 5090 1623 5145 in
1659 5091 1876 5145 maxilla

286 5187 574 5254 percussit,
605 5168 726 5256 qua:
755 5201 843 5241 res
875 5186 993 5241 fuse
1027 5184 1262 5240 refertur
1304 5185 1398 5240 lib.
1444 5200 1501 5239 Ill
1540 5183 1672 5239 Vita:
1709 5183 1880 5245 Bcrug

287 5290 405 5346 cap.
433 5277 488 5333 6.
517 5276 623 5334 Sed
645 5277 713 5334 ad
742 5277 846 5332 alia
873 5287 1233 5333 transeamus.

360 5371 516 5426 Mitto
546 5371 834 5427 concilium
859 5371 1170 5428 Rhemeuse
1193 5387 1223 5427 a
1253 5371 1314 5427 Β.
1349 5371 1588 5442 Eugenio
1631 5372 1698 5426 lll
1735 5372 1878 5428 cele-

291 5463 503 5520 bratum
536 5464 700 5520 tribui
727 5465 971 5538 Eugenio
999 5463 1041 5521 ll
1069 5481 1096 5519 a
1145 5465 1429 5532 l‘ennotto,
1457 5464 1550 5519 lib.
1576 5479 1616 5530 ι,
1646 5479 1764 5534 cap.
1790 5464 1881 5532 l9,

296 5575 440 5616 num.
469 5561 521 5629 ι,
555 5576 663 5631 quo
689 5562 769 5617 sic
798 5561 1182 5616 canoniCorum
1229 5559 1560 5630 regularium
1619 5557 1883 5613 reforma-

295 5655 388 5723 tio,
409 5672 530 5726 quae
561 5641 688 5710 inihi
718 5655 852 5711 facta
885 5664 967 5710 est
996 5656 1259 5709 vetustior
1304 5652 1463 5724 longe
1514 5662 1655 5708 esset
1700 5669 1714 5707 :
1763 5667 1885 5707 cum

297 5753 470 5806 tamen
499 5757 618 5805 acta
651 5747 766 5820 ipsa
817 5745 1140 5804 Rhcmcnsis
1179 5743 1392 5804 concilii
1435 5745 1794 5814 relucteutur,
1831 5751 1888 5802 et

1981 3221 2230 3278 adductis
2253 3223 2305 3277 in
2336 3231 2505 3278 testes
2535 3222 2594 3275 S.
2626 3222 2938 3285 Antonino,
2975 3221 3351 3278 cardiualibus
3378 3221 3585 3277 Bellar-

1981 3317 2130 3370 mino
2160 3323 2216 3370 et
2246 3316 2503 3378 Baronio,
2537 3313 2841 3392 etAlfonso
2881 3313 2949 3370 de
2974 3314 3166 3371 Castro
3194 3356 3208 3381 ,
3251 3314 3448 3386 quibus
3496 3321 3580 3370 ut-

1981 3425 2211 3477 cumque
2240 3405 2438 3463 auditis
2463 3405 2732 3464 derisorie
2759 3405 3026 3462 subinl'ert
3054 3425 3065 3460 :
3089 3406 3174 3462 Ea:
3191 3407 3374 3478 quibus
3393 3417 3443 3461 et
3463 3406 3583 3462 aliis

1979 3502 2214 3572 superius
2237 3501 2410 3566 dictis,
2436 3501 2610 3554 videas
2649 3500 2827 3571 quanti
2867 3499 3140 3570 faciendus
3183 3500 3250 3554 sit
3295 3499 3378 3553 hic
3422 3515 3581 3555 novus

1979 3596 2253 3668 praplteta,
2276 3611 2424 3664 quem
2453 3593 2700 3662 Marguez
2748 3595 2822 3648 uti
2863 3595 3077 3649 militem
3131 3593 3259 3648 adeo
3312 3603 3582 3648 strenuum

1982 3689 2242 3758 producit,
2276 3699 2331 3742 ut
2360 3698 2545 3741 contra
2574 3688 2753 3759 viginti
2774 3696 3007 3742 armatos
3049 3688 3190 3742 solus
3220 3697 3357 3741 stare
3395 3687 3581 3757 possit.

1984 3779 2109 3836 Lib.
2141 3795 2273 3836 vero
2304 3796 2366 3845 tt,
2397 3795 2516 3849 cap.
2546 3779 2602 3845 9.,
2637 3780 2787 3850 quasi
2817 3789 2974 3835 antea
2998 3779 3099 3834 sibi
3131 3779 3466 3849 incognitum
3497 3779 3578 3834 sic

1980 3871 2324 3929 Joachimum
2353 3872 2485 3927 citat
2519 3890 2529 3925 :
2568 3871 2659 3924 Est
2693 3873 2853 3945 igitur
2883 3873 2947 3924 de
2985 3872 3185 3942 origine
3229 3871 3468 3924 canonici
3494 3885 3582 3924 or-

1983 3970 2124 4023 dinis
2149 3968 2317 4039 prima
2349 3967 2596 4022 sententia
2625 3965 2901 4036 cujusdam
2935 3965 3131 4020 abbatis
3159 4006 3174 4032 ,
3213 3965 3417 4020 nomine
3451 3963 3580 4020 Joa-

1980 4061 2138 4127 cltim,
2167 4061 2219 4114 iu
2243 4060 2559 4132 expositione
2600 4057 2928 4129 apoca/gpsis
2953 4098 2968 4125 ,
3021 4057 3294 4112 asserentis
3345 4058 3576 4113 ordinem

1980 4151 2690 4224 cauouicorumregularium
2742 4153 2880 4204 circa
2923 4167 3120 4205 annum
3175 4149 3386 4206 Domini
3437 4150 3576 4207 “00

1979 4249 2186 4303 initium
2214 4247 2454 4302 habuisse
2475 4247 2528 4302 in
2563 4246 2800 4318 partibus
2825 4242 3121 4300 Galliarum
3147 4263 3178 4300 a
3216 4247 3442 4317 quodam
3472 4245 3582 4317 epi-

1980 4361 2134 4416 scopo
2158 4343 2362 4398 nomine
2396 4341 2567 4414 Rufo,
2595 4340 2696 4411 gui-
2723 4339 2848 4412 ipsis
2889 4338 3154 4393 canonicis
3190 4336 3260 4392 D.
3301 4338 3580 4412 Augustini

1979 4438 2211 4510 regulam
2244 4437 2440 4507 primus
2472 4433 2709 4500 tradidit,
2740 4443 2787 4487 et
2813 4431 2987 4487 abillo
3011 4431 3339 4504 congregatio
3361 4431 3579 4485 canoni-

1983 4548 2160 4586 corum
2183 4529 2503 4600 regularium
2530 4525 2777 4598 originem
2804 4525 2981 4590 traxit,
3005 4539 3120 4595 qua:
3147 4523 3342 4578 idcirco
3363 4522 3422 4576 S.
3450 4521 3575 4592 Ruﬁ

1984 4623 2310 4695 congregatio
2329 4630 2401 4676 est
2427 4618 2714 4690 appellata.
2743 4617 2808 4672 Et
2833 4625 2958 4688 post
2980 4616 3234 4672 nonnulla
3257 4635 3268 4670 :
3306 4615 3430 4671 lltec
3449 4614 3579 4671 Joa-

1983 4716 2140 4771 cltimi
2166 4714 2414 4769 sententia
2441 4729 2498 4767 eo
2523 4711 2674 4766 modo
2706 4711 2994 4780 praesertim
3025 4710 3286 4780 explicata
3311 4719 3356 4764 et
3385 4720 3572 4777 aucta,

1984 4828 2085 4865 non
2114 4826 2299 4874 unum,
2330 4807 2421 4862 sed
2451 4806 2637 4860 multos
2654 4805 2772 4859 illos
2795 4820 2950 4874 usque
2968 4804 3283 4875 manifestos,
3308 4813 3358 4859 et
3383 4803 3580 4874 palpa-

1981 4903 2107 4958 biles
2135 4903 2358 4956 continet
2383 4905 2613 4955 errares.‘
2631 4899 2926 4954 Enumerat
2952 4914 3084 4952 vero
3111 4898 3344 4954 decursu
3378 4898 3576 4966 capitis

1985 4997 2101 5067 ejus
2131 4986 2552 5057 decem,'obiter
2573 5007 2701 5048 vero
2739 4990 3108 5048 reverendiss.
3146 4991 3210 5045 D.
3253 4990 3572 5060 episcopum

1985 5090 2280 5147 Antonium
2303 5089 2528 5144 Massam
2551 5087 2860 5143 Galcsiuum
2883 5085 3258 5141 doctissimum
3283 5086 3362 5140 sui
3390 5084 3572 5140 smculi

1986 5186 2185 5256 virum,
2201 5183 2342 5256 quod
2360 5185 2459 5239 hac
2476 5183 2528 5238 in
2546 5181 2953 5238 reJoaehiunun
2974 5191 3190 5236 secutus
3209 5181 3388 5243 fuerit,
3403 5195 3468 5235 eo
3485 5179 3575 5233 ho-

1987 5295 2120 5335 nore
2145 5277 2507 5348 prosequitur,
2534 5286 2588 5330 ut
2614 5274 2783 5330 dicat:
2827 5275 3016 5328 Omitto
3040 5273 3316 5328 Antonium
3342 5270 3571 5326 Massam

1989 5373 2288 5429 Calcsinum
2307 5371 2394 5442 qui
2419 5371 2583 5440 ipsum
2602 5369 2836 5422 abbatem
2857 5365 3187 5422 Joachimum
3205 5374 3423 5429 secutus,
3444 5363 3580 5418 mul-

1992 5476 2069 5521 tas
2092 5465 2310 5537 ineptias
2342 5461 2545 5528 effudit,
2569 5462 2752 5531 quibus
2775 5460 2934 5514 animi
2955 5460 3035 5514 sui
3057 5458 3396 5525 venalitatent,
3417 5465 3466 5511 et
3497 5457 3581 5509 in-

1993 5561 2129 5634 genii
2143 5559 2391 5614 levitatem
2407 5567 2452 5610 et
2467 5557 2808 5628 ignorantiam
2821 5553 3576 5628 apertissimemonstravil,e!c.

1995 5654 2208 5709 Siccine
2225 5668 2347 5707 cum
2367 5651 2496 5706 viris
2507 5648 2842 5720 gravissimis
2861 5663 3022 5719 agere
3037 5647 3194 5702 licet?
3213 5649 3276 5702 At
3295 5646 3450 5718 cujus
3468 5663 3587 5702 mu-

1995 5760 2098 5804 nus
2125 5754 2310 5803 contra
2337 5759 2548 5814 omnes,
2565 5757 2758 5802 manus
2777 5742 3016 5799 omnium
3043 5741 3316 5800 sustinere
3340 5754 3585 5814 cogetur.
