3962 6336
497 230 603 291 615

1393 210 1690 270 FLAYIUS
1729 204 1973 268 LUCIUS
2018 205 2299 265 DEXTER
2339 208 2876 270 CllltONOLOGUS.
3644 218 3732 277 ﬁlii

565 353 633 409 Ει
657 347 879 423 quidem
911 339 1055 415 quod
1104 338 1172 395 ad
1222 335 1564 395 Joacbitnum
1606 340 1813 403 spectat
1844 375 1858 399 ,
1913 326 2087 382 mani-
2116 331 2167 387 A
2200 328 2324 423 liter:
2352 328 2418 383 de
2446 332 2573 400 ﬁliis
2605 331 2733 386 Lite.
2767 331 2875 423 llis,
2906 329 2972 386 de
2998 342 3088 386 sex
3134 329 3414 387 ordinibus
3453 331 3729 391 clericorurn

491 447 689 503 festum
717 451 819 507 est,
853 436 1075 493 minime
1105 431 1305 504 scripta
1335 430 1451 501 ejus
1477 470 1491 494 ,
1515 442 1635 498 qua:
1660 426 1830 491 citat,
1872 439 1904 478 a
1946 423 2088 477 l‘en-

494 548 649 596 notto
673 536 836 599 lecta,
871 545 971 587 nec
999 529 1141 597 quis,
1171 524 1395 595 cujusre
1424 520 1599 576 meriti
1626 519 1679 573 in
1709 516 1951 581 Ecclesia
1980 514 2087 569 fuc-

493 633 587 701 ril,
611 631 764 687 abeo
793 624 1033 698 agnitum
1061 639 1077 689 ;
1109 613 1543 691 quandoquidem
1586 626 1869 682 perperam
1902 608 2083 661 omnia

494 726 763 787 citantur;
787 716 1073 792 prophetia
1101 709 1371 781 siquidem
1403 707 1470 761 de
1510 704 1702 760 ordiue
1731 702 2082 757 eremitarrrrn

496 836 603 877 non
633 825 811 875 exstat
840 816 891 869 itr
920 806 1318 867 introdttctorio
1341 802 1406 858 ad
1441 797 1825 871 Apoerrlypsim
1851 837 1866 865 ,
1900 794 1997 850 sed
2030 796 2082 848 in

493 909 841 982 expositione
867 902 1064 974 capitis
1092 914 1206 965 xtv,
1235 896 1301 950 ad
1330 894 1420 949 illa
1464 891 1627 947 \erba
1668 909 1681 944 :
1723 889 1788 943 Et
1825 888 1959 943 alius
1991 902 2086 940 att-

492 1007 638 1079 gelus
666 1002 820 1058 exivit
840 999 904 1053 de
931 992 1146 1067 templo,
1180 989 1371 1045 habens
1402 985 1586 1058 ellipse
1625 983 1808 1055 falcem
1840 989 2045 1035 acutam
2064 1020 2078 1043 ,

494 1073 603 1155 etc.
631 1097 705 1152 De
727 1090 1003 1151 canenieis
1030 1095 1212 1142 autem
1244 1100 1271 1138 a
1299 1082 1359 1139 S.
1390 1080 1530 1136 Rufo
1561 1076 1826 1134 institutis
1844 1090 1949 1129 non
1976 1073 2085 1143 agit

492 1190 547 1247 in
579 1185 923 1261 expositione
951 1177 1332 1253 Apocalypsis,
1362 1175 1457 1232 sed
1488 1189 1610 1244 cap.
1648 1172 1719 1227 ΞΟ
1750 1168 2084 1226 introducto.

492 1284 582 1351 rii,
623 1297 730 1353 quo
768 1278 955 1335 videas
979 1279 1181 1333 bonum
1214 1273 1439 1328 militem
1473 1270 1625 1325 frena
1657 1268 1741 1341 (ut
1767 1267 1924 1336 vulgo
1951 1264 2086 1319 dici-

491 1377 604 1446 tur)
637 1382 997 1447 permutasse.
1031 1369 1193 1426 Certe
1223 1368 1277 1422 in
1320 1380 1382 1421 re
1420 1364 1554 1419 tanti
1584 1361 1845 1417 momenti
1875 1405 1889 1428 ,
1939 1356 2083 1413 unde

492 1470 668 1526 honor
701 1466 801 1523 viri
834 1465 993 1521 unius
1020 1461 1197 1518 sancti
1247 1457 1518 1530 pendebat
1552 1497 1567 1520 ,
1621 1469 1780 1509 nemo
1835 1453 1937 1508 erit
1993 1451 2082 1519 qui

491 1562 819 1619 Pennottnm
847 1552 1332 1621 absolvataeulpa
1394 1547 1649 1604 notabilis
1701 1547 1924 1601 incuria:
1975 1559 2082 1599 non

491 1652 711 1725 legendi
741 1649 1083 1707 .loaeltimnm
1103 1690 1118 1714 ,
1148 1662 1270 1701 cum
1301 1642 1623 1700 facillimum
1658 1639 1733 1694 illi
1762 1648 1907 1695 esset
1934 1637 2084 1692 adire
2114 1710 2118 1714 Δ

2113 1709 2161 1770 Β
2185 1734 2354 1804 jamin
2385 1734 2507 1790 ﬁliis
2542 1733 2741 1789 Rachel
2775 1744 2829 1789 et
2858 1734 3083 1789 fratrum
3111 1735 3352 1789 omnium
3383 1733 3632 1789 extremis
3667 1732 3748 1787 ad-

491 1750 607 1805 sive
626 1748 678 1803 in
708 1738 1036 1801 bibliotheca
1071 1740 1352 1806 Vaticana,
1383 1739 1500 1793 sive
1532 1736 1588 1793 S.
1622 1734 1771 1790 Petri
1811 1733 1867 1787 in
1900 1733 2083 1787 Monte

491 1857 681 1906 aureo,
716 1838 932 1909 egregie
962 1852 992 1890 a
1023 1835 1087 1891 Ιι.
1116 1834 1177 1889 Ρ.
1222 1832 1365 1888 Luca
1410 1828 1715 1898 Waddingo
1766 1828 2027 1881 instructa
2066 1867 2081 1893 ,

490 1932 609 1989 sire
638 1930 895 1985 Aniciana
920 1926 1136 1998 collegii
1168 1924 1489 1996 Grcgoriani
1517 1969 1530 1993 ,
1567 1926 1685 1980 sive
1730 1921 2081 1978 illustrissimi

489 2025 703 2080 Domini
729 2023 885 2080 Jenn.
924 2020 1179 2092 Baptista:
1201 2019 1420 2075 Coeciui
1449 2033 1624 2073 sacra:
1668 2016 1821 2071 Rom:
1857 2014 2076 2079 decani,

489 2116 545 2173 in
576 2116 770 2188 quibus
801 2124 855 2171 et
882 2113 935 2170 in
966 2114 1088 2168 aliis
1138 2112 1300 2168 Urbis
1340 2109 1692 2165 bibliothecis
1726 2121 1899 2178 opera
1936 2106 2081 2161 illius

460 2210 736 2279 ‘repcrire
766 2209 975 2264 liceret.
1008 2203 1149 2273 Quid
1180 2205 1222 2259 si
1246 2203 1563 2261 Joacbimus
1593 2202 1773 2257 nrinus
1825 2202 1937 2255 suis
1984 2214 2078 2254 co-

490 2301 706 2358 natibus
728 2298 1151 2355 adversaretur?
1177 2295 1314 2365 Quid
1346 2297 1389 2350 si
1419 2295 1657 2351 faveret?
1690 2294 1885 2349 Parum
1936 2298 2083 2347 esset

489 2393 789 2448 doctrinam
822 2392 942 2462 ejus
970 2406 1139 2461 usque
1164 2390 1229 2444 ad
1253 2389 1421 2445 ccelos
1449 2387 1743 2451 extollere;
1778 2400 1939 2440 nemo
1972 2395 2078 2439 tarn

487 2485 758 2541 acerrime
782 2483 1034 2555 spiritum
1079 2483 1291 2539 abbatis
1331 2481 1633 2552 pI‘Opllellm
1677 2482 1823 2536 dono
1870 2481 2079 2535 clarum

489 2588 736 2636 lueretur
757 2593 820 2634 ac
849 2578 1153 2634 Peunottus
1181 2593 1194 2631 :
1231 2592 1355 2631 nam
1380 2586 1435 2631 et
1462 2576 1600 2631 alios
1630 2573 1906 2630 inferioris
1937 2584 2080 2629 noue

484 2682 736 2730 auctores
764 2672 866 2727 sibi
895 2670 1166 2737 faventes,
1197 2669 1548 2743 gratitudinis
1575 2685 1705 2734 ergo
1728 2667 2081 2723 vehementer

486 2766 737 2822 honorat.
764 2765 937 2837 Spero
966 2776 1144 2821 tamen
1173 2780 1430 2834 magnum
1461 2763 1599 2834 apud
1634 2762 1783 2817 illum
1814 2761 2078 2830 deinceps

419 2854 433 2867 ’
484 2859 793 2916 baberrdum
827 2875 948 2916 esse
975 2858 1343 2925 .loaclrimum,
1372 2867 1428 2912 ut
1461 2864 1583 2927 pote
1611 2857 1698 2926 qui
1728 2871 1834 2924 prtl‘
1866 2854 2079 2910 exteris

482 2952 811 3009 clericorum
844 2967 1064 3009 causam
1096 2960 1326 3008 tuetur:
1382 2949 1513 3004 trilril
1572 2949 1777 3004 ctenim
1821 2962 1975 3016 aeque
2024 2947 2075 3000 in

482 3044 736 3099 erunibus
758 3043 873 3099 suis
902 3044 1158 3114 operibus
1190 3042 1422 3098 inculcat
1450 3085 1464 3109 ,
1500 3056 1658 3112 quam
1684 3039 1933 3095 ordinem
1966 3039 2078 3094 cle-

482 3134 720 3191 ricorum
750 3136 989 3206 priorem
1007 3135 1173 3191 fuisse
1194 3136 1386 3191 ordine
1410 3133 1818 3197 monachorum,
1846 3132 1898 3186 id
1928 3130 2073 3202 quod

481 3224 607 3280 data
658 3241 827 3297 Opera
876 3225 1115 3281 afﬁrmat
1164 3234 1220 3282 et
1272 3225 1467 3296 probat
1502 3225 1596 3280 lib.
1656 3240 1694 3279 ll
1755 3222 2073 3279 Concordiae

481 3319 763 3391 utriusque
791 3318 1150 3386 Testamenti,
1176 3328 1439 3375 tractatur
1469 3335 1597 3389 cap.
1631 3320 1665 3374 5
1691 3362 1703 3383 ,
1732 3328 1791 3374 et
1819 3319 1872 3373 in
1906 3319 2073 3374 intro-

479 3412 713 3467 ductorii
746 3415 811 3468 ad
842 3413 1068 3484 Apoeal.
1101 3428 1222 3481 cap.
1256 3412 1346 3469 l9.
1401 3411 1593 3483 Capite
1643 3422 1822 3468 autem
1870 3412 1939 3467 20
1982 3426 2071 3468 se-

478 3505 667 3575 quenti
696 3504 979 3560 duodecim
1007 3505 1379 3574 religirrSorum
1415 3504 1672 3569 ordines,
1707 3520 1801 3560 seu
1842 3520 2073 3575 congre-

478 3595 725 3666 gationcs
753 3595 979 3652 totidem
1003 3596 1328 3667 patriarclris
1357 3637 1372 3663 ,
1403 3597 1527 3651 ﬁliis
1573 3596 1742 3653 Jacob
1772 3611 2073 3653 accommo-

479 3687 638 3756 dans,
665 3689 895 3758 primum
930 3699 1179 3745 recenset
1208 3705 1299 3745 sex
1330 3689 1649 3745 clericorum
1696 3690 2072 3759 congregatio-

479 3797 577 3837 nes
606 3782 708 3838 sub
731 3798 826 3839 sex
857 3782 983 3837 ﬁliis
1005 3782 1114 3838 Lize
1135 3783 1507 3854 prinrogeuiue
1524 3792 1775 3852 respectu
1791 3781 2067 3851 Rzrclrelis,

477 3874 837 3946 signiﬁcatus;
870 3890 935 3930 ac
959 3875 1158 3931 deinde
1196 3875 1414 3931 totidem
1448 3876 1838 3931 monachorum
1863 3887 1910 3930 et
1943 3875 2073 3930 reli-

477 3967 761 4038 giosorum
782 3966 1016 4021 militum
1049 3968 1155 4023 sub
1183 3977 1309 4039 typo
1341 3966 1568 4022 ﬁliorum
1600 3967 1742 4021 Bake
1773 3976 1827 4022 et
1854 3967 2072 4038 Zelplrte

477 4059 821 4125 ancillarum,
841 4075 904 4115 ac
927 4058 1180 4115 Baelrelis
1203 4059 1584 4124 adumbratas;
1617 4058 1702 4113 bis
1726 4059 1904 4116 verbis
1950 4075 2069 4128 qua!

478 4153 691 4211 referre’
718 4154 921 4227 placet,
955 4162 1011 4209 ιιι
1035 4153 1217 4209 videat
1246 4152 1547 4209 Pennottus
1580 4169 1862 4224 perperam
1888 4153 2073 4209 hacte-

478 4263 581 4303 nus
609 4246 859 4304 abbatem
891 4256 1141 4303 sanetum
1168 4247 1504 4303 intellectum
1532 4261 1654 4301 eum
1677 4247 1787 4317 agit
1808 4247 1878 4303 de
1900 4260 2070 4302 cano-

477 4338 617 4393 nicis
643 4338 815 4394 sancti
841 4336 981 4393 Ruﬁ.
1012 4338 1081 4395 Ut
1108 4345 1278 4392 autem
1308 4337 1632 4412 intelligatur
1659 4340 1796 4408 quod
1838 4339 2066 4407 dicatur,

479 4431 599 4487 libet
627 4431 769 4503 ipsos
806 4431 944 4502 ﬁlios
994 4428 1159 4486 Jacob
1205 4430 1424 4502 singulis
1467 4431 1729 4485 ordinibus
1776 4430 2064 4502 assignare.

478 4519 691 4576 Primus
717 4520 845 4576 ordo
869 4520 1225 4594 religiosorum
1252 4521 1515 4576 institutus
1542 4529 1616 4576 est
1639 4521 1702 4575 ab
1739 4523 1988 4595 apostolis
2021 4524 2073 4578 in

480 4614 717 4671 Ecclesia
742 4616 1000 4689 primitivis
1039 4633 1058 4671 :
1092 4626 1137 4671 et
1163 4616 1275 4687 ipse
1327 4616 1624 4687 designatus
1650 4626 1722 4671 est
1765 4617 1818 4671 itt
1861 4615 2069 4673 Ruben.

480 4708 755 4765 Secundus
776 4710 829 4763 in
860 4706 1157 4771 Antiochia,
1187 4708 1272 4762 ubi
1293 4709 1461 4780 primo
1491 4708 1615 4762 dicti
1663 4718 1781 4763 sunt
1830 4709 2072 4780 discipuli

476 4798 789 4864 Christiani;
819 4808 866 4855 et
894 4800 1005 4871 ipse
1043 4800 1344 4871 designatas
1383 4809 1458 4854 est
1497 4801 1551 4853 in
1592 4800 1825 4856 Simeon.
1865 4799 2071 4856 Tertius

476 4894 530 4947 in
560 4892 899 4957 Alexandria,
930 4893 994 4947 de
1021 4909 1145 4962 quo,
1170 4904 1225 4947 ut
1241 4895 1397 4962 refert
1427 4891 2066 4959 Ecclesiasticallistoria,

416 4972 425 4975 ὴ
478 4986 642 5041 multa
670 4984 828 5042 laude
856 4986 1016 5059 digna
1045 4986 1219 5043 retulit
1247 4984 1405 5041 Philo
1430 4984 1682 5052 Judteas,
1714 4984 1938 5041 laudans
1984 5002 2070 5041 so-

479 5079 744 5133 brietatem
772 5085 818 5132 et
840 5078 1280 5133 conrersationem
1307 5078 1483 5145 illius;
1525 5087 1573 5133 ct
1627 5078 1738 5147 ipse
1769 5077 2067 5150 designatus

474 5183 550 5228 est
576 5173 629 5226 in
653 5170 793 5227 Levi.
824 5171 1052 5240 Quartus
1081 5172 1208 5227 ordo
1236 5172 1505 5229 institutus
1532 5183 1607 5227 est
1642 5173 1696 5227 in
1739 5173 1914 5243 Africa
1939 5192 1971 5228 a
2001 5173 2063 5229 Β.

475 5265 804 5337 Augustino;
841 5275 890 5319 et
912 5266 1022 5335 ipse
1060 5264 1274 5337 designa
1300 5282 1359 5320 us
1416 5274 1491 5319 est
1535 5266 1586 5319 in
1632 5263 1793 5320 Iuda.
1848 5267 2069 5333 Quintus

477 5356 605 5412 ordo
632 5357 728 5426 [uit
758 5357 1124 5412 canonicorum
1152 5357 1464 5429 regularirrm
1494 5359 1547 5411 in
1576 5357 1805 5413 occiduis
1840 5360 2072 5428 partibus

477 5449 780 5517 institutas,
811 5451 899 5522 ι,εεὶ
922 5468 1016 5522 pro
1041 5462 1187 5520 parte
1217 5451 1381 5522 ipsius
1410 5453 1606 5522 regula:
1633 5468 1787 5522 quant
1818 5460 1951 5505 tene:
1995 5452 2075 5505 di-

476 5545 611 5599 citur
632 5555 680 5599 et
711 5546 822 5615 ipse
852 5545 914 5600 S.
942 5545 1221 5617 Augustini
1265 5561 1284 5599 :
1338 5554 1385 5599 et
1414 5545 1526 5613 ipse
1578 5546 1878 5616 designatas
1907 5554 1982 5600 est
2022 5546 2076 5599 in

480 5633 754 5691 Issachar.
790 5635 982 5692 Scalas
1009 5634 1141 5690 ordo
1173 5635 1375 5691 videtur
1400 5652 1510 5691 esse
1538 5638 1899 5691 canonicorrtm
1925 5636 2074 5693 Prat-

481 5732 972 5788 ntoustralerttium:
1013 5739 1064 5787 et
1110 5730 1217 5803 ipse
1261 5728 1560 5803 designatas
1610 5740 1680 5787 est
1721 5735 1774 5786 in
1813 5730 2070 5791 Zabalon.

2190 421 2367 485 dictis,
2402 423 2755 479 subinlertde
2786 422 3009 479 totidem
3042 424 3325 479 ordinibus
3369 426 3732 481 tuarmclrnrtun.

2192 514 2337 570 Bala:
2367 518 2575 572 ancilla:
2598 517 2839 573 [iac/telis
2870 528 3018 572 natus
3047 528 3122 573 est
3151 520 3205 573 irt
3238 518 3400 586 ﬁlium
3431 520 3546 573 ordo
3581 538 3735 576 marra-

2192 608 2428 691 charum,
2460 613 2511 665 in
2542 610 2846 667 ercorunt
2875 616 3079 685 quidem
3105 614 3342 668 Ecclesia
3379 633 3410 669 a
3444 620 3619 672 sanctis
3642 617 3736 673 Pa-

2190 702 2353 755 tribas
2380 704 2679 771 institutus;
2706 706 2789 761 hic
2812 707 2982 775 itaque
3009 707 3134 761 ordo
3165 707 3458 779 designatus
3482 719 3549 762 est
3572 710 3621 763 in
3638 709 3737 766 Dan

2189 797 2301 864 ﬁlio
2325 796 2475 851 Bala:
2499 798 2729 855 ancilla'.
2755 799 2945 853 Gcttuit
2976 811 3146 854 autent
3199 799 3332 855 Bala
3380 802 3642 856 secundum
3681 804 3740 873 ﬁ-

2190 894 2337 959 linnt,
2371 894 2579 948 nomine
2613 892 2662 947 Ν
2670 892 2914 964 ep/ttalirn
2938 935 2951 952 ,
2981 894 3071 961 qui
3100 894 3302 947 videtur
3335 894 3590 964 r'esignare
3618 893 3743 949 Orci-

2187 986 2474 1040 dentaliam
2501 987 2731 1040 ordinem
2755 986 3124 1040 monachorum
3151 985 3423 1057 (nimirum
3454 987 3547 1041 sub
3575 987 3627 1043 S.
3657 987 3744 1042 Pa-

2189 1081 2292 1136 tris
2325 1080 2600 1135 Benedicri
2638 1080 2942 1149 disciplinis
2965 1079 3250 1150 eruditos)
3284 1090 3331 1134 et
3375 1080 3520 1133 desiit
3566 1097 3741 1152 parere.

2190 1176 2297 1231 Sed
2317 1187 2365 1231 et
2394 1175 2491 1229 Lia
2522 1176 2574 1228 in
2597 1175 2693 1228 hoc
2724 1175 2839 1247 ipso
2867 1175 3113 1229 tumulata
3140 1190 3389 1242 sororem,
3419 1176 3564 1229 tradit
3579 1187 3624 1229 et
3646 1177 3743 1246 ipsa

2185 1269 2447 1337 Zelpham
2470 1271 2715 1324 ancillam
2740 1286 2886 1324 suam
2915 1270 3023 1324 viro
3046 1287 3167 1336 suo,
3202 1286 3317 1337 qatc
3351 1271 3520 1341 genuit
3563 1269 3668 1325 (ἷαά
3703 1283 3743 1326 et

2186 1366 2363 1430 Asser,
2390 1365 2443 1417 in
2468 1372 2590 1433 typo
2612 1364 2839 1418 duorum
2867 1364 3111 1418 ordinant
3143 1363 3395 1417 (uicorum
3421 1368 3646 1434 fratrum,
3669 1366 3745 1435 qui

2184 1457 2481 1509 claruerunt
2513 1457 2592 1509 his
2629 1455 2942 1525 temporibus
2988 1456 3039 1509 in
3086 1456 3321 1527 partibus
3381 1455 3592 1509 Orientis
3619 1498 3631 1519 ,
3663 1457 3746 1510 hoc

2185 1559 2261 1603 est
2292 1548 2585 1617 llospitalis
2608 1549 2775 1622 (nunc
2804 1548 2859 1609 S.
2890 1547 3115 1604 Joannis
3143 1548 3163 1619 )
3196 1558 3243 1602 et
3293 1548 3517 1603 Militum
3548 1547 3745 1617 Templi.

2192 1642 2335 1696 Duos
2364 1642 2576 1697 tandem
2604 1643 2823 1697 ordines
2856 1642 3182 1697 monasticns
3210 1643 3311 1696 sub
3339 1642 3531 1710 .loseplt
3553 1651 3604 1696 ct
3628 1641 3747 1697 Ben-

2188 1828 2486 1895 umbratos,
2519 1828 2757 1882 nondum
2790 1827 3081 1897 incazpisse
3112 1842 3211 1882 suo
3243 1836 3483 1897 tempore
3510 1826 3749 1889 dieit,ncc

2139 1906 2150 1915 ’
2187 1922 2407 1986 mirum,
2442 1934 2562 1973 cum
2598 1920 2635 1974 ii
2663 1919 2861 1975 fuerint
2889 1920 3113 1977 ordines
3156 1918 3555 1991 przeclarissimi
3578 1917 3755 1973 Przcdi-

2186 2026 2429 2069 catorunt
2462 2023 2516 2069 et
2540 2015 2829 2080 Minornm,
2858 2014 2928 2069 de
2958 2015 3151 2085 quibus
3178 2013 3492 2070 Jnacltimus
3532 2012 3580 2066 itt
3617 2026 3749 2066 corrr-

2186 2112 2473 2168 mentariis
2519 2112 2810 2167 [lteri-mia:
2859 2114 3147 2182 perspicue
3187 2110 3551 2181 prophetarit.
3582 2110 3749 2164 Videat

2185 2221 2352 2276 nunc,
2379 2221 2588 2275 quaeso,
2622 2206 2919 2262 Petrnntlns
2941 2205 3133 2274 quibus
3163 2205 3332 2275 magis
3355 2203 3653 2260 Jnachimus
3682 2201 3750 2253 la-

2186 2310 2331 2364 veat,
2360 2298 2577 2355 clericis
2600 2313 2667 2353 an
2705 2298 3026 2353 monachis?
3055 2297 3188 2353 Nam
3211 2297 3357 2368 quod
3391 2296 3457 2351 de
3498 2293 3751 2351 canonicis

2184 2393 2522 2463 regularibus
2548 2392 2722 2461 quin'i
2753 2391 2966 2446 ordinis
2994 2391 3186 2445 scribit
3211 2431 3224 2456 ,
3253 2390 3320 2445 de
3351 2387 3752 2458 cetrgregruione

2182 2485 2413 2556 quadam
2442 2484 2786 2539 manifestum
2816 2495 2897 2539 est
2920 2483 3120 2539 debere
3148 2480 3382 2552 intelligi
3411 2520 3427 2548 ,
3470 2480 3557 2535 illa
3607 2477 3752 2531 nimi-

2182 2595 2301 2634 rnm
2325 2595 2448 2648 qua:
2478 2580 2529 2633 in
2559 2578 2751 2634 Galliis
2780 2579 2966 2650 regula
2989 2580 3045 2631 S.
3074 2577 3360 2648 Augustini
3394 2574 3645 2631 eanon’ce
3668 2571 3753 2626 do-

2182 2680 2309 2725 nata
2331 2679 2435 2735 est,
2468 2681 2520 2725 et
2550 2670 2824 2742 geminato
2848 2669 3075 2725 canonis
3100 2677 3154 2725 ct
3187 2667 3396 2739 regula:
3443 2664 3653 2721 nomine
3674 2678 3754 2718 ca-

2183 2752 2503 2822 nonieorum
2549 2763 2879 2835 regnlarium
2916 2763 3103 2818 vocari
3156 2770 3421 2832 emperat.
3476 2759 3591 2826 Quo
3640 2772 3754 2811 vero

2181 2874 2326 2913 anno
2357 2858 2406 2912 id
2437 2856 3045 2913 aceidcritJoaclrimus
3098 2870 3205 2910 non
3252 2854 3485 2925 promit;
3528 2864 3581 2908 et
3623 2849 3752 2919 quod

2180 2949 2375 3005 asserit
2397 2965 2425 3004 a
2451 2950 2507 3007 S.
2542 2948 2682 3005 Rufo
2716 2948 2886 3005 fuisse
2916 2949 3238 3015 institutam,
3272 2964 3382 3004 non
3409 2964 3437 3002 a
3461 2963 3520 3003 se
3544 2989 3557 3011 ,
3591 2946 3675 3001 sed
3696 2959 3753 2997 ex

2102 3088 2150 3152 C
2180 3040 2412 3095 aliorum
2441 3041 2713 3097 relatione
2751 3040 2943 3096 scribit
2976 3059 2987 3095 :
3021 3051 3074 3096 et
3108 3040 3285 3097 forsan
3310 3041 3473 3111 vulgo
3498 3037 3756 3094 dierrlratttr

2464 3149 2481 3152 _
2516 3134 2545 3152 ο
2601 3132 2641 3152 η
2691 3135 2731 3152 ρ.
3108 3132 3240 3152 μη)
3277 3133 3325 3152 ,μ
3511 3140 3731 3152 ,.,,,,,,,,

2181 3132 2314 3186 ordo
2346 3133 2439 3188 ille
2461 3149 2490 3187 a
2515 3134 2570 3188 S.
2601 3132 2739 3190 Rufo
2770 3133 3070 3201 institutus,
3100 3132 3241 3204 quod
3277 3133 3331 3188 in
3361 3133 3483 3203 ejus
3510 3140 3759 3185 turraasu-

2177 3225 2260 3279 rio
2290 3226 2571 3282 institutus
2591 3235 2769 3291 esset;
2803 3225 3033 3297 indeque
3060 3240 3089 3279 a
3119 3225 3177 3280 S.
3213 3224 3361 3280 Rufo
3392 3224 3458 3279 ad
3489 3224 3647 3279 multa
3665 3221 3755 3275 alia

2176 3316 2455 3373 derivalns
2481 3316 2570 3372 sit.
2610 3317 2810 3372 Verum
2844 3302 3115 3387 ejusmodi
3160 3318 3485 3373 clericorum
3516 3312 3782 3370 autcfatio’

2177 3424 2285 3465 non
2311 3411 2380 3464 ita
2411 3411 2688 3466 ntordicds
2715 3427 2776 3466 ex
2806 3423 2987 3467 mente
3013 3412 3157 3467 beati
3186 3412 3283 3466 viri
3318 3411 3560 3482 aceipien
3584 3412 3625 3461 εει
3655 3415 3752 3471 est,

2175 3504 2331 3575 quasi
2363 3505 2591 3561 multum
2630 3505 2890 3574 temporis
2917 3506 3061 3561 inter
3106 3506 3435 3562 clericorum
3486 3515 3541 3561 et
3587 3517 3758 3557 morta—

2175 3594 2403 3651 clrorum
2432 3595 2830 3653 insritutionem
2879 3596 3184 3653 interfuerit
3211 3613 3226 3655 ;
3258 3614 3382 3653 nam
3419 3613 3537 3665 cap.
3573 3607 3755 3656 rra‘ce-

2174 3688 2321 3743 denti
2358 3690 2475 3760 (seu
2497 3689 2561 3745 l9
2581 3691 2904 3760 introduct.)
2933 3689 3261 3759 utrosqnein
3290 3689 3565 3759 primitira
3591 3684 3758 3741 Eccle-

2173 3782 2251 3837 sia
2269 3791 2418 3839 ortos
2442 3782 2610 3838 fuisse.
2624 3782 2925 3844 contendit.
2951 3783 3198 3855 inquiens
3215 3801 3228 3839 :
3245 3780 3388 3838 Inito
3410 3794 3583 3838 autmt
3605 3780 3755 3853 primo

2172 3884 2329 3940 statu,
2363 3884 2413 3931 et
2442 3876 2683 3931 inchoato
2708 3876 2937 3931 secando
2970 3876 2988 3949 (
3017 3876 3108 3944 qui
3147 3875 3314 3946 ((Bpil
3342 3893 3375 3931 a
3410 3877 3626 3931 Christo
3666 3873 3756 3926 [lu-

2175 3967 2346 4036 mino)
2368 3984 2490 4021 mox
2517 3968 2822 4022 clericorurn
2851 3980 2898 4022 et
2932 3968 3298 4024 monachorum
3316 3969 3526 4024 ordines
3541 3962 3757 4020 inclroa't'

2173 4069 2324 4115 sunt:
2347 4059 2491 4115 haud
2513 4058 2727 4114 dubiant
2767 4061 2888 4127 quin
2925 4061 2979 4115 in
3011 4060 3243 4115 Ecclesia
3273 4062 3573 4129 printitira,
3604 4059 3683 4129 qui
3716 4065 3758 4109 et

2171 4156 2328 4208 vitam
2348 4152 2757 4209 ecclesiasticam
2793 4154 3128 4225 pra’dicando
3166 4164 3214 4209 et
3244 4155 3481 4209 ordinem
3521 4150 3756 4206 monasti-

2172 4261 2289 4301 cum
2316 4262 2407 4319 per
2426 4262 2747 4301 Communem
2780 4247 2932 4300 vitam
2954 4246 3243 4301 servabant.
3280 4244 3450 4300 Tanta
3481 4256 3648 4299 autem
3672 4239 3762 4312 [uit

2174 4338 2467 4392 communio
2491 4337 2711 4393 duorum
2746 4337 2987 4392 ordinum
3012 4338 3228 4407 istorum
3262 4337 3318 4391 in
3363 4336 3467 4392 hoc
3504 4344 3645 4390 stata
3687 4345 3764 4386 se.

2176 4428 2366 4494 cando,
2398 4438 2454 4482 ut
2484 4445 2573 4483 nec
2602 4428 2781 4483 clerici
2809 4427 3046 4483 deessent
3078 4428 3130 4482 in
3152 4445 3238 4492 co,
3279 4428 3371 4498 qui
3393 4430 3615 4482 viverent
3637 4439 3763 4476 torno

2178 4522 2399 4577 muniter
2420 4523 2552 4577 sicut
2578 4523 2849 4591 ntonachi,
2894 4539 2984 4577 nec
3028 4521 3269 4576 monachi
3307 4521 3495 4592 quibus
3544 4518 3762 4589 ofﬁciunt

2178 4617 2578 4669 committeretur
2608 4614 2938 4670 clericorum.

2249 4706 2420 4762 Porro
2441 4707 2582 4777 quod
2611 4706 2678 4762 ad
2701 4723 2822 4778 cap.
2859 4706 2925 4762 14
2948 4706 3118 4778 Apoc.
3147 4706 3364 4772 scribit,
3395 4706 3591 4775 Sr:rge'
3617 4704 3760 4766 ordo,

2175 4800 2265 4869 qui
2285 4801 2487 4854 videtur
2511 4817 2694 4870 novus,
2720 4812 2766 4856 ct
2797 4813 3016 4869 nonest,
3052 4802 3225 4855 induti
3257 4803 3424 4872 nigris
3448 4801 3689 4865 rest-bas,
3719 4805 3762 4852 et

2177 4895 2351 4949 induti
2376 4897 2596 4963 desuper
2622 4911 2776 4961 zona,
2809 4896 2896 4963 qui
2934 4896 3031 4950 erit
3057 4895 3183 4949 ordo
3222 4894 3604 4957 Erentilarunt,
3639 4902 3760 4954 clc.,

2177 4990 2314 5044 velit
2340 4987 2479 5044 nolit
2522 4988 2843 5052 Pennottus,
2883 4988 3169 5044 manifesta
3217 4998 3298 5043 est
3331 4987 3627 5059 pr0plretia
3656 5000 3768 5040 erc—

2178 5082 2436 5138 mitarum
2468 5081 2524 5138 S.
2572 5081 2882 5151 Augustini,
2927 5098 3049 5137 cum
3084 5097 3180 5137 eos
3211 5081 3452 5136 nondum
3494 5097 3562 5135 eo
3588 5077 3764 5131 habitu

2178 5185 2232 5230 ct
2263 5176 2478 5245 cingulo
2504 5174 2733 5229 donatos
2762 5174 2842 5248 (ut
2866 5174 3169 5230 luculenter
3198 5174 3389 5244 probat
3424 5174 3489 5226 Il.
3522 5172 3577 5227 l‘.
3604 5169 3767 5224 Lucas

2180 5267 2543 5340 Waddingns)
2580 5283 2677 5321 nec
2709 5269 2894 5322 unitos
2918 5268 2983 5322 ad
3017 5284 3179 5322 nnunt
3208 5267 3485 5333 ordinem,
3518 5263 3655 5316 vitis
3682 5274 3770 5313 en-

2179 5362 2387 5418 loribus
2417 5360 2746 5430 depinxerit.
2779 5359 2911 5415 Nam
2955 5360 3095 5429 quod
3134 5356 3433 5428 reSpnndet
3478 5356 3769 5410 Pennottns

2178 5453 2273 5510 lib.
2308 5469 2346 5522 ι,
2376 5469 2496 5523 cap.
2530 5453 2620 5519 51,
2646 5452 2888 5522 potuisse
2917 5451 3256 5506 .loaelriurum
3282 5449 3349 5505 de
3381 5440 3769 5504 eremirisGui-

2179 5545 2455 5611 lielmitis,
2503 5553 2595 5599 aut
2626 5542 2950 5599 .larnbonitis
2996 5543 3168 5613 loqui,
3209 5551 3329 5612 post
3363 5556 3509 5609 quos
3552 5541 3770 5590 exitl'lOS

2182 5638 2523 5712 prOpIrelavit
2549 5639 2692 5694 circa
2719 5654 2920 5693 annum
2954 5637 3166 5693 Domini
3198 5637 3356 5704 Hdt),
3396 5636 3561 5704 longe
3591 5650 3617 5683 a
3648 5639 3771 5681 rete

2184 5731 2360 5803 acht,
2392 5741 2445 5789 et
2482 5746 2669 5805 parum
2720 5731 2996 5788 memoria:
3036 5729 3087 5786 iu
3135 5744 3202 5786 co
3241 5725 3444 5800 arguit,
3486 5725 3582 5797 qtti
3615 5718 3772 5795 paulo
