4062 6340
219 388 321 445 617

1284 383 1813 442 APOLOGETlCUS
1852 383 1988 440 Ι)Βο
2027 383 2089 438 L.
2135 380 2438 441 DEXTRO.

3409 378 3516 437 6l8

219 511 347 558 ante
375 516 500 571 cap.
531 500 625 568 46,
656 513 806 555 num.
841 499 898 568 5,
922 498 989 554 de
1019 497 1352 556 Gnlielmitis
1377 498 1594 554 dixerat
1621 517 1630 551 :
1664 497 1816 554 Patet
1844 501 1890 560 Α
1922 497 2006 553 nis
2051 496 2405 554 eremitarum
2455 492 2510 549 S.
2557 489 2868 562 Augustini,
2911 490 3129 546 adducit
3179 489 3517 561 prophetiam

221 595 358 666 quod
387 593 599 650 habitus
621 593 954 647 eremitarum
990 589 1054 643 υ.
1083 589 1352 644 Guillelmi
1398 589 1548 661 longe
1586 588 1820 644 diversus

220 696 352 751 erat,
381 696 490 740 tum
522 702 586 740 ea:
613 684 839 740 eremitis
865 683 991 737 dicti
1016 681 1238 747 ordinis,
1261 682 1489 753 quicum
1519 682 1611 736 illo
1640 680 1820 736 habitu

221 787 644 849 permanserunt,
673 778 760 848 qui
798 793 902 831 non
931 785 1042 830 erat
1063 775 1271 830 cucullo
1305 776 1476 848 nigra,
1512 774 1601 828 sed
1647 775 1823 829 tunica

219 871 368 938 alba,
401 888 517 926 cum
545 872 790 925 mantello
814 871 953 930 albo.
989 870 1127 924 unde
1163 880 1212 925 et
1248 870 1414 924 rocati
1443 878 1566 923 sunt
1594 869 1825 923 mantelti

222 965 353 1021 albi.
387 964 461 1022 De
491 965 815 1021 Jambonitis
848 980 1002 1031 vero,
1043 980 1142 1021 seu
1183 963 1425 1022 eremitis
1461 964 1556 1019 Fr.
1601 963 1826 1020 Joannis

223 1058 365 1114 Boni
397 1073 521 1130 cap.
549 1058 797 1130 sequenti
828 1058 944 1132 (Π)
971 1075 1120 1129 num.
1150 1059 1176 1114 1
1203 1059 1397 1115 asserit
1421 1066 1547 1114 ante
1570 1058 1824 1115 unionem

224 1152 297 1206 ab
328 1153 646 1208 Innocentio
686 1151 750 1208 IV
785 1151 1005 1222 factam,
1039 1168 1147 1206 non
1184 1151 1443 1208 habuisse
1484 1151 1703 1222 nigrum
1733 1150 1828 1206 ha-

225 1245 427 1309 bitum,
465 1245 561 1302 sed
603 1245 810 1300 hahitui
854 1244 1108 1299 Fratrum
1148 1244 1413 1300 Mlnornm
1457 1243 1824 1315 persimilem;

224 1337 512 1406 refertque
563 1337 772 1393 litteras
821 1337 1080 1394 Gulielmi
1114 1338 1412 1393 cardiu-alis
1468 1337 1826 1408 protectoris,

224 1430 322 1485 ubi
349 1430 420 1486 de
449 1431 556 1486 illis
572 1431 686 1501 jam
717 1429 885 1486 uttitis
913 1429 990 1486 ait
1025 1450 1037 1484 :
1073 1430 1139 1485 Et
1165 1433 1292 1503 quia
1313 1448 1493 1486 eorum
1515 1431 1720 1485 habitus
1744 1430 1829 1500 qui

223 1523 436 1579 habitui
468 1523 715 1579 Fratrum
745 1523 1008 1580 Minorum
1046 1524 1317 1580 videbatur
1342 1525 1648 1596 conformis,
1686 1522 1830 1593 apud

224 1621 440 1692 aliquos
462 1619 767 1674 scandalum
787 1618 1164 1691 quodammodo
1187 1618 1489 1682 suscitabat,
1505 1618 1568 1673 de
1588 1616 1831 1671 mandato

225 1721 274 1766 et
311 1713 620 1767 auctoritate
649 1711 874 1766 duorum
898 1710 1275 1780 cardinalium,
1303 1711 1392 1782 qui
1418 1718 1544 1765 tunc
1581 1711 1636 1765 in
1666 1709 1832 1780 parti-

225 1803 322 1858 bus
351 1802 683 1857 Lambardite
707 1803 980 1875 legationis
1013 1803 1367 1875 fungebantur
1389 1801 1590 1874 ofﬁcio,
1618 1801 1830 1874 nigrum

1929 592 2220 658 Joachimi,
2253 591 2324 648 de
2353 605 2455 660 qua
2485 587 2646 659 paulo
2672 587 2921 658 superius
2949 587 3179 657 egimus.

2000 687 2272 743 [lobertus
2301 685 2370 742 de
2414 683 2565 740 Licio
2597 683 2886 754 episcopus
2923 681 3199 752 Aqucnsis
3243 682 3422 738 Serm.
3449 681 3521 738 43

1927 781 1997 836 de
2047 779 2286 844 Sanctis,
2334 777 2426 846 qui
2477 786 2561 833 est
2603 775 2674 832 de
2720 776 2882 831 beato
2927 773 3221 830 Francisco
3255 793 3268 830 :
3302 773 3524 846 Insuper

1927 873 2052 945 (ait)
2077 872 2237 927 abbas
2260 870 2502 926 Joachim
2529 872 2607 926 vir
2630 871 2832 926 eximite
2860 871 3152 926 sanctitatis
3172 914 3185 938 ,
3213 879 3261 925 et
3297 866 3526 940 prephe-

1928 970 2030 1024 tico
2060 969 2253 1038 spiritu
2277 969 2505 1035 clarens,
2538 968 2590 1021 in
2615 967 2840 1039 quodam
2872 984 2967 1020 suo
3008 964 3184 1020 libello
3229 966 3303 1018 ita
3343 965 3475 1017 dixit
3507 977 3526 1016 :

1930 1061 2102 1116 Erunt
2126 1061 2228 1116 duo
2249 1061 2366 1126 viri,
2394 1077 2526 1114 unus
2546 1058 2684 1126 hinc,
2715 1060 2854 1114 alius
2883 1060 3038 1124 inde,
3070 1059 3156 1128 qui
3185 1059 3287 1111 duo
3318 1045 3547 1109 ordines.

1928 1156 2362 1225 interpretantur;
2385 1171 2518 1208 unus
2540 1151 2713 1208 Italus
2737 1154 2800 1207 de
2825 1151 3072 1218 'I‘hnscia,
3098 1152 3231 1206 alter
3257 1151 3529 1219 Hispanus

1930 1249 1993 1302 de
2035 1246 2310 1319 Hispania,
2346 1255 2477 1314 etc.,
2515 1255 2569 1301 et
2599 1245 2668 1302 de
2712 1245 3006 1301 Francisco
3043 1245 3268 1300 subdit:
3308 1241 3534 1312 Depingi

1931 1358 2047 1397 eum
2077 1341 2198 1412 fecit
2234 1339 2290 1395 in
2330 1339 2563 1394 Ecclesia
2595 1337 2659 1394 S.
2693 1337 2861 1393 Marci
2894 1338 2958 1392 de
3007 1336 3238 1393 Venetiis
3279 1352 3398 1388 cunt
3437 1335 3532 1387 sti-

1931 1435 2192 1507 gmatibus
2231 1451 2388 1506 super
2431 1435 2622 1490 ostium
2663 1433 2938 1501 sacristiw,
2973 1433 3107 1488 sicut
3153 1431 3408 1488 hodierna
3449 1429 3532 1484 die

1940 1527 2263 1582 cernentibus
2289 1538 2453 1600 patet.

2003 1606 2336 1676 Ptolommus
2359 1619 2425 1676 de
2453 1619 2598 1676 Luca
2631 1621 2684 1675 in
2708 1619 2914 1677 Chron.
2943 1637 2957 1676 ε
2982 1617 3234 1692 Tempore
3255 1618 3406 1674 Lucii
3435 1615 3534 1672 IlI

1933 1714 2109 1784 floruit
2132 1711 2376 1768 Joachim
2394 1713 2558 1769 abbas
2579 1715 2633 1768 in
2656 1711 2925 1782 Calabria,
2945 1713 3185 1768 doctrina
3209 1722 3255 1767 et
3280 1712 3529 1768 vaticinia

1935 1807 2167 1862 celebris.

225 1913 382 1966 quem
408 1897 620 1968 gestatis
645 1895 818 1950 adltuc
849 1896 1106 1962 habitum,
1132 1897 1418 1969 elegerunt.
1449 1894 1555 1963 Qui
1580 1911 1696 1950 cum
1713 1897 1830 1967 jam
1861 1887 1908 1948 Β
2006 1898 2341 1957 Trithemius
2363 1900 2458 1957 lib.
2479 1916 2516 1956 ιι
2540 1901 2607 1958 de
2624 1901 2772 1958 Viris
2797 1901 3000 1958 illustr.
3021 1901 3080 1958 S.
3106 1902 3240 1958 Ben.
3265 1917 3387 1972 cap.
3408 1900 3429 1956 l
3450 1878 3552 1956 l7.~

225 2000 545 2046 vocarentur
572 1989 786 2045 Fratres
814 1989 1059 2046 Eremita:
1081 1988 1304 2046 Joannis
1325 1991 1469 2057 boni,
1493 1999 1600 2047 etc.
1627 1989 1830 2044 Zonam

229 2097 367 2138 vero
399 2081 742 2153 postmodum
767 2081 932 2138 etiam
963 2083 1273 2154 suscepisse
1303 2083 1480 2155 liquet
1517 2097 1584 2139 es
1632 2081 1834 2140 litteris

230 2176 504 2248 apostolis
547 2175 794 2247 Gregorii
832 2175 935 2244 IX,
978 2192 1115 2248 quas
1165 2176 1337 2234 refert
1385 2177 1504 2249 ipse
1534 2178 1836 2234 Pennoltus

236 2267 440 2326 eodem
469 2282 591 2340 cap.
618 2268 710 2337 47,
758 2284 908 2324 num.
949 2269 1004 2322 7.
1052 2269 1306 2340 Depinsit
1343 2284 1476 2341 ergo
1522 2269 1838 2328 Joachimns

233 2363 486 2420 habitum
539 2366 893 2421 eremitarum
942 2372 999 2421 et
1049 2365 1383 2437 corrigiam,
1431 2381 1551 2436 quze
1600 2364 1838 2420 nondum

235 2467 402 2514 crant
448 2457 502 2514 in
546 2458 711 2515 rebus
745 2474 759 2513 :
792 2474 893 2516 nec
932 2459 1152 2526 mirum,
1201 2473 1326 2515 cum
1361 2457 1587 2515 ordines
1625 2472 1843 2529 quoque

238 2551 516 2608 Minorem
574 2562 630 2609 et
678 2552 1104 2610 Prwdicatorum
1158 2552 1448 2610 manifeste
1497 2551 1840 2623 prmdixerit,

242 2661 548 2717 eorumque
575 2647 914 2716 patriarchas
947 2647 1000 2702 in
1033 2662 1119 2713 eo,
1143 2662 1306 2719 quem
1339 2644 1682 2717 postmodum
1705 2659 1845 2700 sum-

248 2751 474 2811 pserunt
521 2740 707 2795 habitu
757 2741 900 2810 apud
945 2741 1004 2798 S.
1036 2740 1277 2798 Marcum
1306 2740 1660 2796 Venetiarum
1708 2737 1846 2794 vivis

251 2835 530 2892 coloribus
559 2834 776 2906 depingi
821 2835 1034 2901 fecerit,
1069 2843 1121 2891 et
1152 2835 1325 2890 multa
1359 2833 1463 2888 alia
1493 2831 1846 2904 przcdixerit,

252 2930 450 3000 quibus
509 2929 712 2986 eximio
764 2930 1062 3000 prophetia:
1117 2928 1311 3000 spiritu
1359 2927 1622 3000 polluisse
1678 2925 1850 2996 magis

257 3021 599 3092 perspicuum
627 3029 736 3091 est,
768 3035 930 3092 quam
959 3028 1019 3077 ut
1053 3019 1213 3092 longa
1244 3019 1492 3076 oratione
1524 3016 1742 3089 probari
1771 3015 1854 3071 in-

257 3115 457 3188 digeat.

2009 1991 2292 2050 Mattbacus
2341 1993 2647 2050 Palmerius
2696 1995 2750 2050 in
2801 1997 3216 2052 continuatione
3264 1995 3473 2052 Chron.
3526 2010 3543 2046 :

1936 2086 2178 2143 Joachim
2204 2087 2382 2160 abbas,
2413 2090 2492 2144 vir
2510 2090 2697 2162 spiritu
2719 2091 3022 2163 praphetico
3053 2091 3262 2163 plenus,
3289 2090 3340 2144 in
3366 2106 3547 2145 socra-

1940 2197 2056 2234 rum
2079 2183 2300 2237 scientia
2331 2183 2624 2238 litterarunt
2655 2185 2862 2254 doctus,
2908 2185 2963 2238 in
2991 2184 3236 2239 Calabria
3263 2186 3411 2254 floret
3451 2183 3546 2237 sub

1945 2273 2158 2330 Urbano
2189 2273 2278 2330 ΙΙ.

2016 2374 2372 2446 Pandolphus
2416 2374 2760 2432 Collenutius
2807 2374 2907 2432 lib.
2956 2391 3012 2431 tv
3061 2374 3265 2431 llistor.
3317 2372 3544 2445 Neapol.

1943 2481 2112 2541 agens
2157 2467 2227 2524 de
2270 2467 2505 2524 Henrico
2537 2467 2608 2524 VI
2635 2468 2834 2538 imper.
2866 2469 2959 2539 qui
3008 2482 3236 2523 uxorem
3277 2465 3554 2521 Consran-

1949 2561 2080 2616 tiam
2121 2560 2648 2633 quinquagenariam
2685 2569 2937 2630 agentem
2977 2559 3256 2630 gravidam
3309 2557 3553 2613 admira-

1947 2651 2138 2720 batur;
2172 2662 2229 2707 ut
2251 2667 2382 2730 ergo
2406 2652 2674 2708 Henricus
2713 2641 2992 2723 gravidam
3033 2651 3184 2706 illam
3225 2650 3393 2706 fuisse
3425 2666 3552 2719 per-

1948 2746 2113 2816 cepit,
2171 2745 2468 2809 admirans,
2526 2745 2596 2801 ab
2653 2746 2851 2801 abbate
2902 2745 3146 2801 Joachim
3201 2754 3385 2800 certus
3435 2745 3552 2799 fieri

1954 2838 2196 2903 Studuit;
2226 2839 2314 2910 qui
2344 2838 2592 2895 Joachim
2625 2847 2755 2894 tunc
2784 2839 3040 2908 temporis
3070 2839 3336 2906 ﬂorebat,
3367 2847 3422 2894 et
3444 2837 3556 2908 spi-

1953 2931 2090 2988 ritus
2144 2931 2447 3002 prophetici
2493 2931 2636 2987 fama
2696 2929 3119 3003 iusigniebatur.
3174 2932 3362 2987 Abhas
3419 2947 3556 2988 vero

1955 3023 2334 3080 Constantiam
2363 3024 2431 3080 ab
2454 3025 2649 3081 eodem
2671 3025 2989 3096 concepisse
3029 3025 3322 3080 Ilcnricum
3357 3024 3558 3080 certio-

1955 3133 2077 3174 rem
2121 3117 2284 3183 fecit;
2334 3127 2388 3172 et
2432 3116 2576 3188 quod
2623 3125 2744 3173 erat
2789 3116 2867 3172 illi
2915 3118 3159 3188 paritura
3207 3116 3557 3181 infantulutn,

329 3207 438 3265 Sed
487 3223 599 3278 quo
640 3207 760 3264 hac
799 3206 931 3264 fiant
977 3216 1104 3264 nota
1135 3205 1413 3274 omnibus,
1447 3215 1503 3262 et
1527 3213 1720 3262 contra
1761 3202 1856 3260 τιά-
1895 3278 1920 3281 _
1957 3211 2112 3281 cujus
2142 3225 2331 3266 omnes
2362 3212 2486 3266 vitae
2514 3219 2766 3278 eventus,
2793 3221 2850 3265 et
2879 3210 3114 3281 qualiter
3140 3209 3413 3265 Henricus
3443 3211 3558 3279 ipse

263 3301 630 3358 versariorum
660 3303 878 3359 testium
912 3302 1356 3358 informationem
1389 3317 1419 3357 a
1449 3301 1718 3357 Pennotto
1745 3297 1856 3354 fac-
1881 3278 1926 3342 Ο
1961 3313 2086 3376 post
2112 3319 2283 3376 pauca
2307 3303 2359 3358 in
2395 3303 2858 3376 agro.Malcarum
2893 3278 3064 3374 prope
3102 3301 3406 3358 Messanam
3445 3278 3564 3357 erat

267 3406 370 3451 tam
396 3412 494 3466 pro
510 3395 784 3454 .lonchimi
806 3397 1117 3453 innocentia
1137 3394 1545 3467 comprobanda
1562 3393 1858 3450 nonnullos

265 3505 479 3556 eorum,
520 3490 610 3561 qui
652 3504 754 3560 pro
788 3505 855 3545 eo
896 3497 1048 3544 stant
1074 3487 1252 3561 (brevi
1291 3498 1470 3544 tamen
1513 3485 1857 3557 compendio,

267 3592 425 3650 prout
454 3582 618 3640 locus.
641 3579 866 3655 patitur)
900 3582 956 3638 in
989 3579 1229 3637 medium
1270 3579 1548 3636 adducere
1593 3593 1698 3634 non
1741 3591 1862 3648 gra-

265 3676 456 3731 vabor.
504 3674 749 3730 Primum
795 3675 1038 3730 omnium
1093 3673 1312 3744 profero
1342 3673 1402 3729 S.
1446 3670 1708 3744 Cyrillum
1737 3668 1858 3724 ord.

267 3770 687 3827 Carmelitarnm
718 3769 1092 3842 splendorem,
1127 3769 1217 3838 qtti
1248 3783 1313 3824 ex
1344 3766 1595 3822 Carmclo
1632 3763 1698 3819 ad
1741 3762 1863 3818 Joa-

269 3864 510 3920 chimum
539 3864 591 3918 in
623 3863 874 3918 Calabria
903 3863 1192 3934 degentem
1235 3875 1400 3930 super
1433 3856 1716 3929 protubetia
1757 3854 1864 3909 sibi

271 3955 488 4011 cmlitus
527 3964 748 4010 ostensa
791 3954 1076 4010 enodanda
1123 3953 1177 4007 in
1227 3951 1344 4007 tunc
1388 3949 1552 4005 verba
1597 3948 1813 4018 scripsit
1849 3963 1861 4000 :

271 4055 401 4106 (ium
457 4047 601 4104 Deus
651 4049 742 4104 tibi
795 4048 930 4103 velut
978 4047 1200 4102 secundo
1251 4045 1450 4101 Joanni
1499 4041 1864 4113 Evangelistaz,

272 4150 457 4202 miram
482 4147 661 4218 futura
699 4145 960 4199 noscenda
1000 4145 1223 4214 gratiam
1259 4140 1555 4206 contulerit,
1590 4135 1870 4209 .humiliter

274 4257 448 4314 qureso
481 4239 784 4313 (reverende
825 4235 1008 4309 Pater)
1049 4248 1105 4292 ut
1137 4235 1339 4292 brevius
1372 4232 1696 4306 prophetiam
1734 4229 1869 4283 hanc

277 4335 549 4392 enucleare
596 4334 858 4407 digneris,
895 4349 999 4404 quo
1056 4331 1336 4386 dilucidius
1391 4327 1568 4383 Divini
1629 4324 1871 4400 abyssum

277 4429 439 4500 hujus
479 4427 706 4482 muneris
751 4435 1026 4498 penetrare
1074 4423 1355 4479 valeamus.
1407 4419 1620 4494 Frange
1665 4433 1870 4481 nucem,

275 4523 434 4577 densa
474 4521 666 4587 revela,
711 4529 766 4574 ut
804 4518 1076 4588 splendeat
1113 4516 1312 4574 cunctis
1349 4515 1561 4569 claritas
1596 4512 1874 4567 clarissimi

279 4612 445 4670 Solis.
477 4613 671 4668 Exstat
699 4609 969 4681 ejusmodi
1001 4609 1229 4679 epistola
1265 4622 1385 4663 eum
1417 4606 1673 4676 operibus
1704 4604 1874 4675 ipsius

1960 3399 2283 3466 moriturus,
2316 3397 2591 3466 praedixit,
2622 3406 2730 3453 etc.

2031 3491 2268 3548 Joannes
2298 3490 2554 3546 Nicotaus
2576 3489 2807 3560 Doglion
2836 3491 2869 3546 5
2895 3500 3051 3564 parte
3068 3489 3390 3562 Compendii
3417 3489 3555 3545 Hist.

1962 3584 2288 3640 universnlis
2323 3603 2334 3636 :
2377 3581 2684 3638 Joachimus
2719 3582 2898 3652 abbas,
2933 3585 3028 3652 ait,
3071 3583 3317 3638 ambobus
3362 3582 3562 3654 regibus

1965 3677 2042 3750 (id
2065 3688 2170 3746 est,
2203 3677 2458 3748 Philippo
2486 3677 2708 3745 Gallias,
2740 3686 2796 3735 et
2827 3677 3109 3734 Richardo
3141 3675 3374 3749 Allglitl‘)
3403 3678 3566 3731 inuti-

1965 3771 2068 3824 lem
2110 3769 2323 3825 illorum
2361 3771 2474 3841 fore
2514 3787 2848 3842 progressum
2886 3771 3163 3841 prwdixit;
3195 3786 3254 3824 eo
3293 3769 3434 3840 quod
3462 3786 3566 3823 non

1967 3874 2075 3918 erat
2097 3865 2239 3918 ultra
2267 3873 2464 3936 tempus
2487 3874 2722 3920 sanctam
2745 3881 3054 3936 recuperare
3076 3864 3336 3919 civitatem
3360 3879 3378 3917 :
3401 3880 3567 3934 quatt-

1969 3954 2245 4026 doquidem
2272 3956 2348 4010 rei
2370 3955 2609 4027 probavit
2630 3967 2860 4012 eventus.

2040 4046 2238 4102 Paulus
2263 4045 2517 4102 Emilius
2545 4047 2598 4103 in
2627 4047 2825 4104 histor.
2850 4047 3224 4104 Carbonensis
3248 4046 3568 4103 monasterii

1971 4140 2040 4196 dc
2068 4139 2304 4195 llenrico
2334 4139 2526 4210 imper.
2551 4140 2614 4196 Vl
2647 4155 2815 4212 agens
2844 4138 3200 4198 aitzPra'scio
3233 4148 3566 4196 venturorum

1972 4249 2004 4288 α
2027 4231 2303 4288 Joachimo
2333 4232 2519 4289 abbate
2543 4234 2702 4303 facto,
2740 4242 2848 4290 etc.

2047 4326 2242 4382 Petrus
2281 4325 2604 4396 Rodulphus
2649 4325 2705 4380 in
2750 4325 2942 4381 histor.
2991 4325 3284 4398 Seraphica
3326 4325 3456 4380 dum
3503 4325 3574 4380 de

1975 4420 2159 4492 efﬁgie
2203 4423 2380 4477 sancti
2432 4419 2714 4477 Francisci
2761 4421 2894 4490 agit,
2935 4421 3017 4477 sic
3059 4420 3134 4476 ait
3175 4438 3188 4474 :
3229 4421 3361 4475 Ante
3389 4421 3578 4476 Sancti

1978 4516 2135 4589 hujus
2166 4524 2424 4584 exortum,
2450 4515 2608 4570 abbas
2634 4514 2944 4568 Joachimus
2976 4513 3242 4569 Florensis
3272 4514 3350 4568 vir
3379 4514 3576 4568 sancti-

1980 4611 2100 4664 tatis
2139 4609 2340 4664 eximia:
2378 4617 2424 4664 et
2462 4610 2655 4680 spiritu
2688 4609 2976 4680 prophetia:
3016 4607 3348 4678 conspicuus,
3383 4605 3434 4658 in
3465 4605 3576 4658 inde

278 4707 553 4764 Joachimi
583 4707 634 4762 in
670 4692 926 4762 Vaticana
969 4701 1322 4768 bibliotheca,
1355 4711 1410 4756 et
1443 4701 1493 4754 in
1536 4699 1706 4754 altera
1755 4713 1874 4754 tno-
1903 4670 1956 4730 D
1981 4703 2050 4756 1).
2083 4701 2252 4756 Marci
2280 4701 2534 4769 Venetiis,
2567 4711 2703 4767 etc.,
2735 4718 2855 4772 qua:
2879 4699 3058 4755 adhuc
3084 4699 3252 4755 hodie
3298 4697 3489 4752 visitur
3520 4697 3577 4752 in

283 4801 509 4857 nastcrii
539 4801 596 4858 S.
630 4797 779 4855 Fidis
815 4797 1023 4854 ordinis
1049 4793 1434 4851 Cisterciensis
1456 4807 1626 4862 prOpc
1668 4791 1877 4846 Czesar-

282 4904 605 4967 augustam,
645 4909 876 4966 eamque
919 4891 1089 4949 refert
1127 4889 1366 4948 Jacobus
1395 4889 1465 4945 de
1503 4887 1773 4958 Voragine
1823 4885 1877 4941 in

288 4988 406 5044 Vita
429 4989 490 5046 S.
525 4986 739 5059 Cyrilli.

355 5079 629 5136 Chronica
661 5080 1048 5151 magistrorum
1079 5074 1418 5148 generalium
1445 5073 1654 5130 ordinis
1680 5073 1736 5131 S.
1773 5071 1878 5128 Do-

289 5173 471 5230 minici
523 5173 637 5228 tunc
682 5173 923 5229 habent:
963 5169 1286 5227 Venerabilis
1326 5177 1500 5224 autem
1539 5167 1694 5222 abbas
1751 5163 1883 5220 Joa-

293 5267 426 5320 chim
459 5264 727 5320 Florensis
748 5265 951 5319 ordinis
980 5264 1270 5326 institutor,
1307 5261 1556 5332 fratribus
1593 5259 1701 5314 suis
1735 5257 1884 5313 habi-

295 5371 421 5427 tmn,
461 5375 618 5431 quem
660 5358 832 5414 dictus
872 5359 1120 5431 magister
1161 5355 1481 5428 Reginaldus
1511 5371 1542 5409 a
1569 5353 1636 5409 B.
1675 5352 1888 5424 Virgine

295 5461 564 5524 acceperat
587 5496 601 5522 ,
649 5450 949 5524 praphetice
985 5450 1378 5517 demonstrans,
1419 5451 1471 5503 in
1507 5447 1736 5519 quodam
1779 5462 1888 5501 mo-

298 5547 523 5601 nasterio
559 5545 640 5600 sui
677 5543 901 5609 ordinis,
932 5543 1068 5614 quod
1107 5553 1180 5597 est
1225 5543 1277 5596 in
1307 5540 1574 5604 Calabria,
1603 5539 1816 5613 depingi
1843 5550 1889 5591 et

301 5643 455 5695 etiam
485 5641 538 5694 in
569 5638 807 5694 Ecclesia
836 5636 1006 5692 Marci
1045 5635 1382 5691 Venetiarum
1417 5632 1756 5688 vermiculato
1787 5648 1895 5687 em-

305 5733 522 5790 blemate
550 5735 667 5804 ﬁeri
690 5734 832 5804 fecit,
858 5731 1072 5786 dicens:
1103 5729 1217 5786 Cito
1240 5736 1410 5801 surget
1452 5728 1506 5783 in
1533 5725 1776 5781 Ecclesia
1797 5724 1896 5781 Dei

308 5843 464 5883 novus
493 5827 622 5882 ordo
653 5825 974 5888 docentium,
999 5833 1106 5882 ctc.
1269 5807 1282 5818 ’

379 5919 647 5978 Henricus
669 5918 737 5975 dc
763 5916 1054 5982 Vrimaria,
1079 5917 1132 5972 in
1167 5924 1401 5974 tractatu
1430 5913 1496 5975 de
1512 5914 1724 5988 origine
1749 5909 1902 5971 ordi-

675 6012 945 6078 Psrnon.
994 6008 1240 6073 XXXI.

1982 4796 2191 4852 fornice
2244 4796 2464 4866 templi;
2505 4797 2648 4866 quod
2689 4805 2744 4852 et
2796 4805 2954 4866 poeta
2995 4793 3220 4867 quidam
3260 4794 3580 4867 ingeniosus

1983 4887 2069 4944 his
2101 4888 2348 4945 versibus
2372 4888 2678 4960 expressit:

2106 5001 2432 5066 Atquegprius
2454 5001 2613 5066 fuerat
2633 5017 2780 5066 quam
2799 5003 2978 5053 mundo
3000 5010 3208 5054 exortus
3227 5005 3273 5054 in
3300 5005 3428 5066 aede,

2110 5067 2229 5122 Quae
2250 5064 2396 5114 Marci
2420 5064 2562 5128 titulo
2585 5064 2707 5128 nulli
2727 5072 2829 5114 toto
2852 5067 2973 5115 orbe
2996 5067 3212 5116 secunda
3233 5075 3326 5128 est,

2112 5127 2289 5178 Exstat
2306 5126 2434 5190 apud
2457 5125 2677 5178 Venetos
2698 5127 2860 5190 longis
2883 5142 3154 5192 expressus
3179 5129 3240 5178 ab
3266 5125 3424 5180 anuis.

1989 5255 2293 5328 Subditque
2323 5273 2338 5312 :
2368 5254 2498 5311 Fuit
2537 5255 2691 5311 abbas
2731 5255 3034 5313 Joachimus
3060 5261 3135 5313 vir
3167 5254 3583 5313 excellentissimi

1990 5368 2052 5407 ac
2100 5369 2259 5423 prape
2307 5350 2474 5404 divini
2527 5350 2754 5423 ingenii;
2794 5352 2882 5423 qui
2923 5351 3172 5424 glossavit
3200 5349 3588 5420 Apocalypsim,

1992 5447 2081 5502 ubi
2108 5447 2273 5501 multa
2305 5445 2550 5518 praedixit
2586 5447 2650 5502 de
2693 5447 2875 5501 ordine
2909 5445 3343 5512 Mendicantium,
3367 5459 3587 5514 quorum

1993 5541 2259 5596 veritatem
2289 5541 2362 5594 rei
2394 5539 2681 5594 declaravit
2709 5551 2939 5593 eventus.

2068 5633 2343 5692 Arnoldus
2366 5632 2528 5690 Wion
2557 5631 2594 5687 2
2630 5645 2772 5704 part.
2804 5633 2957 5703 Ligni
2985 5633 3107 5686 vita:
3138 5631 3233 5686 lib.
3260 5647 3316 5698 ν,
3343 5645 3466 5702 cap.
3499 5631 3595 5697 89,

1998 5741 2154 5785 ramo
2181 5727 2235 5794 9,
2269 5727 2440 5782 multa
2470 5727 2722 5798 congerit
2751 5726 2803 5780 in
2846 5724 3062 5780 laudem
3094 5725 3318 5794 spiritus
3357 5723 3594 5795 proptre-

2003 5821 2096 5878 tici
2118 5839 2225 5894 quo
2251 5821 2565 5879 Joachimus
2586 5820 2797 5888 ﬂoruit,
2821 5820 3064 5890 citatque
3093 5835 3191 5891 pro
3213 5819 3408 5876 eodem
3427 5818 3573 5875 Lean
3590 5849 3605 5857 -

2006 5916 2165 5976 drum
2213 5915 2615 5978 Bononienscm
2669 5915 2724 5974 in
2780 5914 2897 5985 ejus
2953 5911 3076 5973 Vita
3129 5931 3144 5968 :
3193 5913 3390 5973 asserit
3437 5913 3602 5972 etiam
