4062 6340
512 290 619 384 oio

1406 299 1699 372 Fumus
1740 308 1986 373 LUCIUS
2026 309 2308 382 DEXTER
2346 309 2871 370 CllllONOLOCUS.

3700 307 3794 368 620

510 436 796 496 victoriam
839 435 1086 494 navalem
1131 434 1199 492 de
1225 433 1422 492 Turcis
1448 434 1514 490 ad
1545 432 1869 505 Echynadas
1901 431 2113 487 Insulas
2143 436 2192 496 Α
2221 431 2354 488 tanti
2384 431 2483 486 viri
2515 429 2780 501 judicium
2824 443 2926 486 suo
2975 428 3273 485 Penttottos
3317 441 3426 492 non
3470 424 3805 496 prmtuiisset.

525 541 883 604 reportatum,
917 531 1054 592 duce
1087 530 1440 588 serenissimo
1469 529 1532 584 Ι).
1563 527 1773 586 Joanne
1810 525 2116 590 Austriaco,

525 642 669 682 anno
706 624 899 684 salutis
945 623 1106 689 1571,
1153 631 1282 678 ante
1323 619 1748 692 quadringentos
1793 617 1906 674 fere
1948 631 2122 670 annos

525 721 820 791 przevisam
850 728 903 778 et
934 718 1342 789 pronuntiatam
1366 729 1394 768 a
1419 713 1729 778 Joacltimo,
1765 721 1825 766 ut
1863 727 1930 768 ex
1964 709 2120 765 libris

527 813 646 883 ejus
677 813 730 869 in
762 809 1145 883 Apocalypsint
1191 809 1396 878 optime
1444 805 1834 862 intellexerunt
1870 812 2120 868 auctores

525 903 815 975 Triumplti
841 901 1099 962 Ecclesiae
1124 899 1430 956 catholicae.

598 997 818 1056 Gabriel
860 995 1081 1052 Barrius
1112 993 1166 1049 in
1199 993 1316 1050 Vita
1348 990 1520 1062 ipsius
1551 987 1820 1052 Joachinti
1841 1030 1856 1058 ,
1883 1003 2004 1060 qua:
2041 987 2121 1044 in-

527 1088 703 1160 cipit:
739 1085 865 1142 Fuit
903 1085 1136 1140 Joannes
1166 1081 1475 1139 Joachimus
1511 1082 1693 1152 abbas,
1731 1090 1872 1148 ctc.,
1903 1080 1994 1142 ubi
2037 1094 2124 1140 re-

527 1179 755 1244 censitis
783 1178 902 1249 ejus
931 1177 1108 1244 libris,
1141 1176 1324 1231 subdit
1358 1192 1371 1229 :
1401 1173 1471 1251 In
1511 1176 1697 1248 quibus
1734 1191 1846 1242 cum
1878 1172 2122 1242 spiritum

526 1274 811 1348 prophetia:
835 1273 1072 1328 habuisse
1093 1270 1428 1340 manifestatur
1456 1279 1530 1326 est
1541 1287 1560 1337 ,°
1596 1272 1843 1340 pleraque
1875 1267 2010 1323 enim
2048 1275 2122 1321 est

524 1367 856 1431 vaticinatus,
903 1381 930 1422 ο
978 1362 1164 1436 quibus
1214 1363 1378 1418 ntulta
1418 1361 1703 1433 adimpleta
1741 1369 1884 1428 sunt,
1937 1367 2122 1414 cratera

523 1449 861 1531 adimplenda
888 1465 1188 1528 supersunt.
1216 1453 1358 1508 Nam
1385 1464 1433 1508 et
1462 1453 1720 1509 Grreciam
1747 1452 1807 1507 ob
1846 1451 2121 1522 perfidiam

521 1552 578 1606 iu
609 1551 901 1606 Romanam
920 1548 1209 1604 Ecclesium
1233 1549 1471 1619 gentibus
1493 1548 1743 1612 dandam,
1779 1555 1824 1600 et
1855 1544 2123 1604 Pra’dica-

524 1653 697 1699 torum
734 1660 794 1699 ac
831 1643 1098 1698 Minorum
1133 1643 1378 1696 ordinum
1404 1641 1694 1700 initiatorcs
1731 1656 1852 1696 mox
1882 1640 2116 1712 futuros,

523 1737 647 1806 quin
677 1737 834 1790 etiam
879 1735 933 1790 in
973 1735 1156 1806 januis
1193 1732 1444 1787 Ecclesiw
1475 1733 1738 1804 prcedixit.
1772 1734 1835 1786 Et
1869 1732 2037 1788 multa
2065 1731 2120 1788 itt

2226 526 2334 582 Sed
2365 526 2531 596 quid?
2561 525 2657 580 llic
2701 524 2865 594 igitur
2909 523 2962 579 iu
3005 521 3429 577 Commentariis
3458 519 3527 575 ad
3567 533 3689 591 cap.
3734 537 3804 588 ts,

2224 617 2448 687 Appeal.
2485 618 2663 691 (cujus
2693 615 2876 686 operis
2907 616 3159 672 meminit
3187 615 3300 684 ipse
3331 613 3430 669 lib.
3467 629 3547 681 III,
3577 630 3694 684 cap.
3725 616 3806 679 55.

2225 727 2378 765 nttnt.
2405 709 2485 780 6),
2533 708 2651 764 hinc
2693 707 2860 764 habet
2892 707 2961 763 de
2999 705 3284 764 Joacltitno
3314 722 3328 760 :
3364 704 3579 760 Nollent
3621 707 3810 777 exposi-

2222 805 2414 860 tionem
2443 803 2595 857 istam
2628 803 2680 856 in
2707 801 2806 855 Itoc
2838 801 3026 874 capite,
3058 817 3170 854 meo
3199 816 3308 855 esse
3339 799 3507 854 Marti
3537 798 3810 853 attribuen-

2223 897 2366 964 dam,
2394 902 2443 949 et
2474 894 2592 948 ideo
2623 893 2790 948 minus
2817 893 3087 950 creditam.
3120 890 3352 964 chatur
3381 890 3544 960 igitur
3569 889 3808 959 quidquid

2223 989 2363 1060 circa
2393 988 2500 1043 lucc
2523 987 2755 1042 scribunt
2782 983 3113 1050 Ioue/timus,
3142 993 3189 1038 et
3222 983 3504 1040 Ubertiuus
3535 999 3649 1035 cum
3677 983 3809 1050 aliis,

2222 1089 2268 1136 et
2298 1089 2486 1136 cuncta
2511 1080 2838 1145 clarescunt;
2868 1097 2990 1134 nam
3016 1069 3272 1151 quidquid
3303 1077 3390 1132 illi
3420 1077 3808 1148 prophetarum,

2223 1190 2317 1230 nos
2337 1174 2649 1245 completum
2671 1189 2781 1229 esse
2802 1172 3174 1243 conspicimus.
3685 1218 3688 1220 γ

2295 1268 2376 1323 Eu
2429 1267 2524 1324 tibi
2565 1267 2762 1342 (lector
2809 1265 3061 1338 candide)
3105 1281 3270 1336 supra
3313 1263 3386 1322 20
3447 1273 3639 1330 testes,
3685 1279 3812 1334 quos

2223 1373 2478 1432 quatuor,
2512 1374 2600 1418 aut
2630 1363 2872 1435 quinque
2909 1377 2939 1417 a
2974 1363 3244 1418 Pennotto
3279 1363 3348 1417 ad
3385 1359 3674 1420 adversam
3703 1378 3812 1432 rar-

2228 1465 2334 1510 tcm
2361 1455 2608 1510 adductis
2638 1455 2969 1525 opponimus
3001 1470 3016 1509 :
3049 1454 3190 1510 inter
3219 1468 3362 1525 quos
3396 1470 3508 1510 non
3538 1452 3709 1510 solum
3734 1463 3810 1511 est

2225 1549 2512 1606 notissima
2539 1546 2847 1606 dili'ercutia
2877 1562 3044 1617 penes
3071 1562 3381 1614 numerum,
3415 1544 3514 1602 sed
3541 1562 3701 1615 penes
3721 1562 3809 1602 uo-

2225 1641 2401 1698 titiam
2432 1645 2550 1712 ejus
2573 1643 2718 1712 quod
2763 1650 3068 1706 testantur;
3101 1641 3270 1702 nostri
3315 1639 3592 1707 siquidem
3625 1640 3812 1695 oculati

2223 1735 2305 1806 (ut
2350 1736 2428 1791 sic
2464 1735 2724 1806 dixerim)
2754 1744 2903 1800 sunt,
2937 1733 2992 1792 id
3027 1734 3172 1798 enim
3207 1731 3481 1799 scribunt,
3514 1731 3654 1803 quod
3686 1732 3812 1788 suis-

529 1830 676 1890 hunc
702 1829 864 1884 linem
905 1829 1272 1900 prosequitur.
1307 1825 1415 1881 Sed
1446 1841 1580 1882 vero
1621 1825 1852 1882 Crzeciaa
1888 1842 1917 1880 a
1957 1825 2121 1884 Sara-
2153 1823 2198 1884 Β
2226 1838 2335 1884 utet
2364 1830 2538 1888 oculis
2571 1829 2630 1884 in
2665 1828 2821 1883 libris
2873 1826 3144 1882 Joachitui
3195 1826 3474 1896 legerunt,
3507 1833 3565 1881 et
3603 1841 3663 1882 re
3709 1825 3809 1895 ipsa

525 1925 680 1980 cenis
703 1923 1060 1996 subjuganda:
1081 1921 1400 1988 vaticinium
1423 1928 1603 1976 ex5tat
1627 1921 1678 1976 in
1699 1919 2123 1986 Commentariis

527 2005 820 2073 Hieremiae
848 2016 914 2072 ad
947 2032 1065 2088 cap.
1101 2017 1124 2071 i
1155 2023 1210 2071 et
1238 2014 1304 2068 ad
1330 2028 1452 2084 cap.
1481 2017 1553 2071 48
1586 2015 1888 2084 perspicuis
1919 2013 2122 2080 verbis.

595 2109 881 2182 Sylvestcr
921 2107 1162 2164 Meucius
1203 2107 1257 2161 in
1303 2107 1574 2180 protentio
1611 2106 1679 2160 ad
1719 2107 2127 2166 Commentaria

525 2201 908 2272 Apocalypsis,
953 2199 1295 2255 Joachimum
1333 2199 1519 2254 multis
1558 2196 1718 2253 cll‘crt
1766 2198 2015 2268 laudibus
2053 2199 2126 2271 ob

523 2296 773 2368 spiritum
808 2293 1107 2364 prophetia:
1135 2306 1243 2362 quo
1271 2291 1486 2362 polluit.

597 2386 955 2444 Pascltaliuus
1002 2384 1351 2456 Regiselinns
1398 2384 1454 2444 iu
1501 2383 1734 2455 epistola
1786 2384 2124 2441 dedicatoria

525 2481 593 2538 ad
644 2479 963 2552 prophetias
1011 2480 1153 2534 beati
1181 2477 1489 2534 Joachitni:
1528 2477 1740 2532 Norunt
1782 2496 1982 2546 omnes,
2024 2480 2122 2548 ait,

514 2573 772 2646 quidquid
803 2575 854 2626 in
886 2573 994 2626 suis
1017 2571 1170 2625 dictis
1201 2570 1369 2628 Abbas
1400 2571 1638 2639 involvit,
1664 2583 1871 2627 eventus
1899 2589 2021 2628 suos
2052 2572 2121 2627 ad

522 2682 746 2740 unguem
766 2665 1005 2720 sortitum
1032 2665 1214 2735 (uisse.

591 2757 746 2812 Mitto
772 2758 909 2812 alios
941 2755 1162 2822 multos,
1191 2764 1250 2809 ut
1271 2755 1700 2812 eruditissimum
1727 2758 1900 2813 nostri
1933 2757 2125 2815 saeculi

522 2851 834 2922 theologum
855 2890 870 2916 ,
895 2849 1286 2922 egregiumque
1314 2849 1467 2905 verbi
1512 2850 1608 2906 Dei
1645 2852 2124 2918 coneiouatorem,

518 2960 583 3000 ac
615 2943 891 3014 publicum
923 2942 1064 3013 apud
1097 2940 1562 3000 Salmattticeuscs
1589 2941 1880 3015 theologia:
1914 2943 2123 3014 profes-

521 3053 703 3092 sorem
753 3037 1018 3108 Augehtnt
1068 3035 1349 3110 Maurique
1393 3036 1446 3091 in
1491 3035 1698 3094 Laurea
1752 3039 2124 3112 Evangelica,

522 3129 824 3185 Barnabam
853 3137 921 3186 de
950 3129 1224 3187 Moutalbo
1263 3134 1315 3187 in
1345 3133 1551 3188 Chron.
1583 3132 1913 3192 Cistercieu.
1947 3144 1998 3188 et
2023 3134 2118 3189 Ja-

2224 1921 2580 1991 adimpletum
2601 1920 2884 1985 viderunt;
2910 1927 3074 1978 testes
3092 1934 3221 1975 vero
3243 1918 3494 1972 adversa:
3509 1917 3674 1987 partis
3695 1931 3813 1976 ocu-

2226 2016 2321 2070 lati
2373 2029 2496 2072 esse
2553 2022 2846 2085 nequeunt,
2897 2027 3020 2070 cum
3079 2011 3131 2066 id
3187 2010 3473 2066 ascribunt
3519 2007 3806 2075 Joachiuio,

2225 2107 2370 2180 quod
2420 2123 2714 2178 numquam
2764 2106 3005 2176 scripsit.
3051 2103 3183 2160 Nam
3235 2103 3560 2160 Vincentius
3606 2101 3808 2160 Belvac.

2225 2219 2386 2275 quem
2436 2203 2496 2259 8.
2538 2199 2848 2264 Antoninus
2880 2198 3198 2256 transcribit
3237 2196 3496 2269 (proinde
3540 2212 3606 2251 ex
3639 2195 3809 2252 auditu

2227 2297 2334 2368 est)
2367 2314 2433 2351 eo
2473 2297 2818 2354 Joachintum
2850 2305 3021 2360 taxat,
3055 2294 3196 2364 quod
3243 2293 3390 2349 diem
3435 2291 3620 2348 mundi
3648 2303 3811 2348 estre-

2227 2407 2374 2447 utum
2405 2390 2548 2445 intra
2578 2389 2713 2445 duas
2745 2388 3159 2460 generationes,
3189 2385 3241 2442 id
3273 2393 3380 2448 est,
3417 2385 3486 2440 60
3514 2397 3685 2446 annos
3713 2392 3810 2440 ter-

2227 2482 2542 2538 minandutn
2586 2481 2702 2536 fore
2749 2479 3090 2550 praedixerit,
3139 2489 3195 2534 et
3242 2485 3426 2534 tamen
3479 2473 3670 2530 nullibi
3715 2473 3807 2536 hoc

2227 2576 2370 2634 dixit
2419 2574 2768 2640 afﬁrmando,
2803 2573 2898 2630 sed
2947 2571 3271 2638 dubitando,
3303 2579 3364 2626 ut
3408 2569 3598 2626 videre
3641 2575 3722 2623 est
3762 2568 3812 2622 iu

2227 2669 2374 2725 calce
2403 2667 2744 2734 Concordia),
2779 2667 2868 2721 ubi
2902 2665 2970 2721 de
3001 2681 3059 2721 re
3093 2665 3194 2720 hac
3225 2680 3291 2720 es
3335 2663 3587 2733 professo
3619 2660 3810 2718 edisse-

2227 2763 2320 2816 rit.
2355 2761 2550 2816 Mirum
2576 2775 2706 2814 vero
2733 2774 2854 2814 esse
2883 2775 2990 2814 nou
3017 2757 3202 2824 debet,
3231 2757 3276 2811 si
3311 2756 3486 2812 abbas
3515 2763 3726 2810 sanctus
3748 2751 3810 2809 de

2227 2854 2482 2927 proximo
2502 2853 2703 2909 Christi
2731 2852 2941 2923 judicio
2970 2851 3395 2908 subdubitanter
3421 2848 3623 2916 aliquid
3650 2847 3808 2915 scrip-

2227 2948 2321 3015 sit,
2356 2963 2478 3003 cum
2511 2947 2601 3001 alii
2635 2957 2952 3002 sanetorum
2988 2945 3211 3000 Patrum
3255 2943 3482 2999 brevem
3513 2940 3686 3002 eidem,
3711 2947 3808 2994 ter-

2226 3042 2434 3096 miuutu
2483 3055 2768 3111 perperam
2819 3037 3176 3108 praelixeriut,
3224 3045 3282 3090 ut
3332 3035 3402 3091 de
3449 3036 3512 3090 S.
3563 3029 3808 3088 Notbcrto

2226 3133 2839 3189 Ρτωιιιοιιδιιάιριιείιιιη
2901 3127 3294 3187 cauunicorum
3361 3139 3592 3184 auctore
3657 3123 3809 3180 refert

519 3224 716 3280 cubum
759 3223 1012 3282 Grmeutu
1046 3226 1363 3299 Syllaneutn
1404 3227 1457 3282 iu
1496 3228 1700 3284 Chron.
1751 3227 1961 3283 ordinis
1995 3227 2120 3284 Flo-
2150 3211 2196 3278 C
2230 3225 2538 3284 Bernartius
2587 3225 2746 3296 epist.
2781 3224 2851 3282 56
2880 3223 2976 3296 qui
3014 3225 3066 3279 id
3112 3223 3181 3278 ab
3211 3221 3330 3296 ejus
3373 3237 3472 3277 ore
3519 3225 3806 3290 acceperat.

521 3320 723 3386 tensis,
752 3330 807 3376 et
845 3321 982 3378 alios
1031 3322 1122 3392 qui
1166 3337 1262 3393 pro
1292 3321 1576 3378 Joacltimo
1603 3322 1824 3393 egregie
1866 3322 2121 3379 decerta-

520 3423 680 3480 ruut;
710 3428 811 3472 nec
833 3413 1036 3470 desunt
1063 3414 1304 3470 illustres
1335 3422 1514 3485 poetae
1544 3414 1791 3486 ejusdem
1829 3415 2119 3482 sententia:

518 3517 852 3567 asserentes.
876 3507 1008 3564 Nam
1042 3509 1244 3566 Dantes
1263 3510 1298 3564 ’5
1323 3524 1377 3580 p.
1407 3508 1476 3566 de
1499 3508 1782 3578 Paradiso,
1810 3509 2011 3582 inquit,

831 3624 1033 3690 nabant)
1061 3639 1089 3676 e
1115 3626 1272 3690 quivi,
1298 3638 1328 3675 θ
1345 3624 1529 3690 lucemi
1545 3626 1624 3674 dal
1649 3623 1766 3690 lato,

828 3664 1670 3753 ii'éit't'iinias‘é'ltt'tibziié'3336560:

829 3749 910 3802 De
929 3751 1104 3816 spiritu
1127 3751 1417 3814 prephetieo
1433 3751 1617 3802 dotato.

587 3861 690 3919 Cui
742 3859 1026 3931 Philippus
1068 3857 1375 3914 Phasiauus
1420 3858 1661 3916 succinit
1710 3859 2012 3931 intpatibtts
2061 3861 2116 3917 in

519 3953 639 4025 ejus
669 3951 883 4010 laudem
909 3952 1091 4018 editis,
1121 3967 1243 4024 qua:
1269 3949 1448 4006 refert
1475 3951 1719 4008 Graecus.

587 4047 795 4105 Auctor
826 4045 990 4103 etiam
1015 4045 1277 4118 epitaphii
1315 4046 1435 4116 ejus
1470 4046 1724 4120 sepulcro
1755 4045 1928 4116 affixi,
1970 4047 2116 4105 inter

518 4141 624 4196 alia
658 4140 773 4196 haec
795 4139 869 4195 ait
899 4155 914 4195 :

639 4233 760 4285 Nam
783 4239 885 4283 tum
908 4231 1038 4281 dicta
1060 4229 1258 4282 Patrum
1283 4231 1436 4291 novit,
1462 4231 1545 4293 qui
1573 4231 1706 4293 nube
1725 4231 1928 4284 fuerunt.

707 4295 944 4354 Protecti,
969 4300 1022 4344 et
1040 4296 1197 4353 scivit,
1211 4305 1332 4356 qua
1349 4292 1633 4356 peragenda
1656 4292 1839 4345 forent.

645 4355 902 4418 Veridicus
923 4353 1064 4406 vates
1089 4353 1513 4418 praedixit,'mult'a
1537 4353 1740 4418 [uerunt

703 4417 974 4480 Completa,
997 4423 1054 4468 ut
1075 4416 1520 4469 titoustrat'lumiue
1539 4417 1662 4468 facta
1681 4419 1809 4468 dies.

590 4523 804 4582 Addam
833 4537 936 4595 pro
962 4523 1226 4579 coronide
1263 4523 1630 4596 Seraphinum
1673 4525 1988 4581 Firmanum
2019 4542 2115 4585 ca-

2228 3323 2387 3380 Stant
2423 3324 2780 3379 nihilominus
2813 3338 2912 3393 pro
2956 3315 3115 3378 nobis
3146 3320 3473 3378 Vincentius
3498 3328 3554 3376 et
3598 3317 3808 3376 Antoni-

2228 3432 2353 3482 nus,
2381 3415 2509 3471 dum
2555 3415 2717 3472 ﬁdem
2771 3414 3016 3486 pratbeut
3066 3413 3348 3470 nonnullis
3377 3409 3645 3468 Joachinti
3687 3424 3810 3479 pra:-

2225 3506 2577 3575 dictiouibus,
2615 3507 2665 3564 ei
2695 3507 2952 3563 nimirum
2985 3521 3093 3577 qua
3122 3506 3342 3578 regibus
3379 3504 3594 3576 Anglia:
3619 3511 3672 3558 et
3697 3501 3808 3558 Gal-

2225 3603 2311 3659 lia:
2360 3602 2602 3658 nondum
2655 3601 2847 3657 adesse
2903 3609 3124 3670 tempus
3175 3598 3612 3670 recuperatiouis
3657 3605 3804 3652 terra:

2224 3693 2442 3751 Sancta:
2471 3693 2742 3764 praedixit.
2767 3700 2824 3748 et
2851 3691 2996 3750 aliis.

2294 3789 2602 3847 Cardinalis
2631 3788 3021 3854 Bellarminus,
3049 3786 3144 3860 qui
3171 3786 3422 3844 secundo
3447 3786 3567 3844 loco
3593 3781 3805 3840 adduci-

2224 3891 2333 3949 tur,
2369 3882 2504 3938 nihil
2543 3882 2799 3952 aftirmat,
2838 3885 2934 3939 sed
2984 3883 3106 3940 aliis
3155 3882 3422 3956 judicium
3476 3879 3706 3953 reliquit,
3752 3884 3808 3934 ut

2226 3977 2391 4034 verba
2422 3975 2543 4047 ejus
2588 3976 2964 4038 mattil‘estaut.
3016 3977 3111 4033 lib.
3147 3977 3218 4034 de
3263 3976 3468 4048 Script.
3524 3974 3724 4032 Ecclcs.
3754 3971 3800 4025 in

2219 4067 2528 4124 Joachimo.
2559 4069 2718 4138 Quod
2763 4084 2894 4128 vero
2924 4069 3219 4126 cardinalis
3248 4069 3544 4136 Barouitts,
3576 4075 3704 4123 tum.
3733 4077 3800 4118 xu

2219 4161 2423 4229 Anna.,
2454 4177 2586 4216 anu.
2625 4163 2789 4232 H64,
2835 4161 3026 4218 scribit
3062 4160 3406 4217 Joachimum
3457 4161 3620 4216 Petro
3656 4157 3802 4212 Lom-

2221 4255 2391 4311 bardo
2435 4256 2826 4312 adversantem
2869 4257 2922 4310 in
2967 4256 3201 4312 concilio
3244 4253 3603 4312 Lateraueusi
3647 4251 3798 4306 fuisse

2219 4347 2563 4417 damnatum,
2600 4347 2899 4419 improprie
2941 4348 3145 4405 dictum
3175 4348 3298 4418 quis
3335 4365 3446 4404 non
3480 4345 3658 4402 videt?
3700 4356 3804 4402 non.

2218 4442 2362 4498 enim
2408 4457 2640 4513 persona
2694 4441 2932 4504 abbatis,
2981 4441 3076 4497 sed
3125 4441 3346 4498 libellus
3399 4440 3470 4497 de
3524 4435 3790 4495 Trinitatis

2219 4535 2423 4590 unitate
2479 4542 2537 4590 et
2579 4533 2820 4591 essentia
2870 4532 2940 4589 ab
2969 4549 3035 4590 eo
3081 4532 3282 4598 editus,
3329 4531 3671 4605 reprobatur.
3720 4525 3792 4580 Eu

515 4619 771 4678 nonicum
801 4619 1106 4690 regularem
1129 4616 1580 4687 Lateranensem,
1611 4619 1905 4689 quodcum
1941 4619 2004 4674 ll.
2045 4620 2102 4675 P.
2136 4609 2191 4672 D
2219 4627 2378 4684 verba
2437 4627 2657 4684 concilii
2711 4642 2836 4697 cap.
2888 4626 2958 4680 2:
3014 4623 3340 4681 Dantnantus
3394 4642 3515 4696 ergo
3551 4634 3598 4678 et
3633 4633 3793 4691 repro—

518 4718 824 4772 Pcnnottus
870 4712 1026 4767 miris
1067 4710 1257 4767 efferat
1290 4710 1546 4766 laudibus
1593 4711 1687 4765 lib.
1734 4728 1812 4780 ιιι,
1847 4730 1966 4784 cap.
2012 4715 2104 4783 £9,

515 4826 666 4867 num.
697 4809 751 4872 5,
776 4814 1040 4876 vocetque
1067 4820 1189 4860 eum
1219 4804 1596 4868 venerandum,
1623 4807 2110 4880 sattctissimumque

512 4902 847 4966 canonicum,
879 4915 941 4952 ac
961 4897 1096 4953 uerbi
1124 4895 1223 4952 Dei
1249 4912 1533 4969 pra'conem
1563 4898 1990 4968 fervidissimum,
2020 4903 2108 4970 qui

515 5005 698 5055 sancta
742 4992 1110 5065 prtedicatione
1139 5007 1292 5046 suurn
1331 4990 1584 5050 saxulum
1625 4991 1926 5063 illustravit,
1956 4997 2107 5066 cujus

513 5089 666 5146 uerba
699 5086 822 5160 (ait)
849 5091 995 5141 erant
1021 5087 1169 5151 quasi
1199 5083 1336 5154 ignis.
1367 5083 1585 5151 ardens,
1625 5092 1675 5138 et
1707 5086 1856 5154 quasi
1886 5086 2106 5142 malleus

513 5192 778 5238 conterens
807 5187 1014 5249 petras;
1033 5175 1182 5246 cujus
1206 5175 1527 5244 potissimum
1557 5175 1775 5230 consilio
1796 5186 1843 5230 et
1867 5178 2108 5232 suasione

512 5277 632 5330 dua:
657 5271 963 5327 clericorum
986 5267 1306 5339 regularium
1334 5268 1754 5341 congregationes
1782 5271 1994 5338 fuerunt
2021 5272 2102 5324 in-

513 5367 728 5430 stitutce,
772 5365 940 5418 altera
979 5361 1042 5416 S.
1074 5359 1231 5414 Pauli
1281 5360 1537 5415 Decollati
1582 5358 1895 5428 Mediolani,
1938 5363 2104 5418 altera

511 5458 840 5514 sacerdotum
867 5454 1000 5509 Boni
1026 5453 1156 5508 Iesu
1186 5452 1469 5519 Ravemtw,
1497 5455 1589 5525 qui
1615 5464 1728 5526 post
1756 5456 1930 5510 rarius
1959 5457 2102 5511 labo-

508 5569 588 5608 res
618 5568 715 5626 pro
755 5551 850 5604 Dei
877 5549 1045 5620 gloria
1073 5557 1120 5602 et
1147 5547 1313 5602 salute
1338 5547 1629 5601 animarum
1658 5548 1975 5616 exantlatos,
2006 5566 2098 5603 ra-

505 5646 710 5716 riosque
736 5641 937 5697 libellos
967 5641 1084 5708 igne
1120 5639 1284 5692 divini
1319 5637 1723 5712 atttoris'plenos
1749 5640 1820 5694 ad
1846 5643 2100 5710 spiritua-

504 5738 606 5792 lem
647 5735 1046 5806 a’diﬂcalionem
1086 5732 1389 5786 utilissimos
1422 5731 1608 5799 editos,
1653 5731 1906 5791 Bononia:
1946 5735 2091 5805 obiit,

499 5838 607 5889 etc.
640 5831 767 5887 llaec
798 5843 920 5885 cuin
953 5843 1020 5883 ex
1054 5841 1148 5885 ore
1178 5826 1295 5898 ejus
1330 5840 1458 5884 vera
1489 5825 1620 5896 sint,
1669 5827 1864 5884 utit-um
1896 5829 2000 5890 erit
2041 5829 2085 5885 si

2217 4723 2399 4777 bamus
2444 4721 2706 4787 libellunt,
2739 4737 2829 4775 seu
2863 4729 3165 4787 tractatum,
3197 4737 3344 4790 quem
3373 4719 3533 4774 abbas
3567 4713 3792 4771 Joaclu'ut

2205 4815 2380 4869 edidit
2409 4823 2594 4869 contra
2622 4813 2930 4886 magistrum
2964 4810 3181 4866 Petrum
3208 4810 3579 4878 Lontbardum,
3603 4809 3662 4861 de
3686 4802 3791 4858 uni-

2219 4917 2320 4963 tate
2348 4923 2436 4962 seu
2473 4908 2699 4961 essentia
2731 4904 3044 4972 Trinitatis;
3076 4913 3267 4974 tttpote
3297 4904 3442 4974 quod
3481 4904 3535 4958 itt
3565 4915 3627 4958 eo
3655 4910 3795 4952 asse-.

2219 5002 2439 5056 rebatur
2469 5000 2527 5056 S.
2558 4999 2848 5055 Trinitatis
2880 5000 3059 5054 unitas
3091 4981 3197 5054 non
3230 5013 3352 5055 esse
3382 4998 3543 5056 realis
3569 5003 3619 5052 et
3661 4987 3788 5047 indi-

2214 5095 2400 5162 vidua,
2431 5094 2525 5152 sed
2570 5093 3044 5160 siinilitudiuaria,
3073 5108 3178 5148 non
3228 5093 3388 5148 aliter
3418 5101 3577 5162 atque
3618 5085 3787 5158 plures

2214 5186 2467 5242 homines
2511 5187 2766 5242 dicuntur
2804 5203 2945 5242 unus
2993 5186 3253 5258 pepulus.
3309 5183 3576 5241 Suhticuit
3618 5186 3781 5234 autem

2213 5278 2516 5336 Pennottus
2563 5293 2814 5349 persona:
2857 5276 3131 5334 Joacltitui
3161 5278 3590 5339 excusationem,
3634 5280 3781 5340 quam

2211 5371 2506 5428 concilium
2538 5371 2842 5442 subjuugit,
2875 5371 3130 5442 inquiens
3160 5388 3174 5427 :
3209 5369 3276 5425 In
3307 5370 3454 5426 nullo
3484 5381 3644 5424 tamen
3674 5375 3782 5434 pro-

2210 5472 2322 5533 pter
2345 5463 2441 5516 ltoc
2464 5459 2706 5518 Floreusi
2734 5463 3064 5527 monasterio,
3088 5462 3240 5534 cujus
3266 5463 3375 5535 ipse
3397 5459 3626 5517 Joacln'm
3641 5449 3781 5509 exsti-

2207 5557 2269 5610 tit
2291 5557 2579 5619 institutor,
2614 5555 2851 5610 volumus
2878 5556 3142 5628 deregari,
3171 5572 3392 5624 quorum
3421 5555 3490 5610 ibi
3518 5562 3562 5609 et
3585 5546 3777 5620 regula-

2203 5650 2276 5703 ris
2303 5657 2374 5702 est
2403 5649 2685 5715 institutio,
2716 5656 2761 5702 ct
2784 5648 3104 5706 obseruantia
3137 5649 3406 5716 salutaris,
3434 5647 3644 5706 maxime
3671 5651 3775 5693 σωκ

2205 5741 2313 5811 ipse
2338 5735 2580 5794 Ione/tim
2601 5741 2776 5794 omnia
2797 5741 2995 5811 scripta
3019 5757 3115 5798 sua
3135 5743 3282 5798 nobis
3303 5740 3554 5814 assignari
3580 5730 3775 5790 utenda-

2205 5832 2350 5903 verit,
2382 5832 2682 5905 apostolica:
2713 5832 2867 5890 Sedis
2896 5833 3101 5906 judicio
3131 5834 3488 5908 approbando,
3524 5846 3605 5889 seu
3629 5824 3765 5881 etiam
