4062 6340
231 239 338 304 εει

1303 244 1832 315 APOLOGETICUS
1871 243 2006 313 PRO
2048 245 2109 312 L.
2155 255 2218 314 Da
2249 250 2458 318 XTRO.

3426 282 3532 338 6‘32

232 360 584 433 corrigenda;
637 362 844 419 dictatis
896 364 1196 432 epistolam,
1253 383 1410 438 quam
1477 385 1571 424 sua
1618 371 1831 440 propria
1858 368 2088 442 Aipsis,
2139 371 2415 446 objiciunt,
2468 373 2833 442 exprobrando
2875 381 3019 453 quod
3059 385 3193 440 idem
3241 388 3416 458 abbas,
3450 398 3538 462 qui

233 471 393 510 ntanu
422 455 751 529 subscripsit,
795 457 848 511 in
892 474 995 529 qua
1024 458 1243 527 ﬁrmiter
1273 463 1550 531 confitetur
1588 480 1641 519 se
1684 462 1834 518 illaut

232 547 392 614 ﬁdem
423 557 613 612 tenere,
639 565 795 620 quant
827 549 1066 604 Romana
1106 561 1238 606 tenet
1277 550 1535 624 Ecclesia,
1564 564 1670 612 etc.
1703 555 1834 627 Epi-

232 639 377 695 stola
408 649 592 695 autent
635 640 752 712 ipsa
780 650 958 696 exstat
991 643 1132 713 typis
1164 659 1366 700 excusa
1399 643 1838 702 cuntcommen-

236 732 396 788 tntiis
426 733 481 788 in
507 731 918 806 Apocalypsim,
949 737 1104 805 cujus
1151 734 1390 802 initium,
1423 737 1684 794 Universis
1712 740 1832 810 qni-

235 825 333 881 bus
361 828 550 881 littera'
572 826 706 892 istic,
737 838 848 884 etc.
875 827 997 883 linis
1020 845 1170 897 vero,
1201 828 1317 884 Hoc.
1342 831 1593 902 scriptum
1620 832 1718 903 feci
1739 847 1835 902 ego

235 920 398 974 abbas
427 918 690 997 Jaachim,
714 929 763 974 et
789 921 1002 989 prapria
1023 938 1180 976 manu
1204 922 1468 987 roboravi.
1491 940 1631 978 anno
1655 923 1837 979 Domi-

237 1012 372 1066 nicce
407 1010 802 1066 lncarnationis
853 1011 992 1068 1200
1031 1021 1078 1067 et
1125 1013 1201 1068 sic
1251 1029 1331 1068 me
1370 1024 1542 1070 tenere
1589 1016 1836 1086 conﬁteor

235 1106 376 1160 sicut
403 1105 454 1161 in
481 1121 542 1159 eo
571 1099 882 1160 continetur.
908 1103 1024 1177 Ego
1049 1103 1144 1160 Fr.
1175 1103 1418 1162 Joachim
1445 1107 1602 1161 abbas
1635 1106 1834 1165 Floria.

235 1200 621 1253 Anuectuntur
678 1197 858 1254 cident
916 1197 1118 1254 littera:
1169 1198 1482 1269 aposmlica:
1535 1196 1836 1278 Clementis

235 1305 396 1361 papa:
428 1289 473 1347 ll
506 1290 595 1346 ubi
627 1291 770 1346 inter
799 1301 1004 1348 ett-tera
1036 1291 1212 1362 inquit
1241 1309 1256 1346 :
1287 1291 1417 1347 Cum
1448 1291 1836 1366 igiturjubeute

236 1395 288 1439 et
313 1382 616 1439 exhortante
645 1384 791 1438 bona:
817 1385 1078 1440 memoriae
1104 1383 1267 1439 Lucio
1293 1403 1431 1456 papa
1462 1386 1836 1458 pra’decessore

238 1486 442 1541 nostra,
472 1476 846 1546 expositionem
887 1477 1254 1549 Apocalypsis,
1285 1487 1332 1532 et
1365 1495 1494 1551 opus
1534 1478 1839 1534 Concordia:

237 1567 540 1634 inchoasse,
584 1578 631 1623 et
676 1569 1007 1642 postmodum
1058 1570 1366 1624 auctoritate
1413 1570 1627 1624 Domini
1686 1584 1838 1639 papa:

243 1662 448 1720 Urbani
483 1663 790 1718 successoris
822 1664 985 1736 ipsius
1015 1664 1366 1728 composuisse
1404 1662 1618 1728 dicaris,
1651 1662 1838 1718 Chari-

238 1766 402 1811 tatent
445 1766 586 1810 tuam
628 1773 892 1810 manemus
933 1765 979 1812 et
1011 1755 1345 1811 exhortamur
1391 1757 1444 1812 in
1491 1755 1711 1811 Domino
1743 1773 1834 1829 per

1944 1764 2134 1820 delium
2149 1780 2314 1824 mater
2333 1784 2407 1826 est
2428 1785 2476 1828 et
2498 1779 2774 1850 magistra,

238 1851 532 1920 apostolica
565 1853 758 1925 scripta
787 1851 1124 1916 mandantes,
1156 1861 1405 1919 quatenus
1449 1850 1710 1906 laboribus
1738 1852 1838 1907 tuis

237 1943 295 1997 in
339 1942 439 1997 hac
470 1953 612 2014 parte
658 1953 988 2016 peroptatum
1026 1956 1073 2000 et
1103 1944 1330 2000 debitum
1370 1946 1526 2013 ﬁnem
1568 1945 1837 2016 imponens

241 2035 440 2105 (gratia
471 2036 682 2090 Domini
708 2035 1062 2109 prosequenti)
1088 2039 1156 2091 ad
1174 2022 1456 2092 'utilitatrm
1483 2039 1838 2107 proximorum

237 2145 374 2198 Opus
408 2128 544 2183 illud
588 2129 866 2202 complere,
899 2137 945 2184 et
976 2130 1252 2202 diligenter
1281 2130 1493 2184 studeas
1529 2129 1799 2184 emendare
1819 2144 1842 2184 :

239 2225 556 2295 veniensque
598 2224 668 2278 ad
716 2241 811 2280 nos
841 2241 997 2292 quant
1043 2226 1198 2279 citius
1246 2225 1605 2297 opportunitas
1647 2224 1840 2290 aderit,

239 2317 560 2372 discassioni
589 2317 891 2390 apostolica:
915 2319 1069 2374 Sedis
1091 2329 1136 2372 et
1155 2319 1363 2391 judicia
1386 2327 1433 2374 te
1454 2331 1750 2391 prrcsentes.
1779 2317 1841 2374 Si

241 2410 384 2462 enim
424 2409 547 2463 velis
586 2409 638 2463 in
673 2408 979 2464 abscondito
1013 2415 1254 2472 retinere.
1287 2411 1526 2483 diligenti
1557 2427 1680 2465 cura
1720 2427 1844 2480 prc-

241 2501 462 2572 spicias,
503 2518 608 2572 qua
636 2505 802 2574 possis
839 2503 1030 2558 summi
1063 2501 1470 2576 Patrisfumilias
1503 2504 1754 2571 alfensam
1781 2505 1844 2561 de

242 2595 442 2649 talento
465 2595 557 2648 tibi
585 2599 860 2651 commisso
879 2596 1234 2668 satisfactione
1265 2598 1492 2668 placare.
1519 2595 1712 2652 Datum
1734 2595 1843 2652 La-

245 2690 419 2743 terani
453 2689 486 2745 6
529 2688 646 2746 idus
673 2689 824 2746 Junii
871 2692 1208 2762 pontiﬁcatus
1258 2693 1420 2747 nostri
1473 2709 1610 2747 anno
1652 2692 1840 2765 primo.

243 2786 374 2849 Quo
399 2782 588 2838 videas
615 2800 720 2839 non
746 2794 954 2840 temere
989 2784 1262 2854 Docturis,
1297 2799 1391 2840 seu
1418 2784 1702 2856 scriptoris
1724 2786 1850 2839 υιίίς

244 2874 398 2931 cium
439 2875 546 2932 sibi
585 2878 638 2930 in
675 2876 917 2933 Ecclesia
960 2877 1261 2947 sumpsisse
1303 2876 1648 2933 Joachimum
1681 2917 1698 2946 ,
1745 2877 1843 2934 sed

250 2966 419 3021 trium
451 2982 788 3022 summorum
832 2967 1155 3024 Pontiﬁcum
1187 2967 1362 3039 Lucii,
1397 2969 1602 3026 Urbani
1638 2982 1692 3024 et
1718 2969 1851 3026 (Ἀθ-ι

246 3057 454 3114 mentis
492 3057 713 3115 hortatu
754 3075 818 3116 ac
855 3061 1264 3132 praeceptione;
1298 3061 1443 3128 quod
1485 3062 1528 3116 si
1571 3061 1626 3118 iu
1657 3063 1844 3134 aliquo

1938 473 2088 532 pater
2127 475 2179 518 et
2212 467 2481 522 institutor
2520 470 2619 540 fuit
2672 473 2878 528 ordinis
2917 478 3234 548 earumdem,
3265 481 3536 541 ha'reticus

1936 554 2000 607 ab
2023 555 2255 612 Ecclesia
2280 557 2380 614 Dei
2407 560 2645 618 habetur.
2674 563 2900 637 Prapter
2921 570 3063 640 quod
3085 587 3188 626 non
3219 577 3384 628 solum
3412 578 3536 630 sint-

1935 651 2097 720 plices
2144 655 2294 709 lactis
2331 658 2634 729 participes,
2668 677 2700 713 a
2747 665 3006 718 consortio
3054 667 3284 740 ejusdem
3335 672 3534 726 ordinis

1937 753 2194 811 avertunt,
2227 749 2319 802 sed
2357 750 2512 804 etiam
2542 752 2727 822 (artes,
2754 756 2845 826 qui
2873 757 2950 810 uti
2990 759 3100 812 cibo
3137 759 3306 816 solido
3333 763 3537 818 didice-

1936 847 2079 903 runt,
2109 847 2158 892 et
2197 841 2268 893 ad
2311 840 2671 900 discretionem
2700 846 2821 902 boni
2852 859 2900 904 et
2935 851 3063 905 ntali
3097 856 3404 911 exercitatos
3443 875 3537 928 pro

1938 930 2317 986 consuetudine
2356 935 2548 990 habent
2590 955 2800 1009 sensus,
2853 944 2993 998 circa
3039 946 3284 1003 instituta
3337 951 3538 1004 ordinis

1937 1021 2168 1115 ejusdem
2207 1025 2468 1098 incipiunt
2497 1032 2775 1101 ﬂuctuare.
2811 1034 2956 1091 Licet
2984 1039 3146 1112 igitur
3169 1057 3448 1115 prcrtactus
3475 1049 3541 1102 li-

1938 1113 2125 1186 bellus,
2151 1134 2238 1171 seu
2262 1127 2511 1178 tractatus
2557 1125 2832 1183 damnatus
2858 1131 3016 1201 fuerit
3060 1136 3114 1188 in
3161 1113 3382 1194 concilio
3428 1158 3540 1194 mc-

1864 1274 1873 1280 _
1939 1217 2165 1277 morato,
2193 1211 2316 1279 quia
2359 1222 2530 1268 tamen
2563 1217 2699 1271 idem
2733 1217 2976 1277 Joachim
3012 1228 3184 1281 omnia
3216 1233 3409 1302 scripta
3439 1251 3537 1287 sua

1941 1300 2178 1357 Routano
2200 1305 2464 1362 mandavit
2489 1307 2738 1380 Ponti/Sci
2758 1316 3021 1386 assignari
3051 1300 3355 1389 apostolicae
3384 1324 3540 1381 Sedis

1930 1393 2138 1464 judicio
2195 1398 2557 1468 approbando,
2618 1421 2708 1459 seu
2753 1407 2908 1461 etiam
2957 1415 3284 1485 corrigenda,
3337 1419 3542 1475 dictans

1939 1488 2236 1556 epistolam,
2262 1492 2350 1545 cui
2369 1495 2585 1566 propria
2612 1513 2768 1552 manu
2797 1501 3121 1573 subscripsit,
3158 1507 3212 1560 in
3243 1525 3344 1579 qua
3378 1512 3546 1579 firmi-

1939 1589 2015 1634 ter
2057 1592 2130 1637 est
2171 1589 2443 1657 confessus
2470 1605 2525 1642 se
2550 1589 2700 1645 illaut
2726 1593 2884 1662 ﬁdem
2913 1606 3086 1654 tenere
3111 1616 3264 1666 quam
3298 1603 3540 1659 Romana

1940 1681 2076 1729 tenet
2110 1675 2364 1748 Ecclesia,
2390 1698 2511 1752 quae
2537 1684 2846 1755 disponente
2877 1688 3100 1746 Domino
3128 1705 3432 1751 cunctorum
3472 1699 3542 1768 fi-

2798 1779 3152 1840 Fraternitati
3177 1797 3278 1842 tute
3304 1806 3393 1859 per
3415 1807 3544 1859 apo-

1941 1859 2131 1914 stolica
2159 1863 2354 1935 scripta
2395 1868 2725 1940 mandamus,
2758 1885 3016 1944 quatenus
3047 1896 3142 1949 per
3179 1893 3340 1936 totam
3386 1882 3545 1938 Cala-

1941 1951 2108 2007 briam
2133 1956 2346 2025 faciatis
2382 1963 2588 2032 publice
2622 1968 2910 2034 enuntiari,
2940 1971 3081 2041 quod
3116 1989 3232 2032 eum
3259 1977 3426 2028 cirum
3459 1994 3546 2030 ca-

1943 2045 2193 2104 tholicum
2238 2064 2566 2124 reputemus,
2607 2071 2800 2116 saneta:
2828 2064 2953 2133 fidei
2991 2067 3299 2125 orthodoxa:
3324 2048 3542 2127 sectata-

1943 2157 2086 2208 rem;
2113 2154 2162 2198 et
2185 2145 2479 2217 regularem
2500 2149 2904 2220 obseruantiam,
2939 2175 3092 2228 quam
3120 2162 3366 2232 instituit,
3400 2166 3543 2219 salu-

1943 2245 2104 2290 tarent
2128 2252 2147 2290 :
2176 2255 2362 2309 eosque
2385 2243 2474 2307 qui
2516 2245 2690 2300 ordini
2719 2262 3006 2306 memorato
3033 2268 3098 2306 er
3118 2253 3216 2308 hoc
3246 2255 3542 2324 detrahere,

1943 2328 2022 2382 vel
2087 2329 2344 2388 insultare
2400 2341 2828 2411 prtesumpserint
2856 2384 2870 2407 ,
2924 2345 3210 2402 monitione
3274 2351 3546 2418 prccmissa

1943 2419 2146 2477 sublato
2192 2425 2564 2493 appellationis
2605 2431 2896 2501 obstaculo,
2947 2439 3396 2496 animadversione
3424 2459 3546 2497 con-

1945 2511 2126 2584 digna,
2168 2518 2383 2572 ueritate
2428 2527 2657 2593 cognita,
2702 2526 3032 2599 castigantes.
3067 2531 3258 2585 Datum
3301 2533 3548 2590 Laterani

1945 2619 2038 2660 xu
2063 2605 2166 2663 kal.
2197 2609 2445 2665 Januarii
2471 2616 2814 2684 pontiﬁcatus
2832 2623 3000 2676 nostri
3026 2640 3150 2677 ann.
3177 2626 3232 2680 5.

2015 2697 2288 2756 Caeterum
2325 2713 2587 2774 quantum
2639 2723 2704 2764 ex
2755 2709 2962 2766 lectura
2996 2729 3239 2784 operum
3266 2719 3535 2774 Joachimi

1946 2791 2578 2862 conjicio,quornmdam
2601 2801 2684 2856 sui
2717 2803 2930 2859 ordinis
2960 2808 3354 2864 monachorum
3397 2821 3540 2879 astu,

1946 2899 2084 2952 quos
2133 2885 2286 2942 zelus
2319 2888 2635 2959 imprudens
2664 2895 2875 2961 urebat,
2907 2898 3046 2967 apud
3079 2898 3457 2957 Innocentium
3488 2915 3546 2959 et

1947 2977 2244 3032 concilium
2289 2993 2586 3037 accusatus
2622 2993 2728 3052 est,
2757 2996 2810 3041 et
2846 2989 3018 3044 verba
3070 2989 3194 3046 libri
3237 2992 3304 3049 de
3337 2993 3549 3049 unitate

1949 3067 2252 3138 Trinitatis,
2298 3072 2351 3128 in
2409 3074 2648 3131 alienum
2690 3093 2721 3133 a
2773 3090 2956 3136 mente
3010 3083 3264 3140 Auctoris
3318 3101 3541 3142 sensum

247 3150 440 3222 lapsus
465 3161 574 3219 est,
603 3153 654 3207 id
687 3153 796 3208 alta
828 3153 922 3207 Dei
957 3153 1301 3224 providentia
1331 3153 1586 3210 effectum
1623 3154 1841 3223 credas.
1871 3149 2178 3220 Cdistorta
2205 3166 2361 3222 tuere
2391 3184 2410 3222 :
2439 3179 2496 3224 nt
2521 3171 2591 3224 ita
2627 3170 2678 3225 in
2717 3173 2879 3242 pleno
2908 3175 3130 3230 Patrum
3159 3192 3416 3234 consessu
3447 3195 3539 3234 er-

248 3245 508 3299 nimirum
534 3254 591 3300 ut
620 3245 693 3300 ita
723 3261 835 3301 sua:
867 3246 1174 3318 fragilitatis
1196 3246 1610 3314 admoneretur,
1634 3262 1703 3304 ne
1737 3254 1846 3302 tam

247 3338 360 3394 alte
421 3353 586 3414 supra
655 3349 904 3395 naturam
949 3340 1169 3410 volans,
1222 3340 1390 3398 altum
1444 3349 1666 3412 saperet
1739 3340 1844 3395 ali-

245 3431 493 3502 quando,
526 3435 622 3488 sed
667 3434 906 3490 timeret.

317 3527 441 3584 Non
471 3526 702 3584 deluere
732 3528 1087 3585 nihilominus
1123 3529 1217 3602 qui
1257 3530 1451 3602 Spiritu
1490 3529 1848 3603 malignitatis

245 3619 400 3678 ducti
425 3621 769 3678 laocbimutn
796 3633 852 3679 et
882 3626 1004 3693 ejus
1046 3625 1288 3692 asseclas
1327 3623 1626 3680 Florenscs
1656 3639 1848 3680 mona-

243 3713 386 3770 chos
410 3714 480 3772 de
508 3715 742 3771 crimine
766 3716 991 3774 [tmesis
1014 3715 1340 3778 infamarent
1365 3718 1380 3781 ζ
1410 3727 1467 3772 ut
1492 3716 1712 3788 quidam
1741 3716 1847 3770 Lu-

243 3807 508 3864 canensis
543 3807 858 3880 episcopus,
913 3823 1076 3879 quem
1128 3817 1307 3864 tamen
1342 3809 1618 3864 llonorius
1656 3806 1722 3864 Ill
1760 3821 1846 3863 se-

244 3914 383 3954 rere
424 3901 692 3966 coercuit,
729 3898 876 3955 datis
918 3900 984 3954 ad
1015 3900 1164 3955 illum
1213 3899 1406 3956 litteris
1451 3898 1594 3972 apud
1638 3900 1698 3956 S.
1745 3899 1846 3956 Pe-

245 4000 395 4047 trum
433 3993 468 4048 4
507 4008 639 4048 ηοη.
672 3993 931 4050 Deccmb.
965 3994 1166 4050 Pontif.
1206 4009 1335 4050 anu.
1374 3995 1396 4050 ι
1437 4009 1570 4066 quas
1602 3992 1847 4050 referunt

244 4084 490 4142 lacubus
529 4085 751 4143 Graecus
802 4087 856 4143 in
900 4086 1266 4161 Chronologia
1312 4087 1524 4144 ordinis
1564 4086 1846 4144 Florcnsis

242 4184 495 4240 sectione
517 4181 589 4238 20
613 4191 668 4240 et
695 4183 1051 4240 Paschaliuus
1079 4183 1426 4256 Regiscliuus
1447 4184 1501 4238 in
1528 4183 1752 4254 prologo
1775 4181 1843 4238 ad

243 4276 568 4347 prophetias
611 4275 900 4333 Joacbimi.
939 4276 1164 4332 Addidit
1199 4277 1336 4332 alias
1375 4275 1520 4332 idem
1565 4275 1845 4331 Honorius

243 4384 395 4425 anno
421 4368 457 4424 5
496 4384 616 4438 qua:
647 4376 866 4425 exstant
903 4379 1036 4425 tom.
1070 4370 1104 4425 5
1143 4369 1363 4441 Recht.
1399 4370 1568 4438 ipsius
1598 4368 1701 4424 sub
1746 4384 1848 4425 nu-

245 4478 408 4518 mero
434 4462 544 4518 268
591 4463 645 4519 in
676 4461 942 4520 Vaticano
995 4463 1245 4529 archiva,
1290 4478 1427 4535 quas
1474 4479 1502 4517 a
1550 4464 1617 4519 ιι.
1650 4463 1713 4518 Ρ.
1748 4463 1846 4519 Fr.

247 4555 399 4613 Luca
433 4557 737 4629 Waddingo
764 4557 978 4630 accepi,
1006 4558 1213 4614 tenoris
1235 4558 1550 4630 sequentis:

322 4651 599 4708 Hortarius
620 4655 894 4726 episcopus
914 4669 1090 4708 seruus
1117 4669 1380 4708 servorum
1412 4652 1530 4710 Dei.
1569 4653 1849 4710 Venerabi-

245 4744 392 4799 libus
421 4745 670 4816 fratribus
698 4745 976 4802 Cusentino
1001 4745 1388 4816 archiepiscopo
1417 4754 1467 4800 et
1489 4745 1726 4818 episcopo
1759 4745 1856 4799 Bi-

245 4839 543 4893 sinianensi
583 4838 688 4894 sal.
729 4847 774 4893 et
812 4849 981 4909 apost.
1011 4838 1193 4894 bened.
1231 4837 1314 4892 Ex
1352 4847 1499 4910 parte
1541 4839 1848 4893 dilectarum

245 4933 486 5003 ﬁliorum
529 4933 775 4989 abbatum
814 4945 860 4990 et
903 4944 1180 4990 conventus
1209 4935 1274 4988 de
1306 4934 1490 4989 ordine
1519 4931 1698 4988 Floris
1742 4944 1850 4988 tam

245 5026 461 5095 capitis,
499 5044 657 5097 quam
685 5027 1027 5083 membrorum
1059 5029 1162 5100 [ait
1196 5030 1521 5100 propositum
1551 5045 1728 5083 coram
1757 5044 1852 5083 no-

247 5120 354 5186 bis,
385 5121 523 5191 quod
553 5123 597 5176 is
629 5123 717 5190 qui
748 5122 914 5178 saluti,
938 5122 1205 5176 hominum
1234 5122 1452 5189 invidet,
1483 5131 1530 5176 et
1560 5122 1740 5192 quieti,
1765 5137 1854 5176 oc-

247 5213 468 5266 casione
487 5223 754 5286 assumpta
781 5230 847 5268 ex
875 5231 956 5280 ea,
985 5214 1122 5286 quod
1152 5213 1380 5280 libellus,
1410 5231 1558 5283 quem
1589 5214 1736 5270 bona:
1770 5231 1858 5269 re-

251 5307 401 5362 cord.
426 5307 594 5362 zlbbas
619 5306 864 5362 Joachim
883 5319 1067 5364 contra
1083 5308 1206 5364 bon.
1228 5325 1382 5364 mem.
1407 5310 1716 5380 magistrum
1749 5308 1854 5364 Pe-

253 5411 396 5455 trum
444 5399 798 5456 Lombardum
849 5402 1034 5471 edidit,
1073 5403 1128 5458 in
1186 5403 1438 5475 generali,
1490 5405 1709 5460 concilio
1755 5405 1857 5476 fuit

253 5493 574 5560 damnatus;
598 5505 782 5549 con/ra
824 5512 910 5551 eos
960 5497 1240 5552 nonnullos
1283 5507 1389 5552 tam
1431 5497 1646 5552 clericos
1671 5551 1675 5555 λ
1701 5515 1858 5570 quant

257 5586 426 5641 taicos
455 5586 704 5655 praelatos
731 5598 782 5642 et
810 5588 1048 5643 subditos.
1067 5590 1376 5655 concitavit;
1404 5591 1493 5661 qui
1528 5598 1586 5644 ut
1622 5591 1764 5660 ipsos
1795 5590 1858 5644 ab

258 5680 366 5732 otio
396 5681 846 5753 contemplationis
875 5691 1130 5749 avertant,
1173 5693 1220 5736 et
1253 5683 1403 5754 {anes
1437 5685 1776 5740 extendentes
1805 5684 1860 5739 in

259 5771 509 5844 laqueum
535 5772 752 5845 pedibus
781 5790 984 5845 eorum,
1016 5785 1211 5847 ponant
1238 5776 1544 5832 scandalum
1574 5780 1733 5849 juxta
1761 5777 1858 5832 iter

1950 3258 2093 3314 roris
2125 3261 2575 3318 insimularetur:
2618 3276 2708 3322 aut
2761 3268 2944 3324 forsan
2985 3264 3190 3343 aliquid
3224 3275 3338 3330 suis
3389 3274 3545 3330 libris

1949 3353 2074 3408 dolo
2105 3355 2250 3410 tnalo
2289 3357 2533 3419 additum
2579 3359 2696 3416 l‘uit.
2729 3361 2803 3416 Ita
2837 3375 2989 3419 certe
3018 3377 3144 3422 ante
3176 3383 3274 3423 nos
3302 3371 3548 3439 suspica-

1949 3458 2040 3504 tus
2069 3460 2156 3505 est.
2179 3451 2416 3507 Iacchus
2444 3452 2669 3510 Graecus
2709 3466 2844 3512 sect.
2875 3457 2947 3512 2‘2
2983 3458 3238 3529 inquiens
3265 3478 3278 3514 :
3314 3460 3395 3515 An
3427 3479 3544 3517 vero

1946 3544 2149 3613 aliquid
2176 3547 2360 3617 fuisset
2384 3549 2683 3620 appositum
2713 3551 2767 3605 in
2803 3568 2956 3622 opere
2990 3553 3082 3608 illo
3113 3565 3390 3626 antequam
3421 3573 3548 3611 con-

1947 3641 2070 3695 cilio
2100 3653 2526 3714 prmenturetur,
2571 3644 2665 3701 Dei
2683 3648 2893 3717 judicia
2930 3651 3334 3704 examinandum
3378 3653 3545 3706 relin-

1946 3743 2152 3804 quatur.
2188 3734 2330 3789 Nam
2355 3739 2452 3791 hoc
2474 3738 2640 3809 ipsum
2667 3739 2803 3793 idem
2842 3738 3092 3794 Jour/tim
3134 3743 3437 3809 pt'rt'dixisse
3469 3744 3544 3797 ri-

1947 3825 2117 3892 detur,
2159 3825 2214 3879 in
2264 3843 2381 3899 cap.
2438 3843 2495 3882 χι
2537 3827 2776 3884 Hieroni.
2823 3830 2893 3884 ad
2941 3832 3035 3886 illa
3066 3834 3239 3899 verba,
3281 3834 3363 3887 Ad
3412 3836 3544 3888 rit-os

1948 3916 2232 3986 Anathoth,
2263 3920 2352 3990 qui
2379 3930 2618 3991 quaerunt
2649 3922 2876 3976 animam
2905 3932 3068 3978 tuam.
3103 3925 3184 3979 An
3218 3935 3397 3980 autem
3430 3928 3544 3982 hmo

1947 4025 2074 4066 vera
2107 4012 2236 4075 sint,
2279 4027 2346 4066 ex
2380 4013 2466 4067 bis
2510 4029 2631 4082 qua:
2671 4015 2982 4085 subjiciam,
3014 4018 3259 4087 judicent.
3304 4019 3543 4075 lectores

1949 4105 2079 4159 mei.
2129 4103 2418 4176 Professns
2465 4107 2712 4161 ordinem
2743 4109 3166 4166 Cistcrciensem
3221 4111 3541 4168 Joacliimns

1949 4196 2002 4251 in
2053 4199 2390 4255 monasterio
2425 4198 2492 4257 de
2525 4200 2772 4266 Curatio,
2801 4203 2944 4272 quod
2987 4203 3040 4258 in
3072 4205 3325 4260 Calabria
3375 4207 3540 4262 dictae.

1947 4290 2298 4361 Martorante,
2329 4308 2394 4350 ex
2439 4295 2706 4350 li-liatione
2748 4294 3128 4352 Fassus-Novae
3173 4311 3543 4369 processerat,

1951 4399 2094 4440 anno
2121 4384 2342 4442 circiter
2373 4387 2532 4454 “30,
2560 4387 2912 4444 nihilominus
2937 4389 3202 4447 Florense
3230 4393 3540 4448 coenobium

1951 4485 2260 4545 (instruens,
2306 4476 2754 4534 reformationem
2809 4496 3001 4536 norant
3053 4483 3104 4536 iu
3149 4484 3399 4539 ordinent
3456 4487 3546 4539 Ci-

1877 4540 1930 4600 n
1955 4567 2315 4624 sterciensetn
2350 4569 2584 4634 induxit,
2627 4587 2751 4642 quae
2792 4572 3073 4628 Florcnsis
3113 4592 3140 4628 a
3181 4577 3357 4646 capite
3402 4581 3544 4633 dicta

1952 4671 2055 4716 est.
2093 4661 2232 4716 llinc
2270 4660 2526 4716 allectum
2560 4661 2679 4731 fuit,
2718 4675 2776 4718 ut
2818 4667 3180 4736 quorumdam
3215 4670 3545 4726 (listercicn-

1953 4752 2095 4807 sitim
2141 4753 2326 4808 odium
2369 4755 2686 4823 incurrerit,
2721 4757 2812 4827 qui
2865 4757 2988 4826 ejus
3032 4761 3283 4815 vaticinia
3325 4763 3546 4818 deride-

1953 4843 2118 4910 bant,
2166 4854 2222 4901 et
2271 4843 2471 4915 scripta
2516 4847 2734 4902 curiose
2790 4847 3083 4904 admodum
3135 4855 3548 4922 scrutabantur,

1953 4938 2296 4993 occasionem
2337 4938 2629 4994 accusandi
2676 4940 2825 4994 illum
2865 4943 3100 5000 sollicite
3141 4949 3544 5016 perquirentes.

1955 5027 2293 5086 Crediderim
2346 5047 2467 5098 eos,
2527 5041 2620 5087 aut
2679 5033 2866 5104 plures
2923 5051 3110 5092 eorum
3168 5041 3312 5097 bono
3367 5044 3550 5096 aninm

1958 5125 2139 5197 ipsum
2181 5127 2413 5195 zelasse,
2448 5142 2548 5182 nec
2583 5128 2745 5184 aliter
2775 5128 2920 5184 inter
2945 5143 3208 5203 utrosque
3247 5137 3554 5190 Contentio-

1958 5234 2082 5274 nem
2105 5219 2468 5289 processisse,
2493 5234 2652 5290 quam
2690 5222 2818 5276 olim
2852 5221 2994 5278 inter
3025 5225 3470 5297 Chrysmtonnun
3500 5239 3558 5283 et

1958 5310 2345 5381 Epiphanitnn.
2382 5310 2453 5366 Ut
2483 5320 2539 5365 ut
2571 5312 2664 5381 sit,
2707 5313 2762 5367 in
2809 5313 2948 5369 libro
2997 5315 3263 5372 Joachiini
3311 5320 3388 5372 De
3431 5321 3553 5374 sub-

1961 5404 2160 5458 stantia
2179 5419 2269 5458 sen
2301 5403 2502 5457 unitate
2535 5402 2809 5460 Trinitatis
2835 5449 2848 5474 ,
2877 5408 3200 5465 invenerunt
3227 5457 3240 5481 ,
3272 5428 3378 5481 quo
3403 5415 3552 5468 illum

1963 5496 2102 5551 duro
2129 5495 2342 5566 judicio
2375 5496 2638 5551 Ecclesia:
2684 5505 3255 5574 supponerent;quod
3298 5509 3553 5563 nimirum

1963 5588 2231 5643 unitatem
2267 5587 2558 5644 Trinitatis
2587 5590 2653 5644 ad
2682 5606 2806 5646 eum
2836 5596 3059 5649 modum
3099 5609 3418 5667 exponeret,
3453 5617 3560 5671 quo

1963 5681 2266 5736 dilectores
2300 5697 2435 5737 suos
2473 5699 2639 5736 unum
2689 5699 2810 5738 cum
2854 5684 2963 5740 Deo
2999 5688 3139 5752 licri,
3173 5689 3426 5746 Christus
3468 5709 3566 5763 per

1968 5775 2238 5833 Joannem
2272 5777 2506 5834 asseruit
2535 5795 2546 5830 :
2573 5793 2669 5833 seu
2710 5778 2776 5834 ad
2808 5796 2933 5836 cum
2962 5797 3068 5852 quo
3104 5784 3274 5842 tribus
3311 5786 3466 5855 Judn,
3512 5801 3567 5845 cl
