3962 6336
510 253 618 316 623

1406 234 1705 315 manus
1742 254 1993 315 Luctus
2030 254 2313 314 psmn
2351 256 2885 323 CIIRONOLOGUS.
3675 267 3765 326 62s

508 368 684 425 tribus
713 367 1017 439 Benjatnin,
1045 376 1101 425 et
1140 369 1311 426 tribus
1344 367 1477 427 Levi
1506 384 1644 427 unus
1680 371 1843 427 simul
1882 372 2111 445 populus
2141 374 2191 435 A
2220 383 2436 453 inqttit:
2469 384 2722 456 Sequitur
2746 399 2766 437 :
2811 383 2892 437 Ad
2932 382 3070 438 viros
3115 381 3395 449 Anatlwtlt,
3421 383 3505 454 qui
3558 398 3767 455 quierunt

507 460 669 517 dicta:
696 469 821 517 sunt
846 478 860 515 :
888 470 942 518 et
964 461 1104 533 quod
1136 461 1361 519 adderet
1389 479 1494 517 non
1526 478 1687 534 posse
1715 464 1946 537 cogitari
1975 462 2106 521 Sim-

507 556 706 639 plicem
730 556 971 612 divinam
999 557 1358 613 substantiam
1389 570 1636 613 seorsum
1665 573 1693 612 a
1726 558 1975 628 personis
2005 559 2107 630 (uti

507 651 704 706 Petrus
730 650 1071 708 Lombardus
1085 652 1233 707 visus
1253 662 1336 708 est
1365 651 1560 709 fecisse
1583 652 1634 706 in
1661 668 1678 707 ι
1703 661 1844 710 sent.
1869 652 1999 708 dist.
2021 653 2102 724 5),

507 744 615 801 nisi
664 760 787 801 cum
844 744 1083 802 Sabellio
1119 755 1175 800 ct
1216 745 1374 801 Arrio
1425 745 1735 825 sentiendo.
1780 744 2108 801 Detuleruut

502 837 677 908 igitur
711 852 929 893 causam
959 837 1231 909 ejusmodi
1274 838 1342 893 ad
1379 838 1698 907 concilium,
1736 853 1767 894 a
1798 854 1908 909 quo
1942 840 1997 894 iu
2038 853 2107 895 eo

504 932 694 996 sensu,
722 946 885 1000 quem
922 929 1085 985 verba
1118 929 1237 1000 ejus
1276 930 1619 1001 praetendere
1654 930 2001 998 videbantur,
2041 931 2107 987 li-

505 1021 606 1077 ber
636 1023 890 1092 praelatus
916 1036 1059 1077 anno
1089 1022 1301 1078 Domini
1330 1023 1492 1090 lil5,
1523 1025 1849 1079 sententiam
1880 1024 2107 1080 damna-

504 1113 667 1169 tionis
695 1114 928 1184 acccpit.
962 1112 1071 1170 Sed
1106 1130 1233 1171 vero
1264 1113 1581 1171 Joacltimus
1607 1116 1789 1172 minus
1819 1131 1880 1173 se
1920 1116 2108 1173 defen-

503 1207 636 1263 dere
675 1206 877 1279 pomit,
908 1222 1033 1263 cum
1076 1223 1223 1264 anno
1266 1210 1550 1280 superiore
1590 1211 1658 1267 ab
1690 1209 1960 1268 Incarnat.
1986 1211 2104 1269 .Do-

503 1297 637 1354 mini
671 1298 832 1367 12M,
867 1299 1054 1355 ultima
1083 1300 1257 1356 Martii
1280 1301 1423 1358 diem
1456 1302 1748 1361 clausisset
1774 1312 2103 1373 extremum,

503 1392 580 1447 uti
626 1391 863 1448 Jacobus
912 1392 1137 1452 Grzccus
1187 1397 1365 1465 aperit
1413 1397 1465 1451 in
1524 1398 1641 1469 ejus
1693 1394 2135 1470 Cltronologia,‘

501 1493 643 1544 sect.
668 1486 757 1542 56.
782 1486 1153 1544 Nihilominus
1172 1489 1241 1545 ab
1262 1488 1568 1546 octodecim
1594 1491 1755 1546 annis
1777 1491 2107 1547 condemna-

504 1579 712 1635 tionem
740 1594 894 1635 suam
929 1580 1230 1652 perspicuis
1256 1582 1438 1638 verbis
1467 1583 1796 1654 praedixerat
1827 1600 1973 1642 anno
2000 1585 2107 1641 sci-

503 1670 636 1727 licet
665 1671 826 1739 ll97,
850 1688 960 1742 quo
983 1672 1102 1743 ipso
1130 1675 1520 1731 commentaria
1551 1674 1605 1730 in
1637 1675 1961 1732 Hieremiam
1993 1677 2106 1732 ela-

498 1763 737 1832 boravit,
783 1764 901 1835 ipso
942 1773 1104 1836 teste,
1137 1765 1266 1822 dum
1302 1766 1372 1823 ad
1409 1776 1571 1838 caput
1603 1767 1675 1823 24
1710 1768 1886 1825 dixit:
1925 1767 2108 1842 Agitur
2135 1767 2183 1829 B

500 1857 640 1910 enim
683 1873 822 1911 nunc
865 1858 1003 1914 H97
1035 1876 1227 1927 annus,
1261 1870 1369 1916 etc.
1402 1861 1697 1932 Propltetia
1744 1877 1875 1918 vero
1921 1869 2102 1918 exstat

501 1947 571 2004 ad
598 1960 761 2019 caput
791 1950 880 2017 ll,
911 1962 963 2007 et
993 1960 1100 2006 tam
1132 1953 1417 2008 manifesta
1446 1962 1552 2020 est,
1583 1964 1642 2009 ut
1674 1954 1870 2010 librum
1902 1964 1957 2010 et
1988 1971 2101 2010 ma-

499 2044 695 2101 teriam
727 2046 852 2101 libri
878 2055 1066 2117 postea
1089 2047 1509 2118 condemnandi,
1540 2059 1890 2107 accusatores
1914 2051 2100 2108 itidem

500 2143 559 2192 et
610 2136 913 2193 llomannm
963 2140 1300 2209 pontilieem,
1358 2142 1449 2213 qui
1504 2158 1629 2199 eum
1682 2142 2102 2200 condemnaturi

500 2239 681 2299 erant,
713 2231 949 2302 propriis
982 2231 1260 2302 exprimat
1298 2234 1632 2290 nominibus.
1664 2235 1748 2292 Ad
1795 2236 1888 2292 illa
1933 2237 2103 2307 siqui-

500 2321 627 2377 dem
658 2321 822 2376 verba
852 2338 864 2374 :
903 2320 1107 2391 Venite,
1136 2323 1407 2379 mittamus
1435 2327 1638 2398 lignum
1668 2328 1721 2381 in
1749 2345 1937 2400 panem
1961 2332 2101 2402 ejus,

498 2420 547 2465 et
576 2410 852 2466 eradamus
882 2428 999 2467 eum
1029 2406 1094 2467 de
1132 2424 1274 2469 terra
1318 2417 1622 2483 viventium,
1663 2426 1711 2474 et
1753 2435 1941 2475 nomen
1985 2423 2101 2494 ejus

498 2522 605 2560 non
654 2501 968 2562 mentorelur
1006 2509 1255 2579 amplius,
1299 2510 1379 2566 sic
1422 2511 1544 2567 ait:
1590 2511 1815 2587 Lignum
1859 2514 2102 2570 scandali

499 2605 711 2667 ponent,
754 2608 809 2651 ut
853 2615 1035 2653 sanant
1078 2599 1375 2655 doctrinam
1410 2604 1777 2675 exstinguat”,
1824 2613 1873 2661 et
1917 2623 2102 2662 nomen

496 2690 731 2745 doctoris
773 2691 862 2744 cui
904 2691 1217 2747 revelabitur
1264 2697 1520 2752 sententia
1567 2694 1807 2755 Dauielis
1847 2709 2098 2756 evertant.

497 2781 549 2837 ls
575 2790 659 2837 est
682 2781 998 2840 Joacltitnus
1026 2784 1167 2854 ipse,
1197 2787 1287 2855 qui
1319 2786 1695 2846 abditissimas
1721 2792 1960 2847 Danielis
1985 2807 2105 2864 pro-

495 2873 713 2944 phetias
734 2874 1012 2943 enodavit,
1035 2875 1103 2931 ad
1125 2892 1247 2947 cap.
1274 2894 1351 2935 xtt
1379 2882 1553 2951 Apoc.
1574 2892 1631 2937 et
1656 2883 1807 2940 alibi.
1832 2882 2102 2940 Futurum

494 2973 571 3020 est
613 2966 754 3020 enim
778 3006 793 3034 ,
826 2976 881 3022 ut
909 2984 1140 3024 summus
1179 2971 1418 3043 pontifex
1462 2974 1727 3029 veritatem
1767 2975 2013 3048 insinuet,
2045 2988 2103 3033 ut

498 3073 634 3112 unus
680 3058 980 3127 damnetur,
1014 3060 1068 3114 id
1094 3071 1188 3129 est,
1231 3065 1486 3119 moriatur
1534 3066 1718 3123 doctor
1746 3085 1841 3140 pro
1882 3073 2097 3143 populo,

498 3158 557 3205 ut
584 3166 689 3206 non
716 3159 826 3206 tota
862 3170 985 3227 gens
1023 3165 1199 3225 pereat
1231 3157 1288 3211 in
1318 3174 1510 3215 errore.
1539 3160 1633 3217 Sic
1662 3163 1948 3218 Sedecltias
1978 3182 2102 3221 con—
2129 3148 2177 3213 C

499 3253 582 3299 tra
631 3244 952 3301 Hieremiam
1000 3248 1259 3324 insurgit;
1302 3255 1513 3310 damnat
1564 3257 1753 3313 librum
1796 3261 1950 3333 (quid
1992 3262 2140 3323 cla»

500 3337 678 3409 rius?)
703 3337 895 3392 scindit
935 3338 1238 3397 Trinitatem
1266 3345 1330 3399 ab
1362 3348 1558 3403 raritate
1596 3350 1685 3421 (cn
1718 3350 1933 3407 titulum
1980 3353 2104 3408 libri

498 3430 845 3502 expressum)
893 3442 938 3486 et
970 3432 1221 3506 scalpello
1268 3438 1454 3494 scribat
1498 3443 1803 3498 sententiam
1851 3444 2102 3511 doctoris,

500 3522 693 3578 alludit
720 3523 786 3579 ad
817 3523 948 3580 illud
977 3540 1097 3595 cap.
1128 3543 1295 3584 xum
1326 3529 1563 3588 llierem.
1599 3552 1612 3588 :
1642 3533 1872 3606 Cumque
1898 3538 2105 3612 legisset

498 3613 633 3669 ludi
675 3625 778 3670 tres
821 3616 1057 3689 pagellas
1092 3619 1173 3675 vel
1214 3631 1456 3691 quatuor,
1499 3627 1651 3681 scidit
1688 3627 1824 3684 illud
1866 3634 2105 3690 volumen

500 3704 752 3780 scalpello
801 3710 1006 3766 scribae.
1040 3710 1106 3767 Et
1146 3723 1268 3783 post
1299 3731 1510 3787 pauca:
1549 3716 1800 3794 Designat
1846 3740 2105 3782 summum

503 3801 803 3875 pontiﬁcem
827 3813 941 3875 post
966 3802 1297 3862 Caelestinum
1324 3812 1563 3879 futurum
1593 3815 1902 3889 quicuntque
1930 3820 1995 3875 sit
2017 3821 2106 3875 ille

502 3894 727 3963 (norunt
755 3891 950 3953 omnes
977 3897 1354 3958 Innocentium
1387 3904 1482 3973 lll,
1517 3907 1612 3978 qui
1645 3908 1845 3966 librum
1878 3908 2125 3970 damna;

503 3990 606 4053 vit,
639 3986 937 4045 Caelestino
966 3992 1329 4067 successisse)
1359 4013 1393 4051 a
1433 4015 1532 4069 quo
1561 4005 1686 4073 quia
1727 4005 1881 4062 stella
1914 4008 2103 4078 dispa-

504 4079 631 4148 ruit,
665 4079 921 4136 nimirum
965 4082 1092 4152 quia
1119 4082 1405 4144 JOacltimo
1442 4101 1679 4164 mortuo,
1713 4097 1938 4156 claritas
1978 4117 2106 4158 scn-

504 4188 603 4228 sus
630 4173 750 4243 ejus
780 4173 1077 4246 diSparuit,
1113 4179 1408 4251 spiritualis
1437 4169 1778 4260 intelligentia
1805 4195 2105 4267 exstingue-

507 4276 594 4321 tur
627 4268 682 4322 in
712 4267 855 4332 dolo,
887 4279 932 4325 et
963 4285 1054 4342 per
1084 4272 1333 4328 invidiam
1363 4279 1622 4348 tradetur,
1649 4292 1698 4337 et
1735 4286 1987 4353 perimere
2015 4305 2104 4343 co-

508 4359 713 4431 gitabit.
748 4360 905 4426 Quod
932 4372 1108 4419 autem
1150 4381 1591 4440 congregaverant
1618 4378 1889 4445 pontiﬁces
1919 4379 2103 4436 Eccle-

504 4451 726 4515 siarum,
758 4462 808 4507 et
841 4452 1103 4510 Pharisaei
1132 4454 1373 4528 (scilicet
1412 4462 1673 4532 abbates,
1707 4468 1944 4539 priores,
1977 4474 2104 4529 rcli-

2207 476 2435 551 animant
2463 487 2625 532 luam.
2656 476 2698 530 Α
2725 476 3039 547 quibusdam
3066 475 3472 531 Cistercirttsium
3510 479 3769 547 egre'lietur

2207 569 2452 640 iniquitas
2480 569 2613 636 lucc,
2643 579 2697 624 ut
2722 571 2906 624 doctor
2945 567 3038 623 ille
3063 585 3167 624 non
3207 571 3468 641 prapltetet
3509 570 3560 624 in
3592 572 3770 626 nomine

2207 661 2443 732 Domini,
2478 671 2526 718 et
2554 664 2608 717 in
2641 679 2817 717 eorum
2848 662 3109 733 manibus,
3140 662 3195 715 id
3222 671 3318 726 est,
3346 663 3571 734 operibus
3600 671 3640 717 et
3664 681 3771 718 con-

2208 756 2343 811 ciliis
2395 757 2672 823 moriatur,
2729 755 2787 809 itl
2829 766 2927 825 est,
2977 755 3299 826 reprobetur.
3351 754 3484 826 Ipsis
3530 755 3771 827 siquidem

2209 850 2500 922 agentibus
2535 850 2587 905 in
2637 849 2876 905 concilio
2904 848 3147 919 generali
3179 847 3464 904 damnatus
3507 857 3586 905 cst
3632 848 3768 905 liber.

2211 943 2320 998 Sed
2346 944 2472 1014 quid
2500 943 2620 997 inde
2645 942 2916 1015 sequitur?
2937 949 2997 996 ut
3016 957 3203 997 verum
3228 955 3361 997 vero
3384 952 3636 997 consonet
3655 957 3770 1012 pra:-

2208 1035 2341 1093 dicit
2360 1035 2766 1093 lamentabilem
2790 1051 2975 1091 casum
2997 1032 3377 1090 Cistercicusis
3398 1035 3769 1106 ordinis,quem

2210 1130 2416 1186 utinam
2441 1130 2647 1186 nostris
2676 1129 2850 1185 oculis
2875 1144 2984 1184 non
3010 1127 3310 1184 viderimus
3338 1145 3352 1181 :
3380 1126 3592 1183 Iuvenes
3616 1145 3773 1183 eorum

2208 1224 2499 1279 ntorientur
2520 1222 2722 1295 gladio,
2756 1231 2865 1278 etc.
2896 1221 3120 1276 Jurenes
3161 1228 3279 1276 sunt
3314 1221 3531 1293 priores,
3563 1220 3655 1290 lilii
3680 1237 3774 1275 mo-

2198 1317 2386 1385 .naclti,
2410 1318 2536 1389 filia:
2562 1317 2878 1372 monasteria
2901 1315 3049 1389 (qua:
3075 1330 3173 1386 per
3199 1314 3491 1370 liliationes
3518 1313 3775 1370 distributa

2208 1410 2386 1483 erant)
2428 1412 2508 1466 vel
2544 1410 2850 1466 obedientia:
2876 1424 3089 1476 eorum;
3116 1408 3272 1482 printi
3308 1409 3361 1463 in
3409 1406 3586 1480 gladio
3624 1408 3776 1477 reipu-

2208 1506 2356 1562 blicae
2400 1505 2585 1562 cadent
2639 1505 2716 1579 (id
2758 1513 2862 1574 est,
2908 1503 2963 1560 in
3013 1518 3208 1560 manus
3250 1501 3777 1572 commendaturum).

2209 1600 2462 1665 Secundi,
2504 1601 2557 1655 in
2598 1601 2735 1672 {ante
2761 1599 3017 1655 doctrina!
3052 1598 3345 1666 catholicae,
3378 1596 3650 1667 deﬁcient;
3675 1595 3781 1649 reli-

2208 1695 2364 1767 quite,
2398 1702 2679 1767 potestates
2719 1693 2914 1747 scilicet
2958 1692 3180 1760 ordinis,
3212 1693 3266 1747 in
3309 1691 3507 1762 defectu
3550 1690 3780 1765 regularis

2212 1787 2571 1843 observantiae.
2612 1786 2867 1843 Inducam
2897 1788 3035 1842 enint
3070 1788 3269 1842 malum
3306 1803 3462 1856 super
3492 1785 3622 1839 viros
3653 1785 3777 1838 Ana-

2203 1881 2371 1951 tltollt,
2399 1882 2594 1937 scilicet
2637 1898 2792 1954 super
2817 1882 3061 1954 prtelalos
3097 1882 3319 1953 majores
3359 1876 3776 1944 Cisterciettsium,

2202 1991 2402 2030 annum
2449 1975 2756 2031 risitationis
2808 1992 3006 2040 eorum,
3042 1974 3237 2029 scilicet
3290 1973 3639 2028 tribulationis
3679 1972 3778 2025 iut-

2202 2068 2398 2123 missat.
2429 2066 2537 2124 Sed
2570 2066 2931 2124 nihilominus
2958 2066 3188 2124 inferius
3218 2065 3283 2121 ad
3313 2074 3479 2137 caput
3508 2066 3577 2121 55
3602 2063 3774 2120 llicre-

2203 2160 2327 2217 mite
2379 2161 2797 2233 perpetuitatem
2856 2160 3101 2231 ejusdem
3157 2158 3367 2215 ordinis
3415 2158 3469 2213 in
3524 2155 3780 2212 nonnullis

2204 2254 2329 2310 [iliis
2350 2254 2469 2324 ejus
2492 2254 2772 2325 prmdicit;
2809 2270 2932 2310 nam
2961 2269 3084 2310 cum
3117 2251 3494 2324 prtemisisset,
3524 2253 3659 2322 quod
3692 2247 3724 2304 J
3737 2264 3785 2303 o-

2203 2346 2376 2403 nadub
2405 2347 2548 2417 [ilius
2594 2347 2801 2403 Rechab
2843 2348 3088 2419 praecepit
3113 2347 3289 2401 vinum
3332 2361 3433 2400 non
3483 2343 3648 2400 bibere
3673 2342 3785 2412 ﬁliis

2202 2440 2332 2509 suis,
2366 2456 2457 2496 nec
2480 2441 2660 2495 domos
2684 2449 3017 2505 construere;
3046 2438 3136 2493 sed
3176 2438 3230 2492 in
3272 2435 3615 2492 tabernaculis
3653 2432 3785 2488 habi-

2203 2541 2337 2598 tare,
2371 2532 2441 2587 (τά
2469 2533 2529 2589 S.
2563 2531 2896 2587 Bernardum
2923 2518 3092 2587 sermo
3114 2530 3382 2602 dirigitur,
3414 2530 3509 2600 qui
3534 2537 3580 2583 et
3619 2542 3786 2583 mona-

2204 2625 2314 2680 cltis
2344 2625 2452 2681 suis
2502 2626 2928 2698 praedicationem
2968 2634 3015 2680 et
3056 2624 3384 2697 negationem
3431 2620 3716 2693 pro/tinuit,
3747 2627 3787 2673 et

2203 2738 2290 2777 eos
2335 2721 2640 2791 simpliciter
2686 2721 2741 2775 in
2787 2720 3112 2775 monasteriis
3157 2717 3364 2773 subesse
3414 2715 3785 2789 prwcepil......

2207 2815 2358 2882 Quod
2387 2826 2557 2870 autem
2588 2815 2779 2870 dicitur
2825 2831 2927 2869 non
2977 2815 3155 2869 deesse
3202 2814 3267 2868 de
3300 2811 3496 2867 semine
3537 2807 3784 2874 Jonadab,

2202 2910 2291 2979 qui
2319 2918 2479 2965 staret
2508 2926 2707 2979 semper
2738 2909 2790 2964 in
2834 2916 3116 2982 conspectu
3162 2904 3400 2971 Domini,
3434 2905 3642 2960 videtur
3664 2899 3791 2975 quod

2205 3001 2564 3059 Cistercicusis
2607 3003 2791 3077 religio
2822 3004 2888 3058 sit
2924 3003 2979 3057 in
3008 3003 3165 3073 ﬁnem
3194 3017 3356 3073 usque
3385 3000 3569 3056 surculi
3598 3013 3790 3071 proces-

2205 3111 2355 3149 sura.
2388 3095 2503 3164 Qua
2539 3109 2674 3150 Sane
2705 3094 3059 3165 pradictiune
3096 3094 3265 3164 prima
3296 3091 3539 3148 omnium
3570 3088 3791 3163 propltc-

2211 3195 2322 3242 tata
2370 3195 2454 3243 est
2508 3186 2860 3258 congregatio
2907 3186 2965 3243 S.
3023 3185 3283 3242 Bcruardi
3325 3185 3392 3242 de
3437 3181 3790 3247 observantia,

2206 3289 2327 3346 qua:
2357 3276 2412 3331 in
2456 3277 2640 3348 regnis
2693 3276 3074 3349 Hispaniarum
3106 3276 3178 3331 ab
3219 3291 3365 3331 anno
3399 3274 3618 3332 Domini
3667 3274 3792 3330 ιι...

2207 3366 2515 3425 institutum
2549 3369 2735 3439 erepit,
2767 3384 2888 3440 qua:
2916 3368 3029 3424 Deo
3077 3367 3298 3439 auspice
3342 3367 3401 3424 S.
3454 3367 3519 3423 Ρ.
3553 3362 3793 3424 Bernardi

2208 3459 2421 3515 meritis
2473 3460 2765 3532 pristinum
2816 3461 3028 3517 ordinis
3083 3460 3437 3531 splendorem
3497 3465 3793 3522 sustentat;

2206 3550 2407 3608 deinde
2427 3552 2772 3608 observantia
2804 3554 3245 3625 congregationis
3275 3553 3468 3617 Italiae,
3497 3568 3564 3609 ac
3590 3552 3793 3608 dcmtttn

2207 3643 2553 3701 Fullieusum
2588 3647 2985 3701 tnonacltorum
3017 3647 3367 3712 rcl'nrmatiu;
3398 3647 3605 3716 quibus
3631 3640 3795 3699 omni.

2204 3733 2305 3789 bus
2352 3735 2606 3793 ell'cctum
2639 3745 2741 3803 cst,
2777 3748 2833 3792 ut
2881 3753 3145 3808 nusquam
3193 3738 3463 3793 hactenus
3496 3737 3565 3793 de
3595 3735 3794 3792 semine

2206 3823 2453 3883 Jonadab
2474 3842 2573 3884 seu
2605 3829 2850 3886 mcllillui
2879 3829 3159 3900 Bernardi,
3186 3830 3451 3887 defecerit
3473 3828 3568 3902 qui
3598 3838 3704 3886 stet
3740 3826 3787 3882 itt

2208 3910 2508 3989 conspectu
2543 3923 2779 3978 Domini.
3156 3995 3165 4005 .

2284 4009 2351 4067 Ut
2371 4026 2501 4082 ergo
2519 4014 2882 4084 adrsupcriora
2899 4030 3117 4072 rccurra
3127 4010 3264 4086 nius,
3285 4030 3485 4073 sensus
3508 4013 3796 4089 prOpltctitu

2208 4103 2402 4175 planus
2431 4114 2517 4162 83'.
2560 4122 2575 4163 :
2609 4107 2868 4165 nimirum
2920 4112 3038 4167 fore
3080 4119 3139 4166 ιιι
3170 4112 3222 4165 in
3263 4110 3385 4183 ejus
3426 4110 3680 4168 doctrina
3709 4109 3797 4164 lilii

2207 4199 2508 4267 Anatltotlt,
2552 4199 2602 4254 id
2643 4209 2748 4269 est,
2795 4200 3212 4270 Cistercienses,
3261 4202 3797 4265 sraudalizarcntur;

2207 4288 2354 4359 quod
2385 4290 2703 4346 scandalum
2735 4300 2794 4348 ut
2820 4293 3037 4350 sedaret
3076 4295 3392 4365 pontiliccnt
3422 4295 3801 4366 pronuntiatu-

2208 4394 2330 4435 rum
2362 4394 2617 4451 oporterc.
2664 4394 2722 4439 ut
2752 4399 2891 4440 unus
2936 4386 3286 4443 damnaretur
3330 4386 3384 4442 itt
3419 4387 3568 4444 libro
3598 4387 3665 4443 dc
3691 4384 3800 4442 Tri-

2210 4472 2397 4528 nitatis
2428 4476 2657 4547 unitate,
2708 4492 2874 4548 super
2900 4477 3056 4550 cujus
3098 4479 3459 4552 intelligentia
3489 4479 3797 4536 scandalum

511 4543 650 4643 giosi
672 4542 1065 4643 Cistercicusis
1088 4546 1324 4643 ordinis)
1353 4554 1649 4625 concilium,
1684 4556 1910 4617 forsitan
1941 4579 2103 4633 gene-
2127 4541 2185 4604 D
2210 4577 2387 4623 ortum
2419 4583 2540 4626 erat
2569 4587 2582 4625 :
2612 4587 2733 4626 eutn
2764 4587 2896 4628 vero
2945 4572 3253 4643 pontiﬁcem
3274 4541 3404 4628 vnon
3446 4573 3619 4629 alium
3665 4572 3799 4628 lutu-

508 4636 649 4704 ralc,
693 4644 861 4691 totunt
896 4637 966 4691 ad
1004 4637 1155 4693 illum
1197 4640 1462 4699 doctorem
1494 4649 1729 4705 veritatis
1770 4657 2103 4723 referendum

511 4737 609 4794 est,
649 4746 799 4801 quem
845 4746 1021 4786 sextus
1065 4732 1311 4790 describit
1352 4738 1594 4810 angelus,
1644 4743 1749 4798 into
1786 4746 1881 4801 sub
1922 4750 2104 4818 quoin

512 4836 673 4875 ntanu
700 4821 912 4877 alterius
939 4824 1113 4898 angeli
1133 4827 1266 4882 liber
1294 4829 1686 4889 demonstratur
1705 4838 1933 4894 veritatis
1954 4859 2107 4910 aper-

507 4924 611 4969 tus.
642 4914 812 4972 Multo
844 4917 960 4973 lttec
984 4918 1283 4976 illustriora
1316 4923 1622 4983 redduntur
1648 4944 1717 4985 ex
1745 4930 1827 4986 bis
1862 4948 1980 5001 qua:
2005 4935 2108 4989 im-

514 5004 754 5063 mediate
798 5007 1103 5082 subjungit,
1134 5027 1415 5084 exponens
1464 5033 1699 5091 namque
1737 5022 1905 5079 verba
1965 5025 2100 5081 illa:

511 5096 803 5171 Propterea
837 5100 948 5158 Ittec
987 5101 1118 5158 dicit
1147 5103 1404 5164 Dominus
1435 5110 1506 5166 ad
1530 5113 1669 5168 viros
1697 5113 1982 5185 Attat/tom,
2015 5121 2107 5192 qui

510 5202 752 5263 quaerunt
789 5196 1019 5251 animam
1053 5207 1216 5265 luant,
1258 5210 1307 5256 et
1347 5202 1527 5261 dicunt
1558 5222 1577 5260 :
1608 5207 1729 5263 Non
1768 5212 2105 5285 prapltetabis

507 5287 563 5340 in
612 5288 817 5344 nomine
860 5285 1094 5359 Domini,
1126 5300 1174 5346 et
1216 5295 1454 5351 morieris
1505 5298 1558 5352 in
1601 5302 1836 5356 manibus
1886 5308 2100 5362 nostris.

506 5378 798 5451 Pr0pterea
833 5382 945 5438 lttee
984 5384 1110 5439 dicit
1155 5385 1410 5445 Dominus
1444 5395 1769 5451 exercituum
1795 5414 1812 5452 :
1845 5398 1984 5456 Ecce
2010 5418 2103 5471 ego

504 5474 720 5529 visitabo
759 5492 918 5548 super
945 5493 1069 5545 eos;
1100 5480 1316 5551 juvenes
1346 5485 1635 5542 morientur
1660 5491 1716 5545 in
1749 5490 1928 5563 gladio
1951 5535 1965 5560 ,
1995 5495 2099 5566 ﬁlii

504 5580 684 5620 eorum
709 5577 753 5621 et
777 5569 904 5636 ﬁlia:
933 5572 1219 5626 morientur
1234 5575 1287 5627 in
1305 5576 1528 5645 βψω,ιί
1557 5581 1788 5649 reliquid:
1817 5602 1918 5640 non
1948 5598 2100 5643 erunt

505 5671 573 5710 ea:
592 5660 668 5712 eis
688 5675 706 5723 ,'
731 5660 974 5715 inducant
998 5663 1134 5717 enim
1152 5666 1348 5721 ntalunt
1369 5686 1524 5736 super
1540 5672 1674 5727 viros
1701 5675 1983 5748 Attat/tolli,
2004 5699 2098 5735 an-

505 5763 627 5803 num
654 5750 958 5811 uisitationis
993 5771 1206 5827 eorum;
1238 5774 1537 5833 exponens,
1568 5762 1808 5840 inquam,
1850 5769 1984 5842 lucc,
2015 5772 2097 5833 sic

2209 4676 2328 4716 rum
2359 4676 2502 4725 esse,
2537 4678 2699 4733 quam
2732 4679 2856 4720 eum
2895 4665 2987 4735 qui
3018 4665 3319 4721 leestino
3359 4667 3707 4723 succederet.
3757 4662 3801 4718 ls

2216 4766 2345 4806 vero
2367 4751 2466 4807 fuit
2494 4752 2846 4811 Innocentius
2878 4755 2978 4823 lll,
3013 4758 3103 4827 qui
3132 4766 3325 4812 coacto
3369 4758 3614 4829 generali
3646 4756 3799 4811 Late-

2210 4847 2433 4901 rancnsi
2482 4849 2738 4916 concilio,
2791 4848 2844 4904 in
2879 4866 2985 4919 quo
3032 4860 3234 4921 praeter
3263 4851 3333 4909 7t)
3363 4850 3803 4923 archiepiscopus

2210 4947 2265 4995 et
2294 4940 2402 4998 400
2441 4942 2747 5014 episcopos,
2798 4942 3075 5000 all‘uerunt
3101 4945 3207 5000 800
3250 4945 3481 5001 abbates
3515 4961 3713 5017 magna
3738 4957 3799 4999 cx

2212 5044 2365 5105 parte
2386 5035 2771 5093 Cistercicusis
2801 5037 3031 5103 ordinis,
3065 5037 3263 5093 librum
3287 5036 3561 5093 Joacltimi
3590 5038 3660 5093 de
3690 5035 3804 5090 uni—

2210 5136 2322 5184 tate
2368 5126 2689 5195 Trinitatis,
2730 5131 3055 5201 quibusdam
3111 5146 3299 5186 corum
3360 5129 3800 5203 suggerentibus,

2207 5220 2620 5279 condemnavit.
2656 5223 2758 5280 Ubi
2790 5234 2973 5281 tamen
3004 5223 3136 5280 illud
3167 5225 3467 5279 notandum
3504 5233 3612 5290 cst,
3661 5220 3798 5295 quod

2208 5318 2305 5385 ait,
2340 5318 2569 5375 Damnat
2596 5320 2808 5389 librum,
2845 5321 3035 5377 scindit
3065 5320 3370 5376 Trinitatem
3396 5320 3460 5375 ab
3504 5321 3725 5386 unitate,
3754 5325 3800 5371 et

2205 5411 2454 5484 scalpello
2487 5414 2672 5469 scriba:
2696 5416 2999 5471 sententiam
3036 5415 3288 5482 doctoris,
3321 5413 3538 5470 scilicet
3579 5411 3798 5476 scindit,

2210 5503 2471 5560 nimirum
2516 5507 2641 5576 quia
2694 5505 2824 5563 alibi
2875 5522 3028 5563 suam
3084 5506 3333 5562 declarat
3379 5504 3711 5561 sententiam
3749 5502 3798 5558 in

2208 5596 2404 5652 eodem
2454 5597 2591 5652 libro
2625 5616 2637 5652 :
2673 5598 2920 5670 quaedam
2968 5598 3234 5671 siquidem
3297 5598 3461 5654 habet
3499 5613 3629 5667 qua:
3672 5595 3802 5652 satis

2207 5702 2331 5743 cum
2365 5687 2431 5743 ad
2473 5690 2808 5749 Cutltolicutn
2837 5707 3057 5749 sensum
3091 5691 3316 5748 traltere
3343 5692 3622 5753 videntur.
3654 5689 3699 5743 si
3726 5696 3801 5742 ta-

2206 5772 2328 5837 iuen
2361 5778 2407 5837 is
2435 5779 2529 5843 illc
2560 5781 2701 5847 liber
2732 5793 2836 5857 est,
2883 5785 2975 5856 qui
3007 5782 3335 5843 Psalterium
3383 5779 3795 5841 dccacbordutn
