4062 6340
289 328 398 385 623

1263 370 1277 378 ο
1365 330 1893 393 APOLOGETICUS
1930 334 2067 393 PRO
2104 335 2168 395 L.
2211 339 2513 398 DEXTRO.

3484 345 3589 403 626

289 456 662 521 nuncupatur,
704 450 839 506 alias
868 448 933 505 de
978 450 1177 508 unitate
1203 450 1497 509 Trinitatis.
1529 454 1689 523 Quod
1732 455 1776 510 si
1810 455 1890 510 di-
1917 458 1971 520 Α
1996 442 2246 517 oculatus
2288 464 2448 519 testis
2477 477 2602 520 esse
2643 465 2851 536 nequit,
2882 480 3003 524 cum
3030 482 3276 525 errorem
3300 471 3588 541 quemdam

290 558 483 598 versus
515 543 584 597 ab
611 558 676 598 eo
704 542 827 607 fuit,
859 543 992 598 satis
1019 559 1084 600 ex
1114 559 1181 600 eo
1217 545 1440 600 vitiatus
1476 547 1715 610 videtur,
1746 549 1890 619 quod

285 638 618 692 sententiam
642 635 997 705 catholicam,
1016 638 1138 692 data
1164 653 1330 709 opera
1361 642 1414 694 in
1443 639 1733 707 Psalterio,
1769 654 1890 710 pro-

285 741 585 802 pugnatam
615 729 859 800 reliquit.
905 728 984 785 lbi
1029 729 1320 801 siquidem.
1357 732 1454 787 lib.
1489 748 1527 800 l,
1562 732 1690 788 dist.
1727 733 1777 799 l,
1812 733 1894 788 in-

216 871 231 883 .
284 827 403 894 qttit
431 841 446 878 :
479 823 670 878 Omnes
695 823 792 878 Itoc
824 841 931 878 una
956 841 1101 893 rore,
1128 827 1579 899 una'confessione
1618 826 1845 894 fatemur
1871 842 1891 881 :

288 919 383 976 Est
410 920 550 975 Dens
578 936 715 975 unus
746 920 859 975 sine
889 921 1196 992 confusione
1224 936 1607 992 personarum,-
1640 921 1807 974 trinas
1836 920 1891 974 in

283 1013 523 1084 personis
566 1012 675 1065 sine
714 1011 962 1066 divisione
1002 1011 1326 1066 substantias.
1372 1012 1437 1066 Et
1486 1027 1678 1067 rursus
1711 1027 1726 1067 :
1765 1009 1892 1066 lltec

282 1104 576 1159 substantia
601 1120 717 1174 qua:
743 1102 881 1158 Deus
902 1113 997 1165 est.
1025 1121 1128 1160 una
1148 1114 1243 1171 est,
1274 1114 1323 1160 et
1345 1121 1546 1159 summe
1571 1121 1697 1173 una,
1721 1112 1771 1159 et
1798 1120 1889 1158 su-

283 1213 381 1269 pr-a
409 1212 563 1267 quam
589 1195 695 1249 dici
741 1196 901 1267 possit
940 1195 1165 1268 simpch
1188 1205 1283 1263 est,
1312 1205 1361 1250 ct
1394 1212 1501 1251 una
1543 1207 1771 1251 natura:
1799 1212 1892 1251 nec

284 1308 535 1362 nrgamus
566 1289 872 1345 Trinitatem
922 1290 975 1344 in
1010 1290 1161 1345 unius
1198 1290 1523 1360 confessione
1565 1288 1888 1355 substantias,

281 1385 375 1439 scd
406 1385 634 1455 partium
664 1384 964 1452 scissiones,
997 1401 1127 1455 quas
1166 1385 1394 1439 carnalis
1437 1383 1535 1438 sibi
1566 1384 1892 1457 ﬁngitintel-

286 1480 470 1546 lectus,
513 1479 905 1534 horremus..."
965 1478 1090 1533 Tres
1118 1480 1294 1549 itaque
1323 1495 1485 1534 unum
1506 1486 1625 1534 sunt
1654 1488 1705 1533 et
1726 1495 1890 1532 unum

285 1584 427 1639 tres;
457 1589 560 1627 non
594 1573 750 1626 divisi
778 1581 994 1637 natura,
1034 1582 1090 1626 ut
1128 1582 1289 1637 terra,
1318 1587 1465 1644 aqua
1502 1581 1550 1626 et
1593 1572 1763 1643 ignis;
1788 1588 1891 1626 non

283 1682 623 1738 personarum
654 1665 1027 1736 disjunctione,
1051 1673 1106 1719 ut
1138 1675 1238 1718 tres
1280 1665 1510 1718 homines
1531 1662 1768 1737 ejusdem
1797 1680 1891 1717 na-

283 1768 435 1814 turae.
472 1760 534 1813 lit
585 1757 814 1813 inferius
852 1777 865 1813 :
917 1756 1069 1813 Unde
1113 1768 1161 1813 et
1186 1757 1494 1828 simpliciter
1537 1756 1731 1810 dicitur
1781 1772 1891 1811 esse

1995 550 2177 607 abbati
2208 565 2400 611 sancto
2427 556 2687 628 impingat
2715 559 2993 633 (nimirum
3019 562 3294 633 apostolos
3323 578 3432 618 non
3455 578 3591 633 prm-

1995 641 2207 700 dicasse
2233 646 2750 720 Erangeliumjuxta
2780 653 3122 723 spiritualcm
3149 655 3588 727 intelligentiam,

1996 736 2091 789 sed
2127 734 2333 795 tantum
2378 742 2680 799 secundum
2711 746 2968 819 litteram)
3022 756 3079 802 ct
3123 757 3304 805 tamen
3348 760 3609 818 asserat,

1996 847 2120 888 eum
2148 847 2207 889 se
2238 833 2290 888 in
2325 834 2433 889 illis
2455 837 2713 907 operibus
2744 854 2853 895 non
2884 840 3174 908 reperisse.
3200 842 3297 899 sed
3320 842 3392 898 ita
3414 842 3593 899 acini-

1995 926 2137 984 done
2166 930 2446 986 carmelita
2478 932 2548 988 de
2577 947 2643 988 eo
2681 935 2857 990 notari
2886 953 2900 989 :
2939 936 3111 1003 Quare
3139 937 3384 1008 ﬁdamus,
3410 938 3507 1009 ait,
3538 937 3593 992 in

1994 1020 2094 1076 hac
2119 1031 2268 1092 parte
2294 1021 2548 1081 Cuidoni.
2580 1024 2696 1081 Non
2743 1027 2875 1082 satis
2918 1028 3159 1085 demiror
3206 1028 3342 1085 tanti
3370 1028 3473 1085 viri
3499 1031 3590 1100 ju-

1994 1113 2219 1170 dicium.
2253 1115 2469 1187 Ergone
2523 1126 2631 1173 tam
2664 1119 2784 1176 leve
2821 1122 3098 1192 negotiqu
3150 1122 3435 1193 agebatur,
3480 1131 3589 1177 tam

1996 1208 2149 1264 nihili
2179 1208 2424 1266 ducenda
2454 1219 2576 1267 erat
2599 1213 2854 1269 catholici
2904 1213 3139 1270 hominis
3167 1217 3327 1280 fama,
3359 1224 3417 1270 ut
3447 1215 3500 1271 iu
3529 1231 3590 1270 re

1993 1317 2114 1373 qua:
2159 1302 2213 1357 in
2262 1303 2481 1375 scriptis
2532 1318 2641 1360 non
2700 1306 3025 1375 constabat,
3076 1307 3351 1364 lidcndum
3411 1308 3592 1379 potius

1994 1404 2140 1452 esset
2172 1394 2285 1463 uni,
2311 1411 2475 1467 quem
2506 1398 2651 1453 unde
2700 1397 2752 1453 id
2784 1403 2947 1455 sciret
2978 1400 3280 1470 nesciebat,
3305 1414 3464 1471 quam
3494 1399 3592 1457 ho-

1993 1488 2115 1542 nori
2160 1488 2500 1544 innocentis?
2546 1487 2816 1546 Cmterum
2862 1491 3085 1547 dubium
3140 1493 3271 1547 mihi
3322 1508 3431 1548 non
3482 1502 3589 1558 est,

1993 1592 2281 1649 perperam
2335 1578 2684 1636 intellexisse
2730 1580 3036 1638 Guidenem
3071 1591 3184 1638 tres
3231 1583 3357 1638 illos
3402 1582 3590 1638 mundi

1993 1678 2172 1726 status
2199 1686 2339 1742 quos
2365 1672 2536 1727 abbas
2574 1682 2796 1730 sanctus
2845 1690 2991 1746 sa‘pc
3036 1676 3089 1729 in
3120 1675 3232 1731 suis
3262 1675 3480 1747 scriptis
3508 1675 3590 1730 iu-

1994 1765 2193 1833 eulcat,
2224 1780 2455 1836 quorum
2487 1766 2695 1836 primus
2724 1768 2793 1823 ab
2817 1767 2991 1825 Adam
3023 1782 3192 1839 usque
3218 1768 3286 1823 ad
3318 1767 3589 1823 Christum

286 1869 422 1907 unus
459 1853 552 1922 qui
587 1861 661 1905 est
700 1853 951 1906 veraciter
990 1852 1156 1905 trinas
1198 1851 1363 1906 Deus.
1407 1851 1472 1905 Et
1511 1861 1628 1922 poSI
1668 1865 1838 1921 pauca
1873 1869 1884 1903 :
1920 1851 1968 1912 B
1996 1856 2331 1923 extenditur,
2379 1857 2655 1914 secundus
2699 1874 2730 1914 a
2759 1859 2985 1915 Christo
3027 1874 3199 1931 usque
3242 1859 3308 1914 ad
3348 1870 3590 1930 tempore

287 1945 644 2014 Conﬁteamur
688 1943 852 1999 Deum
882 1961 1046 1999 unum
1084 1954 1132 2000 et
1171 1961 1369 1999 summe
1407 1960 1601 2009 unum;
1631 1944 1887 2014 conﬁtea-

284 2055 401 2092 ntur
444 2038 638 2092 trinum
674 2048 723 2091 et
768 2038 1016 2093 t'eraciter
1062 2038 1257 2092 trinum
1297 2054 1316 2093 :
1348 2046 1404 2094 et
1433 2037 1605 2093 multa
1639 2038 1693 2092 in
1743 2038 1890 2092 hunc

284 2130 534 2197 modum,
559 2145 681 2201 qua:
712 2139 860 2186 certe
891 2129 1217 2187 catholicam
1247 2130 1553 2186 doctrinam
1582 2133 1887 2197 continent,

285 2210 347 2281 et
369 2240 494 2281 cum
527 2226 607 2280 cis
636 2233 784 2280 stare
814 2224 1023 2295 nequit,
1052 2223 1197 2296 quod
1223 2222 1525 2280 crediderit
1560 2238 1669 2279 non
1711 2222 1889 2291 majo-

288 2335 401 2376 rem
444 2334 567 2375 esse
608 2320 875 2375 unitatem
921 2318 1244 2374 substantia:
1288 2319 1450 2374 trium
1486 2333 1888 2387 personarum,

284 2428 452 2484 quam
496 2412 791 2468 tnultorum
843 2411 1122 2467 hominum
1169 2411 1312 2467 inter
1351 2424 1436 2477 se,
1466 2420 1562 2467 aut
1609 2410 1889 2466 hominum

282 2524 409 2566 cum
432 2509 579 2566 Deo:
609 2507 914 2579 quinimmo
939 2505 1160 2577 quando
1185 2506 1268 2560 his
1289 2503 1737 2566 similitudinibus
1762 2497 1903 2558 usus

283 2601 472 2657 estad
522 2598 903 2671 explicandam
945 2597 1211 2653 unitatem
1255 2594 1563 2663 Trinitatis,
1622 2594 1892 2667 prmmisit

284 2693 540 2762 exempla
571 2706 695 2747 esse
725 2690 1012 2746 dissimilia
1049 2706 1062 2743 :
1099 2690 1390 2758 Quomodo,
1418 2690 1517 2754 ait,
1557 2698 1745 2743 utnon
1782 2703 1889 2741 rem

284 2788 540 2852 similem,
572 2786 661 2840 sed
688 2785 991 2840 dissimilem
1016 2784 1185 2839 dicam
1209 2826 1223 2851 ,
1252 2784 1413 2839 tribus
1442 2782 1587 2838 Judu
1609 2826 1624 2848 ,
1650 2793 1700 2837 et
1727 2782 1891 2838 tribus

287 2877 593 2951 Bmijamin,
635 2887 685 2932 et
724 2877 890 2932 tribus
929 2876 1054 2931 Levi
1090 2893 1225 2931 unus
1262 2877 1491 2949 papulas
1529 2877 1681 2932 dicta:
1716 2887 1837 2932 sunt
1870 2894 1889 2937 :

286 2989 452 3043 neque
478 2972 617 3025 enim
660 2986 776 3025 cum
805 2970 924 3025 diro
966 2987 1099 3024 unus
1129 2969 1394 3043 papulas,
1422 2978 1668 3043 quartum
1693 2970 1892 3039 aliquid

286 3068 495 3137 assigno
510 3082 530 3130 ,°
557 3065 649 3121 sed
672 3065 786 3119 dico
807 3065 945 3134 quod
968 3065 1141 3119 unitas
1167 3074 1242 3119 est
1270 3066 1321 3119 in
1350 3063 1455 3120 illis
1480 3064 1670 3131 tribus,
1691 3066 1895 3135 etquod

287 3176 391 3213 non
420 3159 524 3212 sint
568 3157 762 3222 scissw,
806 3154 886 3211 vel
929 3155 1108 3211 dicistc
1134 3174 1166 3211 α
1214 3157 1370 3210 domo
1402 3152 1591 3219 David,
1633 3155 1891 3227 quomodo

287 3256 506 3327 reliqme
535 3256 709 3309 decem
738 3255 924 3310 tribus.
958 3253 1144 3311 Solum
1178 3252 1344 3324 igitur
1380 3251 1779 3308 exsecrabatur
1802 3266 1888 3305 as-
1921 3228 1969 3293 (ἶ

285 3358 544 3405 serentes
579 3360 776 3420 pm)le
804 3357 916 3406 tres
946 3361 1205 3417 personas
1238 3361 1361 3401 esse
1393 3355 1645 3416 quartum
1676 3344 1891 3416 aliquod

289 3443 578 3515 (nimirum
610 3441 849 3497 divinam
894 3440 1277 3511 substantiam)
1317 3455 1377 3495 re
1407 3440 1523 3512 ipsa
1565 3438 1635 3493 ab
1665 3438 1745 3493 eis
1774 3437 1893 3493 dis-

294 3535 559 3600 tinctam;
593 3533 735 3604 quod
762 3533 944 3589 forsan
974 3532 1186 3602 aliquos
1215 3532 1297 3586 sui
1323 3530 1586 3601 temporis
1615 3529 1898 3601 theologos

291 3642 612 3685 asserentes
642 3629 878 3695 audivit;
918 3643 1044 3682 nam
1082 3626 1159 3680 ait
1191 3644 1204 3678 :
1231 3623 1363 3679 Item
1392 3625 1531 3695 quod
1567 3623 1651 3679 Itis
1681 3624 1897 3696 nequius

294 3734 394 3788 est,
420 3722 595 3777 nescio
619 3722 717 3775 tria
738 3730 929 3796 printer
943 3719 1309 3783 substantiam,
1340 3734 1472 3772 noro
1493 3717 1790 3772 adinrentio
1809 3734 1867 3771 as
1882 3748 1896 3760 ο

290 3816 506 3885 signare
553 3813 903 3885 rrmsumpsit,
951 3812 1003 3866 in
1054 3825 1193 3881 quos
1235 3809 1506 3865 exclamat
1541 3827 1553 3862 :
1596 3807 1640 3863 0
1669 3810 1900 3863 humana

289 3907 585 3970 temeritas,
628 3923 783 3978 quam
821 3921 959 3961 circa
986 3904 1218 3977 semper!
1247 3888 1291 3957 Ο
1322 3903 1534 3957 inimica
1562 3919 1761 3975 semper
1787 3902 1899 3973 pie-

288 4001 395 4053 tati
416 3999 797 4072 praesumptio!
834 3999 978 4056 sisic
1004 3998 1312 4053 existimasti
1343 3998 1629 4069 simplicem
1673 3996 1901 4051 divinam

287 4092 659 4157 substantiam,
708 4101 764 4145 ut
809 4108 1095 4147 seorsuma
1128 4094 1360 4161 personis
1406 4089 1709 4161 cogitaveris
1754 4089 1902 4144 illaut

292 4185 431 4259 (hoc
458 4192 560 4249 est.
590 4184 897 4240 credideris
925 4180 1262 4251 distinctam)
1315 4181 1607 4238 Sabellium
1637 4180 1731 4235 sub
1759 4180 1889 4235 Ario

291 4277 537 4352 palliain
563 4295 580 4332 :
610 4277 656 4331 si
681 4293 909 4331 seorsum
932 4276 1250 4330 asubstantia
1278 4282 1377 4329 tres
1409 4290 1678 4346 personas.
1703 4274 1887 4327 Arium

292 4371 392 4428 sub
455 4369 673 4427 Sabellii
738 4369 1041 4440 palliatione
1109 4384 1343 4423 excusas.
1423 4365 1606 4423 Verba
1671 4364 1789 4421 haec
1847 4365 1901 4421 in

292 4466 520 4522 Petrum
555 4464 919 4521 Lombardum
959 4463 1102 4520 dicta
1150 4464 1536 4535 iudicaverunt
1566 4461 1686 4533 ejus
1727 4476 1900 4517 armu-

293 4560 361 4627 li,
385 4568 578 4630 utpote
602 4559 697 4631 qui
727 4560 844 4629 int,
876 4558 1003 4615 dist.
1049 4558 1105 4629 5,
1139 4558 1339 4613 dixerit
1364 4558 1607 4613 divinam
1652 4558 1906 4614 substan-

1992 1948 2050 2004 S.
2086 1948 2147 2003 P.
2177 1948 2481 2014 Benedicti,
2509 1951 2701 2006 tertius
2724 1951 2792 2005 ab
2814 1967 2881 2007 eo
2904 1967 3072 2023 usque
3103 1954 3171 2008 ad
3191 1953 3352 2009 ﬁnem
3377 1952 3593 2019 mundi;

1986 2050 2048 2097 .et
2077 2041 2130 2097 in
2163 2041 2339 2113 primo
2370 2043 2571 2099 vixisse
2606 2043 2856 2099 homines
2906 2045 3205 2101 secundum
3237 2060 3494 2110 carnem;
3538 2044 3591 2099 in

1992 2135 2236 2189 secundo
2258 2133 2532 2205 partimin
2559 2151 2746 2203 carne,
2778 2136 2976 2208 partim
3007 2140 3058 2193 in
3086 2138 3316 2209 Spiritu;
3346 2139 3397 2194 in
3428 2138 3590 2193 tertio

1993 2228 2292 2285 secundum
2349 2229 2525 2285 solum
2567 2230 2837 2299 Spiritum.
2895 2230 2972 2287 De
3015 2230 3102 2286 bis
3149 2231 3427 2303 prtecipue
3480 2231 3592 2302 agit

1993 2336 2114 2393 cap.
2151 2322 2203 2376 5.
2239 2321 2533 2378 introduct.
2568 2323 2619 2379 in
2666 2323 2918 2394 Apocal.,
2952 2334 3007 2380 et
3038 2339 3103 2381 es
3147 2324 3395 2394 professo
3422 2324 3519 2380 lib.
3550 2339 3588 2379 ιι

1993 2411 2339 2478 (Σοηεοτιιίςιι,
2374 2423 2533 2469 tract.
2562 2414 2613 2481 Ι,
2643 2429 2673 2469 a
2705 2417 2884 2487 capite
2911 2415 2944 2471 5
2965 2425 3019 2471 et
3061 2417 3341 2487 deinceps.
3375 2416 3453 2473 Ex
3481 2431 3590 2488 quo

1995 2503 2184 2560 inlerri
2233 2505 2522 2561 videbatur
2576 2521 2750 2577 usque
2802 2508 2867 2563 ad
2918 2506 2978 2564 S.
3053 2507 3406 2565 Benedictum
3482 2522 3588 2563 non

1994 2596 2196 2653 vixisse
2222 2596 2474 2653 homines
2505 2613 2640 2669 pure
2686 2598 2984 2655 secundum
3031 2581 3313 2671 spiritum;
3359 2599 3515 2670 quasi
3547 2600 3593 2654 is

1995 2687 2207 2760 primus
2240 2689 2539 2760 Spiritualis
2571 2689 2942 2761 intelligentia)
2990 2691 3270 2763 Evangelii
3323 2691 3591 2762 prmdica-

1996 2791 2084 2837 tor
2111 2782 2296 2847 fuerit,
2323 2793 2379 2838 et
2403 2800 2507 2838 non
2531 2785 2785 2855 apostoli.
2818 2788 2887 2839 At
2916 2800 3047 2841 vero
3091 2787 3137 2840 si
3181 2794 3431 2841 auctores
3455 2801 3595 2856 prte-

1995 2876 2091 2933 l‘ati
2124 2887 2331 2933 attente
2379 2878 2624 2948 legerent
2651 2878 2917 2934 Joachimi
2956 2879 3179 2951 scripta,
3213 2895 3321 2935 non
3373 2877 3597 2935 incidis-

1993 2979 2118 3026 sent
2155 2972 2207 3025 in
2240 2978 2349 3026 tam
2382 2970 2725 3028 manifestam
2762 2972 3116 3043 ignorantiam
3146 2991 3159 3027 :
3191 2973 3350 3043 longe
3371 2982 3422 3029 et
3446 2972 3591 3028 enim

1994 3062 2141 3119 aliud
2185 3064 2439 3132 intendit,
2485 3076 2539 3122 ut
2573 3066 2692 3138 ipse
2737 3082 2797 3123 se
2822 3068 3083 3139 explicat,
3129 3076 3241 3123 tum
3271 3067 3424 3134 alibi,
3471 3077 3588 3123 tum

1994 3156 2273 3228 pra‘cipue
2302 3157 2398 3212 lib.
2432 3173 2484 3214 tv
2513 3156 2784 3215 Concord.
2819 3175 2942 3232 cap.
2968 3161 3021 3227 5,
3055 3162 3311 3216 nimirum
3339 3161 3394 3215 in
3423 3161 3595 3233 primo

1999 3258 2140 3303 statu
2169 3252 2491 3321 prwcessisse
2538 3251 2709 3307 solum
2754 3255 3129 3326 signiﬁcantia,
3155 3255 3280 3327 quia
3312 3255 3493 3310 omnia
3540 3255 3595 3310 in

2002 3344 2172 3413 ligura
2200 3342 2507 3399 futurorum
2535 3346 2925 3416 contingebant
2969 3347 3076 3403 illis
3107 3364 3119 3402 :
3149 3348 3202 3403 in
3228 3348 3455 3403 secundo
3479 3364 3598 3401 suc-

2000 3436 2190 3489 cessive
2212 3435 2585 3509 signiﬁcantia,
2618 3447 2666 3491 et
2697 3439 2989 3511 signiﬁcata
3022 3457 3040 3495 :
3069 3455 3191 3510 qua:
3217 3441 3363 3496 enim
3394 3439 3597 3509 scripta
3624 3491 3646 3514 ,

2001 3537 2129 3582 sunt
2175 3530 2227 3582 in
2275 3543 2417 3587 novo
2447 3528 2825 3597 Testamento,
2878 3530 3181 3603 signiﬁcata
3229 3541 3355 3587 sunt
3383 3547 3481 3603 per
3509 3546 3600 3588 res

2000 3620 2237 3693 prioris;
2293 3622 2780 3695 signiﬁcarttntque
2835 3625 2940 3681 alia
2997 3625 3257 3695 deinceps
3314 3626 3492 3681 futura
3542 3627 3596 3681 in

2002 3730 2168 3771 sensu
2191 3715 2459 3787 spirituali
2478 3733 2506 3788 ,ε
2536 3717 2593 3771 in
2616 3718 2772 3773 tertio
2796 3719 3030 3788 denique
3060 3720 3248 3773 amotis
3292 3720 3599 3790 signiﬁcan-

2003 3807 2141 3861 tibus
2168 3815 2345 3862 secuta
2368 3823 2477 3861 esse
2503 3810 2854 3863 tantummodo
2886 3810 3185 3880 signiﬁcata
3216 3825 3236 3865 :
3266 3810 3397 3864 nihil
3427 3810 3598 3881 siqui-

2002 3899 2128 3955 dem
2158 3914 2346 3954 eorum
2372 3915 2493 3971 qua:
2523 3910 2648 3956 tunc
2670 3901 2949 3971 accidunt,
2975 3902 3061 3958 vel
3084 3898 3356 3969 accident,
3385 3903 3598 3959 desumi

2003 4001 2187 4063 potest
2215 4002 2485 4063 tamquam
2536 3993 2705 4062 ligura
2737 3993 2967 4065 alicujus
2998 3994 3079 4050 rei
3128 3996 3343 4050 futuras.
3375 3995 3441 4050 Et
3492 3994 3598 4050 hoc

2005 4085 2248 4140 innuitur
2273 4100 2398 4141 cum
2425 4084 2649 4152 dicitur,
2671 4086 2735 4161 in
2764 4088 2939 4156 primo
2969 4096 3143 4142 totum
3171 4102 3300 4144 esse
3348 4102 3594 4155 carnem,

2006 4178 2059 4236 id
2116 4189 2221 4246 est,
2264 4179 2512 4251 ﬁguram,
2562 4194 2657 4236 seu
2712 4181 2961 4252 spiritum
3030 4180 3334 4237 futurorum
3367 4184 3457 4238 :in
3491 4190 3601 4238 ter-

2009 4274 2085 4330 tio
2128 4273 2263 4329 nihil
2317 4287 2440 4329 esse
2480 4272 2624 4344 quod
2669 4274 2838 4344 ligura
2878 4274 2970 4342 sit,
3018 4274 3113 4330 sed
3154 4274 3334 4329 omnia
3384 4289 3507 4330 esse
3537 4276 3601 4329 li-

2005 4376 2220 4439 gurata,
2264 4366 2419 4440 quasi
2469 4368 2722 4440 spiritum
2773 4369 3211 4440 prteteritorum;
3248 4385 3370 4426 cum
3419 4378 3601 4426 tamen

2008 4461 2063 4517 in
2094 4459 2335 4516 secundo
2364 4470 2653 4531 utrumque
2696 4463 2857 4517 simul
2887 4462 3194 4533 reperiatur
3230 4470 3450 4533 propter
3475 4463 3603 4517 novi

2009 4552 2346 4611 TeStamenti
2375 4554 2783 4622 excellentiam,
2820 4554 2963 4626 quod
2987 4553 3055 4610 ad
3080 4555 3254 4625 ipsum
3282 4564 3513 4625 Spectat,
3546 4555 3603 4610 in

296 4655 431 4708 tiam
468 4668 646 4724 neque
677 4653 914 4724 genitam
942 4667 1089 4718 esse,
1139 4666 1317 4722 neque
1346 4651 1766 4722 procedentem,
1798 4665 1897 4706 ne-
1928 4621 1983 4683 Β
2008 4664 2115 4723 quo
2138 4661 2193 4707 et
2214 4650 2465 4723 spiritum
2496 4651 2921 4722 praeteritorum,
2949 4659 3006 4708 et
3033 4652 3258 4724 figuram
3292 4652 3604 4707 futurorum

296 4763 410 4820 que
470 4756 859 4815 generantem;
898 4744 1217 4802 Joncltimus
1278 4756 1458 4801 tamen
1514 4760 1637 4801 cum
1679 4746 1903 4817 proprio

297 4841 523 4895 nomine
552 4855 660 4894 non
683 4839 981 4910 expressit;
1007 4836 1152 4911 quod
1176 4835 1220 4891 si
1252 4836 1477 4892 forsitan
1503 4837 1556 4891 in
1576 4853 1696 4893 eum
1724 4838 1903 4893 invec-

300 4945 391 4989 tus
421 4944 530 5000 est,
564 4934 617 4989 in
665 4949 789 4989 eum
838 4946 1062 4987 sensum
1110 4930 1275 4987 verba
1317 4929 1434 5001 ejus
1480 4930 1714 4999 accepit,
1748 4930 1901 5001 quasi

300 5026 542 5081 voluerit
572 5024 932 5080 substantiam
956 5023 1193 5077 divinam
1225 5037 1331 5075 non
1351 5035 1477 5076 esse
1499 5034 1619 5076 eam
1642 5034 1755 5074 rem
1784 5035 1904 5091 qua:

297 5128 385 5173 est
414 5118 621 5189 genita,
654 5126 746 5171 aut
772 5129 1065 5187 generous,
1094 5122 1187 5168 aut
1214 5112 1543 5184 procedens;
1576 5112 1720 5182 quod
1751 5127 1903 5168 erro-

302 5226 473 5267 ncum
504 5218 651 5265 esset
678 5223 972 5264 asserere:
1006 5222 1129 5261 cum
1159 5214 1338 5260 tamen
1371 5205 1424 5259 in
1468 5218 1635 5260 sensu
1685 5203 1902 5259 formali

300 5307 470 5363 verba
516 5305 766 5377 magistri
795 5303 1109 5373 accipienda
1143 5303 1272 5358 sint.
1308 5300 1417 5358 Sed
1444 5300 1513 5356 de
1546 5300 1630 5356 his
1670 5302 1901 5357 aliorum

301 5408 426 5454 esto
471 5398 762 5470 judicium,
815 5395 947 5453 mihi
991 5402 1079 5451 sat
1126 5395 1199 5450 sit
1247 5394 1603 5449 intentionem
1636 5393 1900 5451 Joachimi

304 5506 497 5546 sanam
528 5490 718 5557 fuisse,
752 5500 805 5546 ct
833 5503 1002 5559 super
1028 5486 1130 5544 hac
1158 5493 1430 5543 suammet
1468 5484 1817 5542 alllictiouem
1849 5496 1906 5543 et

306 5583 718 5640 damnationem
748 5580 1099 5655 prtedixisse.

384 5679 564 5749 Atque
592 5678 709 5733 hmc
738 5677 793 5733 in
834 5677 1060 5749 gratiam
1091 5672 1305 5731 Baronii
1350 5673 1493 5730 dicta
1522 5673 1653 5744 sint,
1686 5674 1909 5731 adducti

311 5786 341 5824 a
375 5770 654 5827 Pennotto
681 5773 734 5827 in
762 5771 1274 5827 condemnationem
1306 5768 1599 5825 Joachimi.
1628 5770 1733 5827 Sed
1779 5785 1910 5826 vero

316 5862 632 5934 Alphou‘us
664 5864 946 5920 deCasrro
974 5864 1165 5920 ductus
1212 5862 1452 5931 alioquin
1484 5862 1585 5928 vir,
1620 5861 1909 5919 manifeste

2006 4744 2249 4816 reperire
2295 4743 2444 4799 licet.
2474 4743 2630 4812 Quod
2657 4744 2700 4799 si
2733 4742 2801 4801 de
2828 4758 2896 4800 eo
2926 4745 3239 4811 admiraris,
3269 4742 3415 4816 quod
3459 4741 3608 4799 tertii

2005 4845 2180 4893 status
2233 4837 2446 4892 initium
2504 4837 2685 4908 potius
2734 4852 2764 4891 a
2816 4846 3007 4892 sancto
3066 4836 3379 4904 Benedicto,
3440 4852 3604 4907 quam

2007 4931 2076 4986 ab
2149 4928 2270 4987 aliis
2341 4929 2543 4985 sanctis
2614 4929 2738 4985 novi
2812 4928 3144 4985 Tesmmcnti
3209 4931 3471 5001 accipiat,
3551 4930 3605 4984 in

2010 5032 2262 5094 promptu
2311 5031 2431 5088 est,
2481 5022 2625 5096 quod
2674 5020 2771 5078 tibi
2821 5022 3178 5094 respondeam
3242 5039 3309 5080 ex
3358 5024 3603 5079 doctrina

2012 5116 2308 5183 Concord.,
2368 5116 2511 5171 libro
2581 5132 2649 5184 ιι,
2723 5126 2952 5173 tractatu
3012 5119 3077 5185 1,
3137 5132 3257 5187 cap.
3316 5117 3384 5171 14
3433 5132 3653 5199 usque.

2011 5213 2079 5269 ad
2111 5214 2200 5280 18,
2235 5223 2345 5269 tres
2392 5212 2519 5269 illos
2546 5222 2720 5269 status
2749 5229 2854 5270 non
2903 5214 3072 5287 gratis
3115 5213 3475 5278 diridcndos,
3508 5213 3604 5268 sed

2011 5323 2184 5380 penes
2207 5306 2462 5365 eumdem
2494 5323 2780 5364 numerum
2805 5310 3220 5378 generationum
3247 5327 3261 5376 ;
3308 5325 3414 5365 non
3447 5308 3609 5364 aliter

2011 5410 2176 5473 atque
2204 5399 2345 5471 apud
2378 5399 2717 5469 blattlneum,
2740 5416 2861 5473 cap.
2895 5419 2933 5469 ι,
2990 5410 3163 5457 status
3192 5402 3281 5456 ille
3330 5402 3606 5457 hominum

2014 5495 2085 5552 ab
2113 5493 2386 5551 Abraham
2414 5508 2584 5562 usque
2604 5493 2671 5549 ad
2698 5492 2972 5549 Christum
2998 5495 3171 5549 tribus
3195 5492 3605 5563 generationmn

2015 5588 2472 5648 tcssaradccadis.
2513 5588 2619 5642 hoc.
2664 5596 2747 5643 est
2778 5586 2848 5643 42
2879 5596 3121 5656 generat.
3178 5584 3559 5656 complectitur
3593 5601 3606 5639 :

2014 5682 2161 5752 quod
2193 5681 2409 5753 quidem
2438 5695 2506 5737 eo
2532 5679 2638 5736 loci
2666 5680 2902 5751 qualiter
2944 5677 3472 5734 aceommodandmn
3515 5677 3608 5742 sit,

2016 5773 2333 5830 .loaohimus
2364 5773 2473 5828 late
2505 5773 2755 5844 exponit.
2787 5771 3123 5842 Quamquam
3154 5779 3211 5827 et
3253 5772 3305 5826 in
3330 5787 3397 5827 eo
3425 5770 3612 5825 verili-

2016 5866 2126 5920 cari
2150 5875 2312 5937 queat
2344 5864 2640 5936 Spiritualis
2665 5865 2772 5918 vita
2804 5862 2948 5918 tertii
2972 5873 3173 5932 status,
3203 5862 3348 5936 quod
3380 5878 3407 5917 a
3435 5862 3494 5919 S.
3523 5863 3597 5918 De
