4062 6340
526 341 634 400 627

1435 341 1730 401 FLAVIUS
1765 340 2020 402 LUCIUS
2057 341 2345 402 DEXTER
2384 339 2917 405 CllRONOLOGUS.

3734 347 3835 406 628

535 461 756 543 nedicto
789 460 961 516 multo
991 461 1166 532 magis
1187 474 1350 534 quam
1371 461 1524 533 prius
1554 461 1808 516 examina
1831 460 2130 516 monacbo-
2158 479 2208 538 Α
2238 459 2335 518 sed
2363 461 2773 518 abbreviatione
2796 460 3065 534 quadam:
3092 459 3341 519 Murillus
3362 459 3638 533 integrum
3659 476 3838 518 exem-

535 574 681 623 rum,
707 557 850 627 apud
875 573 1015 628 quos
1061 556 1364 627 spiritualis
1398 556 1505 612 vita
1539 555 1718 611 locum
1758 571 1914 612 suum
1947 555 2132 623 habet,

540 651 895 720 multiplicari
925 666 1170 720 carpere.

611 744 746 809 Qua:
783 760 902 798 cum
939 745 1010 798 ita
1038 742 1149 796 sint
1174 783 1190 807 ,
1224 742 1362 797 nihil
1393 751 1477 798 est
1515 740 1663 812 quod
1691 741 2007 798 .loachimus
2043 740 2140 796 dc-

539 847 815 893 mercatur
841 849 901 892 ut
939 837 1143 893 erroris
1186 837 1389 908 passim
1421 836 1772 893 insimuletur
1805 853 1819 891 :
1853 845 1948 892 aut
1975 837 2025 892 ei
2053 852 2142 891 re-

539 934 786 990 verentia
817 942 1009 987 sancto
1033 930 1150 986 viro
1177 932 1358 986 debila
1379 946 1489 986 non
1509 932 1863 997 exhibeatur,
1897 928 2142 1000 quando-

543 1027 763 1098 quidem
818 1025 1166 1080 sanctitatem
1207 1024 1335 1080 vitae
1387 1024 1601 1096 ipsius,
1661 1023 1803 1080 Deus
1860 1022 2147 1083 humilium

542 1130 944 1187 remuneratur,
979 1120 1282 1174 innumeris
1307 1133 1476 1190 prope
1508 1117 1787 1175 miraculis
1809 1115 2139 1190 propalavit,

541 1231 664 1286 qua:
705 1214 856 1284 justo
910 1211 1186 1267 volumine
1229 1211 1522 1283 descripsit
1571 1212 1832 1268 venerab.
1877 1209 2145 1280 archiepi-

543 1323 742 1378 sc0pus
774 1307 1106 1362 Cosentiuus
1148 1305 1324 1361 Lucas
1366 1304 1610 1376 ejusdem
1661 1303 1932 1362 Joachimi
1979 1303 2146 1360 disci«

543 1403 704 1474 pulus
732 1449 746 1472 ,
777 1412 832 1458 et
862 1417 930 1458 ex
959 1416 1027 1457 eo
1066 1400 1304 1457 Iacobus
1339 1398 1565 1456 Grazcus
1589 1441 1604 1464 ,
1639 1399 1791 1470 prior
1822 1397 2102 1453 Fiorensis
2126 1440 2143 1466 ,

541 1496 682 1552 libro
713 1495 781 1551 de
813 1493 914 1549 hac
956 1509 1018 1551 re
1059 1494 1210 1550 edito
1235 1534 1250 1561 ,
1295 1492 1391 1564 qui
1420 1492 1473 1547 in
1501 1491 1726 1547 archiva
1753 1489 2002 1561 ejusdem
2028 1501 2142 1544 cos-

541 1590 696 1647 nobii
742 1599 1081 1656 asservatur,
1121 1596 1176 1644 et
1207 1588 1376 1659 ipsius
1404 1585 1686 1656 exemplar
1710 1583 1765 1640 in
1809 1582 2146 1640 Bibliotheca

547 1682 816 1738 Aniciana
843 1681 1055 1752 collegii
1086 1679 1410 1752 Gregoriani
1455 1677 1524 1734 de
1562 1677 1720 1732 urbe.
1752 1675 1946 1731 Videat
1986 1673 2152 1746 igitur

548 1787 736 1832 noster
763 1775 1040 1830 PcnnOtus
1067 1783 1303 1845 quantus
1331 1769 1581 1843 qualilice
1621 1767 1785 1824 fuerit
1815 1767 1865 1823 is
1891 1781 2052 1838 quem
2081 1766 2151 1821 ab

2240 555 2359 628 plar
2383 567 2574 612 nactus
2604 565 2687 611 est
2715 557 2782 611 ah
2811 557 2930 626 ipso
2958 554 3016 612 P.
3047 555 3306 628 lliguera,
3336 555 3484 628 quod
3509 567 3694 613 tamen
3722 573 3840 612 cor-

2243 662 2404 722 rupto
2451 649 2742 706 admodum
2785 650 3214 721 Ca-Saraugustm
3245 653 3577 720 impressum
3619 652 3759 718 fuit,
3789 663 3843 708 et

2245 745 2450 802 idcirco
2479 747 2722 814 oportuit
2752 746 2884 802 illud
2916 746 2981 802 ad
3029 748 3134 802 alia
3173 748 3502 820 applicatum
3544 748 3839 818 corrigere,

2245 839 2322 896 uti
2353 857 2454 912 ego
2492 840 2595 896 feci
2634 841 2927 898 conferens
2959 841 3134 912 ipsum
3173 859 3296 898 cum
3341 844 3641 916 exemplari
3669 844 3841 900 'l‘olcti

2243 932 2547 990 exsistente
2572 933 2626 990 in
2665 933 2999 991 bibliotheca
3039 934 3257 990 comitis
3291 935 3360 991 de
3389 935 3561 1002 Mora,
3591 951 3761 1006 opera
3784 935 3840 992 P.

2247 1027 2499 1100 lligucrzc
2522 1028 2590 1084 ad
2620 1027 2782 1084 fidem
2823 1030 2906 1084 sui
2938 1039 3270 1096 correctum,
3308 1040 3360 1085 et
3390 1030 3802 1086 collationatum
3827 1051 3841 1096 ;

2248 1131 2303 1176 et
2329 1119 2477 1175 aliud
2500 1121 2644 1192 quod
2671 1131 2852 1178 exstat
2874 1121 2926 1177 in
2955 1121 3289 1179 bibliotheca
3306 1122 3455 1193 regia
3480 1122 3541 1180 S.
3571 1122 3845 1179 Laurentii

2247 1209 2304 1268 in
2354 1211 2628 1268 Excuriali
2653 1257 2668 1281 ,
2701 1221 2868 1284 atque
2916 1213 3042 1270 huic
3084 1215 3168 1271 sic
3203 1226 3456 1271 correcto
3480 1257 3497 1284 ,
3529 1215 3676 1286 quod
3711 1230 3847 1270 nunc

2247 1304 2496 1376 profero,
2525 1305 2791 1378 integram
2824 1307 2986 1362 fidem
3007 1305 3372 1363 adhibendam
3406 1307 3513 1362 late
3539 1305 3766 1378 probavi
3797 1307 3846 1362 in

2249 1395 2508 1456 Cbronici
2536 1398 2853 1456 defensione
2879 1399 3256 1471 praeliminari.
3285 1400 3440 1469 Quod
3470 1416 3499 1455 a
3532 1399 3848 1470 Magdebur—

2252 1493 2513 1565 gensibus
2535 1493 2780 1548 vitiatum
2830 1494 3121 1558 asseritur,
3150 1493 3294 1549 haud
3344 1493 3480 1550 mihi
3525 1493 3688 1549 facile
3737 1509 3849 1564 pcr-

2251 1585 2480 1654 suadeo,
2514 1602 2636 1642 cum
2665 1586 2804 1642 nihil
2833 1587 2978 1658 quod
3001 1586 3251 1643 hmresim
3283 1587 3482 1658 sapiat,
3511 1597 3604 1642 aut
3633 1601 3848 1642 errores

2253 1693 2386 1737 suos
2404 1698 2621 1752 quoquo
2640 1683 2803 1737 modo
2825 1683 3018 1751 juvarc
3039 1691 3225 1752 queat,
3252 1681 3305 1736 in
3337 1691 3453 1736 toto
3481 1679 3669 1736 codice
3698 1693 3847 1750 repe-

2254 1775 2449 1841 riatur,
2481 1775 2586 1830 nisi
2617 1775 2740 1846 quis
2771 1774 2902 1830 velit
2929 1773 3190 1846 quasdam
3223 1773 3676 1843 trauseriptiones
3704 1813 3720 1837 ,
3759 1787 3849 1827 seu

547 1870 735 1925 inferis
761 1878 1190 1926 resurrecturum
1223 1875 1441 1937 sperat;
1489 1873 1546 1922 et
1573 1877 1736 1936 quam
1775 1862 1915 1919 belle
1945 1877 2146 1918 nomen
2177 1885 2226 1945 Β
2254 1868 2419 1925 etiam
2451 1868 2842 1939 replicationes
2877 1865 3273 1923 sententiarum
3301 1911 3315 1934 ,
3351 1881 3488 1938 quas
3519 1866 3571 1920 iu
3603 1879 3673 1920 eo
3702 1879 3851 1934 repe-

551 1963 772 2020 Goliath
803 1963 1008 2018 sanctis
1038 1960 1171 2016 viris
1195 1961 1528 2030 imponatur.

560 2102 590 2173 §
631 2100 744 2157 Vll.
793 2101 1020 2174 Objectis
1047 2118 1077 2154 a
1101 2099 1366 2174 Pennello
1401 2106 1584 2174 contra
1627 2095 1807 2152 Dextri
1850 2102 1899 2150 et
1928 2090 2153 2148 Maximi

1087 2172 1342 2226 Chronica
1372 2173 1430 2240 ﬁt
1462 2171 1610 2225 satis.

627 2291 760 2347 Cum
793 2305 924 2360 ergo
951 2303 1090 2362 opus
1120 2304 1278 2343 suum
1311 2287 1492 2343 videat
1517 2285 1584 2341 R.
1618 2286 1682 2342 P.
1713 2285 2016 2340 Pennottus
2039 2281 2153 2337 cis-

559 2384 682 2439 dem
726 2383 962 2439 vinculis
1008 2381 1211 2437 irretiri
1239 2421 1255 2448 ,
1297 2381 1494 2451 quibus
1545 2377 1858 2432 Cbronicon
1909 2384 2154 2429 nostrum

558 2477 767 2532 vincire
789 2477 924 2542 vult,
955 2475 1226 2546 reliquum
1249 2473 1373 2542 erit,
1399 2480 1458 2527 ut
1481 2471 1668 2542 mitius
1692 2469 1950 2539 deinceps
1972 2467 2158 2524 nobis-

560 2585 684 2626 cum
717 2577 876 2639 agat;
907 2578 960 2624 et
987 2567 1175 2624 credat
1203 2566 1424 2638 proprio
1448 2563 1676 2620 edoctus
1719 2561 1966 2633 periculo
2011 2559 2156 2614 haud

560 2663 786 2719 difﬁcile
811 2666 863 2718 in
892 2662 1140 2734 quemvis
1172 2676 1332 2732 posse
1355 2659 1552 2716 librum
1579 2665 1896 2730 argumenta
1924 2654 2157 2725 jactari;

564 2756 911 2826 tatnctsijure
933 2771 998 2811 ne
1028 2771 1094 2810 an
1120 2754 1316 2826 injuria
1350 2754 1402 2809 id
1435 2755 1546 2820 liat,
1568 2752 1836 2807 lectorum
1865 2748 2073 2818 judicio
2089 2748 2161 2803 sit

562 2849 1162 2923 relinquendum.Nunc
1181 2864 1310 2904 vero
1332 2847 1397 2905 ad
1422 2847 1764 2918 objectiones
1789 2861 1917 2901 suas
1937 2857 2162 2914 respon-

567 2947 754 3002 siones
779 2957 995 3001 nostras
1018 2943 1284 3000 adbibere
1318 2942 1658 3006 curabimus,
1683 2954 1794 3012 quo
1810 2939 2162 2994 videautom-

567 3053 662 3092 nes
678 3037 810 3092 nihil
827 3053 1014 3092 eorum
1030 3035 1411 3092 auctoritatem
1427 3033 1678 3089 Chronici
1697 3046 1961 3089 enervare
1975 3044 2160 3101 posse.

642 3129 700 3184 In
725 3130 914 3201 primis
946 3129 1204 3201 quidquid
1229 3128 1296 3184 dc
1315 3128 1752 3194 conservatione,
1770 3134 1826 3182 et
1847 3124 2165 3180 inventione

572 3223 746 3294 ipsius
797 3223 1060 3280 hactenus
1091 3240 1118 3277 a
1153 3222 1387 3280 diversis
1432 3222 1633 3279 dictqu
1677 3229 1802 3286 est,
1847 3235 1918 3276 ex
1968 3219 2164 3275 eodem

569 3316 840 3387 principio
865 3317 1124 3381 nascitur,
1155 3315 1537 3386 discrepat-unt
1558 3313 1828 3384 siquidem
1852 3312 1999 3368 inter
2021 3327 2081 3366 se
2101 3326 2160 3366 ex

2271 3275 2570 3344 existimat)

2280 3363 2400 3387 ,ιε-ε.
2479 3381 2566 3387 ___

569 3411 832 3480 Opinione
855 3409 1026 3478 vulgi,
1059 3424 1180 3480 qua:
1211 3422 1312 3478 pro
1335 3408 1654 3463 diversitate
1681 3406 1928 3462 locorum
1955 3404 2169 3459 diversa

481 3495 488 3504 ’
573 3519 698 3558 δέξο
727 3502 892 3569 solet,
927 3519 1034 3556 non
1063 3517 1127 3557 ex
1159 3517 1285 3556 vera
1316 3501 1530 3568 notitia,
1562 3515 1725 3571 quam
1755 3497 1860 3570 ipsi
1884 3497 2168 3554 haberent.

575 3595 728 3664 Quod
754 3595 880 3650 dico
907 3605 1133 3666 propter
1157 3594 1215 3649 P.
1239 3593 1504 3648 Joannem
1525 3591 1817 3660 Caldcrou,
1847 3589 1939 3661 qui
1967 3603 2032 3646 ea
2051 3605 2171 3658 qua:

575 3688 644 3741 de
678 3685 947 3741 Chronico
980 3695 1201 3756 reperto
1243 3685 1312 3740 ab
1355 3683 1772 3754 archiepisc0po
1815 3680 2171 3737 Braccarensi

575 3781 836 3850 scripsit,
866 3796 933 3834 ex
965 3780 1226 3850 Opinione
1259 3779 1398 3850 vulgi
1427 3777 1640 3848 posuit,
1671 3793 1779 3834 non
1808 3792 1875 3832 ex
1909 3777 2174 3832 relatione

578 3873 638 3927 P.
676 3871 996 3945 Hieronymi
1037 3873 1103 3927 dc
1131 3873 1176 3927 la
1213 3872 1446 3943 liiguera
1476 3885 1570 3927 aut
1599 3873 1661 3928 P.
1696 3873 1923 3928 Thema:
1943 3872 2010 3929 de
2040 3872 2175 3927 Tor-

578 3966 726 4021 ralba
751 4011 765 4035 ,
807 3967 1003 4036 quibus
1034 3966 1279 4021 inventio
1324 3953 1579 4023 debetur.
1613 3965 1801 4037 Neque
1846 3965 1973 4020 huic
2002 3980 2175 4035 oppu-

576 4059 720 4114 nitur
739 4058 883 4129 quod
911 4057 1404 4131 diciturrcpertum
1424 4059 1575 4130 prius
1597 4059 1804 4115 esseab
1831 4057 2169 4126 Euthrando,

577 4160 633 4206 et
680 4150 972 4220 aliquando
1002 4151 1276 4222 quoddam
1309 4152 1426 4221 ejus
1457 4151 1765 4223 exemplum
1803 4151 1945 4223 apud
1979 4151 2171 4208 Sislam

578 4244 749 4298 fUlSSO
779 4260 791 4297 :
827 4253 1118 4316 utrumque
1145 4245 1418 4316 siquidem
1451 4260 1641 4299 verum
1673 4259 1794 4301 esse
1821 4245 2174 4316 probavimus

575 4338 630 4393 in
685 4338 850 4406 priori
899 4347 1049 4407 parte
1105 4345 1306 4392 nostra:
1355 4337 1730 4408 prmfationis,
1784 4353 1893 4407 quo
1943 4336 2174 4392 lectores

580 4429 838 4486 amando.
877 4429 1249 4501 Discrepantia
1289 4430 1538 4486 codicum
1582 4431 1710 4486 inde
1751 4443 1930 4485 ortum
1963 4430 2172 4496 habuit,

575 4523 718 4593 quod
735 4522 796 4578 P.
824 4523 1053 4594 lliguera
1072 4540 1194 4580 cum
1209 4527 1619 4593 requireretura
1634 4524 1837 4592 multis,
1852 4536 1906 4580 et
1921 4525 2175 4595 nequiret

578 4621 788 4678 cunctis
826 4621 1094 4692 integrum
1123 4618 1475 4687 Chronicon,
1505 4619 1650 4691 quod
1687 4618 1866 4674 adhue
1909 4631 2170 4675 excusum

575 4733 681 4774 non
707 4726 870 4784 erat,
919 4717 1366 4783 communicare,
1417 4714 1662 4771 diversas
1711 4728 1811 4786 pro
1857 4711 2172 4769 diversitate

578 4809 896 4880 petitionum
931 4809 1206 4865 clausulas
1243 4824 1339 4865 seu
1372 4807 1814 4866 abbreviationes
1853 4806 2167 4876 exscripsit.

578 4903 671 4958 Sic
701 4903 959 4973 episcopo
987 4903 1252 4971 Tudensi,
1285 4911 1473 4974 utpote
1503 4901 1876 4970 Bcnedictino,
1904 4915 1968 4958 ea
1993 4901 2168 4956 solum

575 4995 749 5059 misit,
783 5012 901 5064 qua:
933 4995 999 5050 ad
1029 4996 1279 5053 ordinem
1307 4996 1364 5052 S.
1400 4995 1461 5051 P.
1496 4994 1802 5061 Benedicti,
1831 5002 1923 5049 aut
1951 5003 2171 5049 sanctos

575 5087 924 5158 episcOpatus
960 5087 1228 5143 Tudensis
1274 5087 1550 5159 pertinere
1576 5087 1924 5155 videbantur,
1964 5095 2023 5140 ut
2055 5085 2170 5158 ipse

573 5177 912 5236 Prudentius
943 5181 1011 5236 de
1041 5179 1314 5236 Sandoval
1342 5179 1580 5236 affirmat
1619 5180 1672 5236 in
1704 5179 1800 5236 lib.
1829 5179 1898 5235 de
1930 5177 2169 5235 Ecclesia

575 5272 837 5328 Tudcnsi.
872 5273 961 5330 Sic
985 5274 1357 5330 illustrissimo
1383 5274 1795 5346 archiepiscopo
1817 5273 2170 5330 Braccarensi

574 5367 919 5438 professione
948 5367 1344 5440 Augustiniano
1367 5407 1384 5434 ,
1414 5381 1504 5442 res
1541 5367 1625 5424 sui
1661 5364 2171 5436 archiepiscopatus

575 5469 632 5517 et
659 5461 866 5517 ordinis
895 5461 1220 5527 transmisit,
1251 5459 1394 5532 quod
1423 5460 1656 5515 affirmat
1677 5459 1910 5516 Losada.
1935 5458 2028 5516 Sic
2050 5457 2172 5514 aliis

573 5554 759 5610 multis
806 5570 905 5626 pro
949 5554 1268 5610 diversitate
1317 5553 1719 5624 provinciarum
1761 5551 2054 5617 satisfecit;
2103 5567 2170 5607 ex

572 5649 767 5720 quibus
789 5648 1294 5704 abbreviatiouihus
1317 5647 1464 5702 varia
1486 5645 1730 5716 exempla
1757 5645 1896 5701 facta
1921 5645 2166 5700 fuerunt:

574 5743 718 5798 haud
744 5743 968 5798 dubium
988 5742 1142 5799 novis
1166 5758 1382 5814 semper
1399 5743 1601 5797 erratis
1631 5755 1670 5795 si
1691 5739 1919 5809 atctttia,
1937 5754 2165 5810 quonim

573 5839 805 5893 alterum
859 5840 1047 5908 procul
1099 5837 1264 5894 dubio
1319 5837 1420 5893 fuit
1467 5833 1708 5907 cpi~cupi
1757 5833 2163 5905 Segorbiensis.

569 5932 644 5989 Μ.
675 5933 912 5991 Joannes
939 5933 1191 6003 Marquez
1218 5945 1326 5992 non
1353 5932 1569 6004 integro
1595 5927 1867 6005 Chronico
1896 5943 2028 5989 usus
2053 5939 2160 6000 est,

2257 1960 2355 2016 riri
2386 1961 2498 2016 suis
2527 1961 2662 2017 locis
2701 1959 3040 2016 ostendimus
3063 2003 3079 2026 ,
3109 1959 3379 2015 limreticis
3423 1958 3529 2012 illis
3579 1956 3848 2022 tribuere,

2259 2054 2334 2108 uti
2365 2052 2427 2109 P.
2460 2053 2692 2125 liiguera
2724 2052 3055 2110 existimavit
3081 2093 3097 2118 ,
3139 2068 3204 2108 eo
3235 2062 3413 2106 motus
3443 2049 3589 2118 quod
3618 2049 3784 2105 sciret
3825 2065 3852 2104 a

2260 2144 2818 2216 Magdcburgensihus
2867 2146 3034 2201 libros
3090 2155 3142 2200 et
3191 2143 3550 2200 bibliothecas
3592 2141 3850 2207 vitiatus;

2259 2238 2358 2295 sed
2407 2238 2462 2293 id
2516 2238 2718 2294 Dextro
2759 2253 2975 2310 quoque
3021 2247 3172 2293 certo
3221 2235 3516 2307 contigisse
3559 2234 3852 2289 nesciebat.

2259 2331 2423 2390 Certe
2451 2333 2497 2390 si
2519 2333 2976 2406 corrumpendum
3007 2333 3074 2389 ab
3099 2331 3368 2389 hmrelicis
3390 2339 3505 2386 erat
3527 2327 3854 2395 Chronicon,

2262 2428 2500 2485 haereses
2532 2429 2749 2485 illorum
2785 2444 2893 2485 non
2924 2428 3212 2500 effugeret.

2336 2525 2468 2592 Qua:
2501 2524 2552 2580 in
2583 2524 2867 2594 epistolam
2915 2521 3306 2578 dedicatoriam
3344 2519 3528 2576 Dextri
3561 2518 3860 2575 Pennottus

2264 2617 2472 2688 objicit,
2507 2617 2585 2672 bis
2613 2635 2638 2670 a
2671 2616 2830 2672 nobis
2858 2616 3038 2672 soluta
3063 2626 3211 2685 sunt,
3241 2615 3496 2670 nimirum
3530 2613 3581 2668 in
3609 2613 3696 2683 §2
3726 2615 3862 2683 Apo-

2264 2709 2425 2781 logia:
2454 2710 2870 2781 praeliniinaris,
2902 2721 2958 2766 et
3004 2711 3058 2766 in
3103 2709 3516 2766 commentariis
3556 2706 3623 2763 ad
3665 2722 3860 2762 annum

2265 2801 2394 2870 45‘},
2422 2803 2489 2858 ad
2520 2801 2705 2859 ultima
2734 2803 2901 2860 verba
2943 2802 3214 2860 Clll‘Olllzi.

2341 2898 2512 2954 Porro
2542 2899 2598 2954 S.
2646 2899 2994 2954 Pctronillam
3017 2913 3143 2954 vere
3185 2899 3245 2954 Β.
3282 2897 3547 2971 principis
3592 2896 3863 2969 apostolo-

2268 3009 2388 3048 rum
2415 3008 2484 3049 ex
2514 2993 2866 3048 matrimonio
2909 2993 3073 3048 tiliam
3123 2993 3290 3048 fuisse
3317 3034 3332 3058 ,
3377 2994 3672 3049 multorum
3699 2992 3862 3047 testi-

2269 3087 2472 3142 moniis
2520 3102 2620 3142 suo
2667 3087 2787 3142 loco
2817 3087 3099 3156 probatum
3129 3103 3160 3142 a
3189 3086 3348 3142 nobis
3385 3096 3488 3152 est,
3533 3085 3620 3141 ubi
3653 3085 3862 3140 llarmiii

2271 3180 2500 3251 objectis
2544 3180 2933 3237 satisfecimus.
2988 3182 3174 3252 Neque
3218 3181 3375 3236 nobis
3422 3181 3522 3252 (ut
3568 3179 3864 3235 Pennottus

2604 3271 2665 3327 D.
2701 3274 2836 3344 Aug.
2869 3271 2962 3327 lib.
3008 3281 3198 3328 contra
3233 3271 3582 3326 Adimantum
3605 3313 3620 3337 ,
3651 3279 3866 3324 contra-

2274 3363 2406 3422 dicit
2432 3408 2446 3431 ,
2475 3381 2601 3420 nam
2640 3365 2854 3421 tametsi
2900 3380 3020 3437 cap.
3056 3366 3148 3420 illo
3180 3366 3247 3421 l7
3279 3365 3560 3420 historiam
3608 3361 3676 3419 de
3727 3363 3866 3419 Petri

2275 3457 2385 3513 lilia
2415 3473 2444 3513 a
2477 3458 2718 3530 paralysi
2749 3468 2957 3521 sanata,
2993 3468 3046 3512 et
3085 3457 3154 3514 dc
3198 3457 3302 3512 filia
3334 3455 3610 3512 hortulani
3643 3455 3710 3510 ad
3747 3470 3866 3526 prc-

2275 3568 2391 3608 cem
2426 3553 2594 3623 ipsius
2627 3559 2837 3607 mortua
2865 3595 2880 3621 ,
2914 3568 2978 3606 ex
3011 3550 3340 3622 apocrjphis
3379 3547 3588 3605 desumi
3624 3549 3867 3603 videatur

2275 3661 2557 3706 asserere;
2603 3661 2711 3700 nou
2741 3654 2919 3700 tamen
2947 3645 3148 3700 asserit
3181 3659 3304 3700 esse
3345 3643 3740 3714 apocrypbum,
3775 3641 3868 3697 Pe-

2276 3749 2418 3795 trum
2450 3739 2758 3811 apostolum
2803 3737 3055 3793 habuisse
3086 3738 3246 3793 tiliam
3275 3779 3290 3804 ,
3331 3736 3426 3792 sed
3458 3737 3598 3808 quod
3632 3734 3724 3791 illa
3753 3735 3867 3805 ejus

2277 3834 2529 3904 precibus
2561 3849 2690 3888 sana
2726 3836 2864 3889 facta
2889 3833 2980 3888 sit.
3009 3831 3074 3887 Et
3103 3829 3458 3887 nihilominus
3485 3839 3608 3886 nota
3639 3845 3862 3903 apocry-

2278 3930 2510 4001 phorum
2555 3945 2616 3983 ea
2670 3929 2849 3984 omnia
2896 3923 3370 3998 comprehendere
3399 3925 3632 3991 videtur,
3664 3941 3785 3995 qua:
3817 3927 3865 3980 in

2277 4025 2449 4081 sacris
2481 4025 2676 4080 litteris
2700 4023 2928 4079 minime
2951 4033 3257 4079 narrantur.
3286 4021 3669 4093 ApoCrypbum
3700 4021 3868 4090 siqni-

2275 4117 2399 4174 dem
2449 4117 2582 4172 illud
2627 4116 2848 4182 dicitur,
2888 4114 3033 4188 quod
3081 4115 3454 4169 authenticnm
3496 4129 3603 4168 non
3645 4123 3751 4167 est.
3793 4111 3868 4166 En

2278 4212 2443 4267 verba
2490 4213 2713 4280 Augusti
2747 4228 2759 4265 :
2793 4209 2908 4264 Hoc
2950 4209 3033 4263 illi
3075 4207 3357 4262 Manichaei
3407 4223 3598 4276 magna
3641 4205 3872 4259 ca’citate

2277 4307 2570 4379 vituperant
2597 4305 2896 4377 (nimirum
2941 4301 3204 4358 miracula
3237 4299 3497 4356 divinitus
3540 4297 3677 4354 facta
3705 4299 3724 4366 )
3758 4314 3871 4352 cuni

2277 4399 2331 4454 in
2357 4397 2669 4471 apocryphia
2695 4414 2788 4468 pro
2810 4413 2998 4468 magno
3020 4397 3214 4466 legant,
3250 4404 3296 4449 et
3327 4391 3462 4446 illud
3482 4390 3620 4463 quod
3647 4390 3712 4444 de
3733 4391 3872 4460 Apo-

2275 4493 2407 4548 stolo
2428 4491 2630 4548 Tltoma
2659 4490 3072 4556 commemoravi,
3103 4499 3152 4543 et
3177 4488 3338 4560 ipsius
3361 4485 3508 4541 Petri
3523 4485 3690 4555 ﬁliam
3719 4501 3876 4557 para-

2277 4585 2491 4658 lyticam
2522 4603 2703 4640 sanam
2731 4585 2924 4657 factum
2947 4582 3181 4653 precibus
3211 4581 3413 4652 patris,
3445 4588 3492 4633 et
3516 4577 3785 4632 Itortnlam'
3813 4577 3876 4647 fi-

2197 4673 2252 4736 D
2277 4675 2402 4732 liam
2432 4677 2503 4732 ad
2525 4694 2724 4751 precem
2755 4677 2920 4749 ipsius
2945 4675 3091 4730 Petri
3120 4690 3228 4730 csse
3256 4682 3511 4728 mortuam
3544 4688 3565 4726 :
3593 4679 3643 4725 et
3665 4687 3874 4740 respon—

2275 4770 2394 4826 dent
2428 4770 2567 4841 quod
2609 4769 2722 4825 lucc
2758 4770 2831 4824 eis
2872 4767 3174 4842 expediebat
3205 4807 3221 4833 ,
3273 4776 3328 4820 ut
3365 4775 3411 4818 et
3452 4763 3546 4819 illa
3592 4761 3874 4817 solveretur

2275 4863 2512 4935 paralysi
2537 4871 2583 4917 et
2609 4861 2702 4917 illa
2731 4871 3016 4916 moreretur
3040 4876 3059 4915 :
3089 4868 3258 4913 tamen
3291 4857 3362 4912 ad
3401 4872 3602 4929 precem
3638 4853 3876 4925 Apostoh’

2278 4959 2478 5030 factum
2521 4972 2630 5011 esse
2671 4971 2774 5010 non
2816 4963 3028 5026 negant.
3073 4951 3200 5007 “me
3242 4950 3476 5020 August.
3503 4945 3610 5004 Sed
3652 4959 3763 5000 non
3808 4944 3874 4999 ad

2277 5067 2415 5120 rem,
2443 5060 2500 5107 nt
2524 5050 2708 5117 vides;
2743 5065 2852 5105 non
2869 5048 3014 5104 enim
3047 5057 3205 5118 negat
3233 5044 3371 5101 tales
3399 5043 3563 5098 fuisse
3587 5052 3870 5112 personas,

2275 5145 2372 5203 sed
2403 5160 2464 5202 ea
2496 5144 2756 5201 miracula
2788 5157 2910 5198 esse
2932 5139 3265 5196 authentico.

2347 5239 2674 5311 Maguoperc
2701 5237 2864 5294 etiam
2895 5235 3101 5292 excidit
3126 5233 3430 5290 Pennottus
3448 5275 3463 5302 ,
3491 5249 3615 5289 cum
3657 5232 3875 5306 scripsit

2274 5351 2396 5393 esse
2427 5347 2617 5392 contra
2666 5335 2926 5392 Ecclesiae
2957 5334 3310 5390 traditionem
3337 5373 3353 5400 ,
3386 5346 3636 5388 asserere
3663 5331 3873 5403 episto-

2275 5431 2382 5486 lam
2425 5429 2613 5488 Jacobi
2658 5429 2976 5485 cauonicam
3009 5443 3114 5482 non
3161 5441 3192 5482 a
3241 5425 3444 5483 Jaeoho
3485 5425 3728 5490 lliuore,
3777 5425 3871 5481 sed

2276 5523 2480 5594 Majore
2507 5522 2677 5578 fuisse
2703 5521 3100 5592 conscriptam,
3131 5535 3198 5576 eo
3227 5519 3373 5591 quod
3403 5519 3454 5574 in
3487 5518 3671 5573 officio
3702 5517 3872 5573 Mino-

2280 5619 2357 5675 ris
2378 5621 2584 5689 lrgatur
2605 5620 2659 5675 in
2682 5619 2857 5690 primo
2875 5630 3140 5674 nocturno
3167 5615 3376 5671 Brevia:
3393 5614 3429 5670 ii
3455 5612 3706 5668 llotuaui.
3731 5614 3871 5668 Sane

2278 5717 2381 5772 hac
2429 5719 2482 5774 in
2535 5734 2593 5774 re
2640 5717 2874 5772 eximius
2923 5714 3233 5784 'fbeologus
3288 5712 3574 5767 manifeste
3623 5710 3871 5781 ignorare

2274 5811 2636 5874 convincitur,
2664 5811 2792 5880 quid
2836 5810 3145 5880 requiratur
3186 5816 3244 5862 ut
3272 5805 3475 5877 aliquid
3511 5803 3777 5858 habeatur
3807 5818 3872 5857 cx

2274 5902 2567 5964 traditione
2595 5901 3003 5973 Ecclesiastica,
3052 5915 3176 5961 cum
3207 5907 3420 5958 constet
3451 5894 3708 5955 historias
3745 5909 3871 5953 san-
