3962 6336
272 290 361 350 69.9

1303 272 1830 341 ANLOGETICUS
1869 266 2008 340 ulto
2046 280 2107 340 ι.
2150 264 2453 340 nexam).

3419 272 3525 342 630

268 418 450 468 ciorum
475 448 488 475 ,
535 421 653 479 qu:e
697 403 749 459 iu
801 400 1079 459 Breviario
1117 400 1390 473 leguntur,
1439 417 1546 456 non
1586 396 1825 471 gaudere
1853 402 1903 465 Α
1934 398 2127 468 festat;
2163 399 2257 456 sed
2286 415 2484 456 annum
2519 398 2570 455 in
2601 398 2784 472 specie
2817 414 2923 457 non
2952 399 3525 473 promit:quamquam

266 500 533 560 inevitabili
575 490 936 566 ccrtitudine;
990 506 1355 569 prwterquam
1400 494 1545 568 quod
1593 494 1824 569 epistola

263 597 341 655 illa
366 595 457 665 legi
488 593 653 665 possit
679 607 745 649 eo
771 582 861 647 die
894 604 989 659 rer
1011 592 1567 648 accommodationem
1592 588 1828 645 nominis

264 688 471 747 Jacobi:
503 697 555 742 et
602 685 1006 742 correctoribus
1058 683 1318 740 Breviarii
1369 684 1504 739 satis
1552 683 1720 739 fuisse
1765 682 1824 737 S.

263 782 620 853 llieronymum
664 777 868 835 Jacobo
907 776 1102 834 Minori
1152 793 1272 834 eam
1323 777 1563 833 tribuere
1612 776 1706 832 lib.
1760 775 1829 832 de

262 873 440 944 Script.
468 870 643 937 Eccl.,
669 881 724 927 et
750 868 1051 926 Pennottus
1080 868 1197 939 ipse
1230 866 1493 925 lectiones
1523 868 1583 925 S.
1618 867 1827 922 llercu-

261 963 353 1020 lani
380 961 697 1034 approbatas
729 976 759 1015 τι
788 961 845 1016 S.
882 960 1303 1031 congregatione
1348 958 1635 1015 illustriss.
1670 955 1828 1012 card.

258 1072 379 1113 sacr.
412 1057 605 1112 rituum
641 1069 747 1109 non
771 1052 888 1107 vult
928 1053 1207 1125 recipere,
1236 1051 1382 1125 quod
1409 1052 1463 1108 in
1502 1052 1581 1107 eis
1620 1050 1832 1107 dicatur

258 1146 404 1205 fuisse
429 1144 765 1217 professione
796 1142 1203 1201 Beuedictiuus.
1226 1143 1499 1201 Caeterum
1525 1154 1632 1197 tam
1663 1142 1834 1198 distat

256 1256 283 1298 θ
308 1238 584 1297 traditione
614 1226 876 1294 Ecclesiae
902 1280 917 1306 ,
949 1236 1093 1310 quod
1122 1236 1349 1308 epistola
1390 1237 1507 1309 ipsa
1540 1238 1612 1292 sit
1637 1235 1829 1293 Jacobi

255 1333 477 1400 Minoris,
506 1328 651 1403 quod
674 1333 729 1388 in
758 1330 1182 1389 Commentariis
1206 1331 1407 1387 nostris
1428 1328 1830 1387 ostenderimus

255 1444 311 1485 ex
336 1426 618 1484 traditione
648 1427 812 1483 totius
841 1424 1102 1482 Ecclesiae
1130 1424 1379 1496 Hispana:
1402 1434 1457 1479 et
1484 1423 1657 1497 Syrte,
1686 1434 1741 1478 et
1762 1439 1831 1479 ex

253 1537 308 1580 re
334 1522 437 1594 ipsa
467 1518 635 1577 fuisse
657 1535 795 1592 Opus
815 1519 1059 1590 Majoris,
1078 1528 1134 1576 et
1161 1519 1327 1574 totius
1353 1517 1477 1575 novi
1498 1516 1540 1573 Τ
1544 1517 1831 1574 cstamcnti

253 1615 463 1687 primam
494 1611 849 1682 scripturam.
882 1608 1084 1682 Relege
1108 1625 1232 1680 quae
1259 1606 1329 1665 ibi
1360 1609 1598 1665 diximus
1642 1605 1709 1663 ad
1735 1622 1831 1663 an-

253 1716 368 1762 num
404 1705 493 1770 '57,
540 1722 690 1760 num.
722 1703 756 1759 6
787 1712 841 1760 et
868 1703 921 1772 7,
963 1712 1020 1760 et
1057 1711 1258 1776 quanta
1306 1701 1537 1775 gaudeat
1580 1700 1831 1772 probabi-

1930 506 2137 552 certum
2183 496 2255 551 sit
2286 494 2337 549 iu
2393 486 2498 550 hoc
2541 493 2703 549 etiam
2745 488 2887 549 sicut
2915 493 2971 549 in
3021 494 3237 550 caeteris
3279 503 3525 549 secutum

1930 589 2097 646 luisse
2139 588 2452 645 Cbrouicon
2502 574 2743 655 Eusebii,
2775 584 2865 658 qui
2917 601 3087 659 usque
3117 582 3183 641 ad
3232 600 3431 641 annum
3459 585 3528 641 72

1933 683 2181 755 producit
2207 681 2325 738 Lini
2359 683 2752 757 episcopatum.
2813 678 2966 748 Quod
3022 680 3065 736 si
3107 676 3175 735 ab
3214 668 3299 735 bis
3326 678 3531 735 dissen-

1932 777 2073 834 tiuut
2100 778 2451 844 recentiores,
2499 792 2685 848 parum
2744 775 2992 839 interest,
3033 789 3155 831 cum
3184 764 3385 829 Dexter
3432 787 3528 829 eos

1932 872 2124 930 audire
2153 872 2479 943 nequiverit,
2513 871 2606 928 sed
2635 871 2810 927 solum
2836 868 3185 940 vetustiores,
3218 884 3355 940 quos
3383 869 3435 926 iu
3463 884 3526 926 re

1934 965 2071 1021 adeo
2099 965 2322 1037 ancipiti
2353 973 2409 1021 et
2444 966 2662 1037 antiqua
2694 979 2884 1021 omnes
2910 963 3065 1034 sequi
3096 962 3381 1021 deberent.

2005 1059 2122 1116 lloc
2171 1068 2229 1115 ut
2260 1058 2543 1115 minimum
2573 1056 2759 1116 delere
2790 1074 2861 1114 ex
2898 1058 3013 1114 suis
3053 1058 3196 1114 uotis
3227 1055 3529 1113 Pennottus

1932 1153 2218 1220 debuerat,
2270 1161 2457 1225 utpote
2481 1150 2628 1223 prius
2653 1167 2682 1207 a
2733 1165 2819 1208 me
2865 1150 3179 1208 admonitus
3207 1149 3275 1206 de
3296 1165 3372 1206 eri
3386 1163 3484 1205 ore
3512 1166 3526 1204 :

1933 1244 2077 1319 quod
2099 1245 2244 1303 enim
2279 1245 2381 1301 boc
2413 1244 2533 1301 loco
2566 1244 2761 1301 Dexter
2787 1243 3005 1314 asserit,
3050 1243 3272 1299 venisse
3319 1241 3531 1299 scilicet

1934 1338 2162 1395 Romam
2187 1328 2551 1411 Polyearpum
2580 1336 2681 1392 sub
2711 1336 2956 1405 Aniceto,
2993 1346 3103 1393 tam
3126 1350 3312 1392 verum
3339 1343 3444 1401 est,
3470 1342 3531 1390 ut

1934 1429 1986 1487 id
2018 1430 2409 1487 allirmaverint
2456 1429 2786 1502 posteriores
2813 1429 2955 1486 inter
2985 1429 3193 1501 priscos
3231 1428 3527 1493 Doctores,

1933 1524 2132 1597 quibus
2151 1534 2323 1580 tutum
2345 1539 2450 1580 non
2470 1525 2577 1581 erit
2599 1524 2881 1592 reluctari,
2903 1523 2956 1579 id
2971 1522 3329 1592 est,lrenaaus
3351 1521 3443 1579 lib.
3469 1536 3529 1578 ιιι

1932 1628 2119 1675 contra
2144 1617 2276 1675 Ιιωιι.
2303 1634 2424 1690 cap.
2440 1619 2495 1687 ε,
2514 1617 2874 1691 Hieronymus
2891 1616 2982 1675 lib.
3005 1616 3072 1672 de
3095 1615 3296 1688 Script.
3313 1614 3526 1671 Eccles.

1934 1710 1987 1767 in
2019 1709 2341 1783 Polycarpo,
2386 1721 2441 1767 et
2487 1710 2757 1767 Eusebius
2795 1711 2848 1766 in
2886 1709 3094 1766 Chron.
3133 1724 3278 1766 anno
3310 1708 3525 1766 Domini

253 1800 385 1857 litate
408 1800 676 1855 sententia
707 1797 888 1855 Dextri
916 1796 1144 1854 videbis.
1177 1796 1408 1854 Gravius
1431 1794 1665 1853 CXOBSSil
1693 1794 1831 1851 Pen-
1862 1786 1908 1849 Β
2081 1801 2370 1873 “namque
2397 1801 2489 1857 alii
2525 1801 2913 1858 modernorum
2941 1800 3337 1873 subscripsere.
3362 1797 3529 1856 Dedi-

251 1901 436 1954 nottus.
455 1890 583 1946 dum
614 1890 668 1946 id
686 1889 827 1961 quod
852 1889 1051 1945 asserit
1079 1890 1299 1955 Dexter,
1322 1885 1607 1943 duodecim
1633 1884 1828 1953 tribus,

250 1985 426 2059 quibus
450 1976 687 2041 Jacobus
723 1984 872 2039 mi~it
908 1983 1214 2055 epistolam,
1255 1982 1420 2037 fuisse
1462 1979 1601 2036 intra
1633 1980 1829 2052 Hispa-

251 2082 376 2136 Jliﬂlll
401 2122 416 2147 ,
446 2095 568 2137 esse
598 2089 965 2135 commentum
994 2122 1008 2145 ,
1058 2088 1112 2135 οι
1157 2089 1343 2151 aperte
1382 2089 1571 2133 contra
1618 2091 1830 2133 sacram

249 2172 568 2245 Seripturam
612 2158 709 2227 lib.
760 2189 811 2227 tv
855 2162 991 2243 lteg.
1042 2170 1158 2226 lloc
1194 2171 1238 2225 si
1280 2178 1464 2237 esset,
1512 2167 1831 2225 luercticum

251 2281 355 2324 esse
383 2282 544 2323 nemo
576 2276 799 2339 negaret
831 2284 842 2319 :
876 2266 1167 2321 verum"an
1194 2264 1310 2336 ipse
1341 2262 1535 2319 librum
1568 2261 1722 2319 illum
1754 2259 1835 2316 lc-

251 2360 373 2431 gerit
418 2373 507 2415 aut
546 2358 916 2425 intellexerit,
949 2375 1014 2414 ex
1066 2356 1151 2414 bis
1197 2371 1318 2429 quae
1359 2356 1469 2413 late
1512 2354 1834 2427 scripsimus

251 2453 488 2524 pra'dit'lo
520 2452 646 2509 loco
672 2469 822 2507 num.
848 2450 906 2523 5,
934 2450 1148 2507 cunctis
1172 2450 1329 2507 facile
1356 2448 1591 2521 patebit;
1619 2462 1743 2521 qua:
1766 2462 1833 2505 no

249 2558 411 2601 actum
440 2550 611 2617 agere
646 2544 929 2600 videamur
957 2544 1009 2600 in
1053 2542 1307 2615 prmseuti
1359 2558 1466 2598 non
1507 2540 1828 2612 repetimus.

248 2641 423 2694 Acrem
450 2639 811 2695 nihilominus
835 2653 1127 2695 censuram
1156 2637 1338 2693 amico
1368 2635 1600 2692 libenter
1626 2628 1834 2691 condo-

248 2736 420 2788 namus
453 2751 467 2789 :
498 2742 558 2789 et
589 2733 738 2788 illam
763 2734 926 2788 etiam
947 2775 961 2800 ,
986 2744 1091 2804 qua
1122 2742 1311 2788 contra
1342 2729 1623 2786 historiam
1668 2744 1833 2786 evan-

248 2825 459 2895 gelieam
494 2822 658 2882 Joan.
694 2842 747 2881 xi
797 2841 918 2882 esse
966 2824 1140 2893 dicit,
1174 2823 1395 2881 Judmos
1439 2821 1835 2896 Hierosolymi-

239 2926 410 2985 ctauos,
442 2914 649 2975 litteris
679 2917 853 2986 datis,
887 2917 1156 2989 lliSpanos
1184 2916 1403 2973 Judazos
1435 2931 1603 2987 super
1631 2913 1834 2971 Clu-isti

249 3022 405 3068 morte
426 3010 797 3068 consuluisse.
823 3012 941 3078 Qua
973 3010 1039 3067 de
1067 3026 1129 3066 re
1158 3009 1272 3065 fuse
1302 3009 1511 3079 egimus
1534 3004 1600 3062 ad
1631 3022 1833 3062 annum

249 3100 389 3159 Dom.
412 3094 505 3173 35,
530 3113 827 3161 comment.
845 3103 902 3170 ἓ,
921 3121 976 3159 ιι.
996 3102 1046 3170 l,
1074 3113 1123 3158 et
1144 3101 1210 3157 ad
1232 3117 1321 3157 au.
1347 3100 1436 3166 57,
1462 3110 1754 3155 comment.
1775 3096 1830 3167 ὅ,
1864 3172 1873 3181 ό

250 3210 299 3253 ιι.
332 3198 377 3254 1.
402 3197 478 3254 Ex
508 3197 711 3270 quibus
746 3197 963 3269 planum
990 3197 1082 3252 ﬁet
1104 3196 1224 3268 quis
1254 3194 1458 3251 rectius
1482 3190 1833 3266 Evangelium
1862 3178 1910 3245 C

251 3290 621 3350 intellexerit:
667 3294 913 3366 satisque
959 3291 1154 3364 frigide
1195 3288 1506 3363 oppositum
1554 3288 1607 3347 iu
1654 3287 1837 3347 verbis

250 3376 455 3443 Joannis
486 3402 544 3441 xl
585 3383 820 3441 fundari.
916 3410 923 3417 ·

314 3474 449 3535 Deus
494 3479 682 3545 bone,
736 3493 897 3550 quam
948 3476 1088 3535 falso
1129 3472 1491 3535 calumniatur
1540 3476 1835 3535 Dextrum!

249 3564 600 3630 Probavimus
628 3570 694 3628 ad
724 3588 924 3627 annum
948 3573 1017 3629 38
1033 3568 1256 3629 Saulum
1288 3572 1341 3627 in
1366 3568 1592 3627 Paulum
1610 3587 1840 3628 conver-

250 3672 354 3721 sulu
392 3684 540 3723 anno
567 3665 772 3722 Clu-isti
818 3665 920 3739 56(
949 3664 1037 3721 die
1067 3666 1138 3721 25
1183 3664 1463 3738 Januarii)
1496 3665 1548 3721 id
1597 3675 1711 3732 est,
1748 3680 1838 3722 se-

251 3756 412 3815 cundo
439 3763 511 3816 ab
537 3758 876 3815 Ascensione
906 3757 1122 3815 Domini
1154 3774 1319 3827 anno,
1354 3758 1430 3813 uti
1457 3758 1699 3813 Ecclesia
1724 3756 1837 3812 Ro-

249 3867 392 3909 mana
445 3853 499 3910 lu
552 3869 657 3909 suo
708 3850 1100 3925 martyrologio
1149 3852 1473 3922 proﬁtetur:
1508 3860 1565 3906 et
1611 3866 1733 3905 cum
1774 3865 1840 3907 eo

251 3942 498 4003 Batonius
534 3942 588 4002 in
621 3944 766 4002 notis
792 3945 858 4001 ad
890 3962 1007 4001 eat}.
1055 3943 1220 4001 diem.
1266 3945 1402 4000 Cum
1431 3952 1612 4000 autem
1639 3938 1840 3999 Paulus

248 4036 352 4111 ipse
370 4044 691 4112 proliteatur
706 4040 1013 4111 post'annos
1030 4048 1142 4096 tres
1156 4041 1368 4096 venisse
1384 4038 1839 4111 Hierosolymam,

251 4146 526 4188 necessum
551 4142 637 4189 est
667 4144 723 4188 ut
754 4134 798 4186 is
820 4132 939 4203 ejus
963 4132 1230 4190 adventus
1270 4130 1524 4188 inciderit
1555 4132 1606 4186 in
1637 4146 1840 4187 annum

253 4220 453 4280 Dositini
475 4225 549 4281 '58
572 4218 718 4297 quod
750 4226 949 4280 Dexter
966 4225 1201 4292 asserit;
1236 4241 1355 4280 nam
1385 4234 1528 4280 totus
1552 4223 1622 4280 56
1655 4240 1844 4279 nume-

252 4318 444 4373 randus
468 4329 578 4383 est,
610 4336 732 4372 cum
756 4320 1044 4373 conversio
1073 4314 1218 4373 l‘auli
1254 4322 1305 4373 in
1352 4318 1504 4373 initio
1538 4317 1682 4372 illius
1704 4315 1845 4371 acci-

252 4408 411 4479 derit,
460 4414 512 4467 id
553 4422 634 4467 est
674 4412 746 4466 9.3
792 4408 1055 4466 Januarii.
1104 4408 1219 4466 Non
1277 4413 1440 4483 igitur
1480 4410 1682 4466 Dexter
1728 4409 1845 4464 vult

255 4490 468 4560 i’aulum
518 4516 641 4576 post
688 4505 1124 4570 conversionem,
1180 4505 1230 4560 id
1262 4516 1366 4575 est,
1408 4504 1589 4560 statim
1619 4519 1684 4559 ac
1712 4518 1881 4576 con-z

1935 1910 2057 1950 mus
2077 1910 2262 1950 eorum
2276 1893 2441 1951 verba
2457 1894 2509 1950 iu
2524 1893 2829 1951 Comment.
2845 1895 2911 1951 ad
2926 1893 3074 1951 hunc
3098 1894 3277 1966 ipsum
3302 1907 3528 1950 annum.

2007 1986 2180 2045 Immo
2211 1988 2282 2045 ob
2312 1989 2361 2044 id
2390 1974 2568 2060 potius
2600 1990 2845 2061 lliginius
2872 1990 2939 2046 ad
2961 1991 3230 2047 Leronem
3258 1987 3531 2060 relegatus
3580 1975 3589 1984 ’

1934 2092 2039 2149 cst,
2070 2080 2215 2155 quod
2246 2083 2416 2138 insula
2447 2091 2591 2139 esset
2614 2083 2961 2153 serpentibus
2999 2083 3185 2154 plena,
3239 2091 3294 2136 ut
3324 2080 3530 2135 certius

1935 2185 2243 2234 moreretur
2273 2193 2286 2231 :
2319 2185 2376 2232 et
2404 2176 2611 2233 idcirco
2656 2175 2838 2232 forsan
2860 2176 3082 2231 dolebat
3112 2173 3435 2231 Ambrosius
3462 2171 3529 2226 ad

1935 2270 2380 2328 Valentinianum
2432 2270 2704 2340 scribens,
2754 2271 3002 2326 exsilium
3046 2269 3216 2327 senis.
3248 2267 3383 2325 Vide
3410 2281 3531 2339 quae

1934 2356 2037 2420 bac
2058 2365 2128 2421 de
2159 2379 2217 2420 re
2244 2364 2486 2420 diximus
2524 2363 2590 2418 ad
2636 2379 2838 2419 amtum
2867 2364 2991 2420 584.

2006 2455 2142 2513 Illud
2175 2471 2307 2513 vero
2336 2456 2482 2528 quod
2514 2454 2583 2512 de
2614 2455 2675 2512 S.
2730 2455 2957 2512 Paulino
3006 2454 3217 2525 objicit,
3270 2468 3432 2525 quam
3462 2454 3535 2510 sit

1933 2548 2033 2605 abs
2059 2564 2143 2615 re,
2168 2548 2520 2619 exposuimus
2547 2547 2669 2603 data
2726 2561 2891 2620 opera
2939 2545 2998 2603 in
3046 2545 3420 2618 superioribus
3464 2546 3533 2601 ad

1935 2654 2139 2694 annum
2166 2640 2341 2710 ipsum
2372 2638 2498 2704 596,
2525 2639 2739 2693 tametsi
2775 2651 2974 2694 nomen
3023 2636 3276 2694 Peunotti
3308 2638 3532 2694 honoris

1933 2731 2127 2803 gratia,
2155 2742 2209 2787 et
2241 2731 2343 2789 loci
2376 2730 2819 2797 subticucrimus,
2847 2730 2992 2802 quod
3023 2745 3091 2787 eo
3119 2730 3381 2802 temporis
3411 2729 3533 2788 Tri-

1937 2823 2189 2898 partitam
2219 2839 2371 2880 suam
2417 2824 2657 2880 nondum
2683 2823 2945 2892 ediderat,
2991 2822 3105 2880 illic
3128 2823 3301 2880 lector
3327 2822 3530 2881 nodum

1934 2917 2173 2974 Solutum
2203 2915 2459 2989 reperiet,
2502 2926 2557 2972 et
2597 2917 2812 2986 objecta
2858 2915 3112 2972 falsoniti
3154 2914 3532 2973 fuudameuto.

2008 3012 2177 3067 Recte
2203 3010 2418 3080 quidem
2439 3009 2491 3065 id
2520 3008 2855 3081 objiceretur
2882 3050 2898 3075 ,
2951 3008 2997 3064 si
3022 3007 3193 3064 codex
3251 3022 3486 3065 excusas
3510 3050 3528 3079 ,

1936 3121 2045 3180 quo
2083 3102 2384 3161 l‘etmottus
2424 3118 2555 3159 usus
2585 3102 2706 3169 fuit,
2736 3100 2960 3157 vitiatus
3004 3116 3112 3157 ιιοιι
3137 3110 3315 3169 esset;
3351 3101 3531 3173 ipsum

1942 3209 2119 3258 tamen
2151 3200 2390 3272 Oporlttit
2420 3196 2714 3255 emendare
2740 3213 2809 3255 ex
2837 3197 2961 3253 aliis
2990 3195 3445 3263 correctioribus;
3477 3194 3531 3253 in

1940 3292 2208 3350 sententia
2253 3291 2517 3363 siquidem
2563 3290 2691 3357 illa,
2741 3289 2838 3345 sub
2887 3287 3118 3344 Paciano
3162 3287 3537 3345 Burciuonensi

1938 3388 2181 3458 episcopo
2209 3387 2436 3440 nascitur
2471 3378 2672 3439 Paulus
2694 3383 2932 3453 Orosius,
2956 3393 3063 3441 etc.
3112 3399 3221 3439 non
3248 3391 3374 3438 sunt
3404 3384 3535 3439 anni

1942 3476 2156 3537 Domini
2182 3476 2307 3543 584.
2332 3474 2428 3533 sed
2452 3476 2576 3546 570,
2612 3484 2670 3532 ut
2698 3491 2797 3532 suo
2823 3476 2944 3532 loco
2973 3475 3145 3532 videri
3182 3484 3381 3548 potest.
3414 3475 3536 3545 Quo

1941 3570 2069 3629 dato
2098 3572 2202 3628 ruit
2233 3571 2495 3641 objectio,
2524 3586 2556 3624 ιι
2575 3585 2647 3626 ιιιι
2671 3569 2937 3625 annum!)
2972 3584 3081 3641 quo
3114 3569 3314 3624 missus
3335 3567 3535 3624 dicitur

1942 3667 2011 3723 ab
2033 3665 2303 3738 episcopis
2333 3660 2583 3735 llispauis
2610 3664 2676 3719 ad
2728 3664 3012 3720 Africanos
3038 3671 3155 3719 erat
3184 3663 3358 3719 anatis
3387 3664 3455 3718 5t)
3476 3672 3535 3720 et

1942 3757 2160 3829 quidem
2182 3758 2416 3829 juvenis,
2442 3755 2804 3829 quamlumvis
2828 3756 3139 3828 presbyter;
3166 3756 3245 3812 sic
3270 3756 3415 3811 enim
3440 3768 3537 3810 vo.

1942 3861 2097 3907 catur
2120 3848 2189 3906 ab
2220 3844 2523 3921 Augustino
2553 3849 2619 3903 ad
2667 3864 2824 3918 quem
2872 3848 3143 3918 prmcipue
3192 3847 3532 3904 mittebatur.

1943 3941 2022 3999 De
2047 3941 2316 4012 legatione
2347 3942 2459 4010 ipsa
2489 3940 2676 3996 multis
2702 3940 2910 4012 egimus
2933 3939 3001 3995 ad
3031 3955 3233 3995 annum
3263 3937 3390 3994 400.

2016 4036 2167 4106 Quod
2192 4034 2260 4090 de
2288 4025 2490 4107 duplici
2516 4026 2750 4104 Leporio
2795 4032 3015 4100 dicitur,
3050 4049 3237 4104 parum
3281 4037 3536 4088 constare

1944 4128 2293 4203 probavimus
2322 4127 2375 4183 iu
2399 4120 2691 4184 comment.
2722 4125 2789 4181 ad
2828 4142 2918 4182 an.
2951 4125 3090 4195 406,
3130 4124 3223 4182 ubi
3269 4122 3536 4183 Pennotto

1946 4237 2237 4294 suppresso
2264 4222 2482 4277 neruiue
2513 4216 2915 4292 respondimus,
2933 4221 3025 4291 qui
3052 4230 3228 4275 tatuen
3256 4218 3382 4276 inde
3405 4236 3537 4291 prte-

1945 4318 2101 4387 cipue
2152 4318 2432 4381 movetur,
2489 4330 2560 4371 ne
2588 4312 2841 4370 videlcet
2871 4328 3019 4384 repet
3034 4313 3203 4369 iretur
3234 4306 3534 4384 discipulus

1946 4410 2143 4479 aliquis
2185 4408 2467 4481 Augustini
2510 4408 2576 4463 ad
2629 4407 2882 4463 luercsim
2923 4406 3247 4463 declinasse.
3282 4400 3387 4463 Sed
3437 4404 3542 4462 hoc

1947 4504 2064 4562 leve
2089 4502 2378 4560 admodmn
2401 4512 2515 4569 est;
2542 4518 2643 4559 nec
2662 4500 2854 4557 minuit
2880 4501 3015 4556 tanti
3048 4504 3284 4572 pastoris
3308 4498 3539 4571 gloriam

258 4604 435 4655 versus
457 4600 794 4668 est,veuisse
821 4594 1345 4671 llierosolymam,ut
1372 4607 1522 4671 putat
1547 4570 1925 4653 Pennotlusn
1953 4615 2057 4656 una
2090 4598 2335 4655 morbida
2381 4596 2519 4665 ovis,
2576 4599 2717 4653 sicut
2768 4611 2870 4653 uec
2916 4595 3119 4653 Christi
3170 4595 3543 4668 magisterium

259 4702 319 4746 ex
349 4700 446 4747 suo
477 4693 685 4765 capite;
730 4690 826 4748 sed
854 4688 998 4764 quod
1030 4706 1175 4747 anno
1211 4691 1426 4747 Domini
1466 4688 1533 4744 58
1567 4701 1693 4761 post
1717 4705 1847 4747 cou-

261 4786 585 4857 versionem,
606 4784 657 4841 id
673 4786 903 4856 est,jam
933 4801 1237 4842 conversus
1265 4784 1434 4850 venit,
1463 4786 1714 4839 nimirum
1737 4800 1845 4839 non

260 4882 374 4933 ante
400 4876 842 4944 conversionem,
868 4877 959 4933 scd
990 4892 1131 4933 anno
1165 4876 1379 4932 Domini
1410 4877 1477 4933 58
1508 4876 1599 4947 qui
1643 4874 1851 4931 scilicet

264 4970 440 5025 tertius
469 4970 539 5026 ab
557 4980 618 5028 ea
652 4970 768 5027 fuit.
803 4972 871 5027 At
894 4966 1034 5027 unde
1063 4970 1273 5043 accepit
1302 4968 1603 5026 Peunottus
1622 4962 1849 5025 Paulum

262 5078 359 5118 non
382 5070 510 5119 ante
538 5058 607 5123 53
642 5062 855 5120 Domini
892 5078 1214 5120 conversum
1272 5060 1472 5119 fuisse?
1504 5068 1559 5118 et
1585 5077 1694 5118 non
1723 5070 1851 5118 ante

262 5150 318 5212 il
353 5156 667 5215 ascendisse
700 5148 1171 5231 Hierosolymam?
1203 5154 1256 5212 Id
1285 5155 1485 5213 Dexter
1516 5153 1741 5212 minime
1767 5170 1853 5211 as-

260 5252 423 5319 serit,
469 5268 566 5309 nec
593 5252 687 5325 qui
720 5268 879 5326 quam
905 5251 1174 5325 probabili
1202 5248 1395 5309 saltem
1436 5252 1777 5324 conjectura.

329 5341 445 5398 Non
478 5348 562 5401 est
586 5354 772 5401 verum
806 5344 1075 5402 Dextrum
1106 5360 1379 5414 asserere,
1403 5344 1548 5418 quod
1574 5343 1857 5417 pontiﬁca-

265 5438 345 5492 tus
364 5436 488 5494 Lini
514 5438 757 5511 pervenit
778 5438 843 5495 ad
862 5456 1064 5496 annum
1093 5440 1305 5498 Domini
1328 5440 1425 5508 86;
1456 5440 1676 5498 illorum
1707 5444 1853 5499 enim

263 5528 574 5588 verborum:
596 5532 739 5587 Anna
753 5529 944 5588 Christi
964 5533 1053 5588 86.
1077 5535 1167 5604 iter
1188 5533 1323 5589 idem
1344 5538 1543 5607 tempus
1557 5532 1618 5589 S.
1637 5533 1857 5589 Anacte-

265 5628 367 5689 tus,
393 5622 475 5679 vel
501 5623 671 5683 Clctus
690 5632 1003 5682 successerat
1029 5624 1194 5694 Lino;
1240 5642 1345 5684 non
1367 5636 1451 5684 est
1470 5642 1684 5696 sensus,
1714 5627 1858 5700 quod

267 5730 329 5771 eo
354 5717 475 5789 ipso
506 5736 644 5778 anno
671 5714 963 5786 successit;
991 5736 1112 5778 cum
1140 5722 1323 5794 potius
1349 5718 1494 5777 dicat
1523 5732 1859 5791 successerat,

268 5826 373 5884 quo
402 5820 532 5874 sane
583 5828 708 5876 ante
738 5818 910 5891 ipsum
965 5834 1166 5877 annum
1198 5816 1267 5878 86
1312 5818 1646 5879 successisse
1685 5820 1859 5880 maui-

1956 4709 2097 4749 unus
2124 4688 2321 4759 Judas,
2352 4708 2419 4749 eo
2447 4690 2746 4763 praesertim
2775 4689 2919 4763 quod
2978 4687 3322 4762 postmodum
3370 4688 3544 4761 Lepo-

1957 4785 2070 4844 rius
2100 4786 2202 4841 iste
2228 4801 2392 4855 opera
2426 4784 2598 4857 ipsius
2635 4782 2922 4855 Augustini
2952 4783 3213 4839 scribitur
3237 4782 3302 4838 ad
3340 4782 3541 4849 bonam

1956 4888 2193 4938 mentem
2223 4874 2496 4935 redactus.
2528 4876 2699 4935 Porro
2731 4877 2958 4948 przelato
3004 4870 3127 4932 loco
3170 4872 3537 4941 ostendimus,

1960 4970 2270 5030 testimonio
2292 4970 2519 5043 Appiani
2569 4964 2922 5026 Alexandrini
2954 4974 3009 5026 et
3031 4956 3298 5026 Ambrosii
3328 4956 3549 5025 Moralis

1956 5065 2184 5137 reperiri
2215 5063 2426 5122 Uticam
2476 5064 2528 5119 in
2572 5056 2853 5134 llispauia,
2897 5060 3141 5135 ejusdem
3194 5075 3420 5135 prorsus
3451 5076 3551 5117 no-

1957 5156 2119 5214 minis
2154 5172 2275 5212 cum
2307 5152 2584 5211 Africana.

2032 5250 2260 5309 Demum
2291 5248 2434 5323 quod
2466 5240 2653 5305 ultimo
2683 5247 2804 5305 loco
2832 5246 3021 5319 objicit
3069 5244 3122 5302 iu
3153 5238 3336 5300 Dextri
3368 5238 3546 5299 Cbro-

1959 5347 2122 5403 nicon
2143 5340 2212 5401 de
2237 5358 2404 5410 anno,
2446 5358 2554 5414 quo
2582 5334 2651 5397 ab
2695 5334 2814 5413 ipso
2862 5338 3167 5396 absolutum
3216 5335 3337 5403 fuit,
3386 5328 3467 5391 bis
3497 5330 3553 5391 in

1964 5436 2341 5510 superioribus
2371 5435 2661 5504 solvimus,
2712 5434 2763 5490 id
2809 5443 2921 5502 est,
2949 5434 2976 5507 §
3004 5426 3040 5489 Ξ
3068 5428 3347 5503 Apologia:
3378 5418 3563 5501 praeli-

1968 5530 2217 5598 minaris,
2240 5538 2298 5585 et
2329 5529 2384 5586 in
2412 5545 2614 5585 comm.
2655 5522 2721 5584 ad
2754 5526 2940 5583 ultima
2969 5522 3223 5581 Cbronici
3263 5520 3447 5579 verba.
3481 5516 3556 5581 lbi

1966 5626 2138 5684 lector
2163 5620 2420 5695 quidquid
2442 5618 2793 5686 desiderabit,
2822 5626 2882 5675 ut
2902 5631 3048 5687 reor,
3085 5614 3341 5672 inveniet.

2038 5718 2171 5787 Qua:
2199 5731 2329 5773 vero
2370 5716 2421 5770 in
2459 5713 2527 5771 Μ.
2556 5712 2846 5769 Maximum
2881 5709 3178 5767 meditatus
3211 5716 3296 5767 est
3323 5706 3562 5765 Pennot-

1971 5812 2206 5884 tusltauc
2225 5800 2925 5877 habentsolutioneurQuid
2946 5805 2990 5865 si
3012 5811 3190 5864 textus
3204 5806 3322 5881 ipse
3343 5802 3567 5865 vitiatus
