4062 6340
450 222 549 280 651

1357 217 1655 277 FLAVIUS
1691 216 1942 277 LUCIUS
1992 214 2280 275 DEXTER
2318 213 2854 276 CIIRONOLOGUS.

3651 222 3751 282 652

455 347 560 405 est,
590 346 642 395 et
671 352 764 410 pro
794 338 995 394 seniore
1031 337 1195 394 habet
1210 337 1517 410 juniorem?
1542 337 1702 392 Certe
1748 335 1801 390 in
1829 341 2049 391 auctore
2076 337 2132 397 Α
2225 333 2447 390 Similes
2479 335 2684 405 patitur
2719 333 2966 391 defectus
3010 333 3064 391 id
3093 334 3237 408 quod
3264 337 3295 392 7
3322 337 3442 394 loco
3469 336 3658 409 objicit
3685 340 3750 396 de

451 435 824 490 vetustissimo
840 434 1146 490 mirandum
1166 432 1218 488 id
1234 449 1339 488 nou
1361 439 1526 486 esset.
1547 429 1654 486 Sed
1668 429 1833 485 credo
1847 428 1916 482 ibi
1935 428 2051 482 nul-

455 528 569 581 lum
604 527 894 597 irrepsisse
925 526 1214 594 mendumj:
1239 527 1284 580 is
1306 524 1562 594 enim'qui
1594 531 1834 592 tempore
1855 520 2050 576 Dextri

456 620 649 676 Junior
695 630 811 676 erat
860 620 1134 688 Isidorus,
1168 626 1416 688 respectu
1460 615 1806 679 vetustioris,
1861 624 2049 684 poStca

451 721 701 783 tempore
724 713 794 767 M.
821 710 1066 776 Maximi,
1091 710 1180 781 qui
1221 719 1342 780 post
1379 708 1485 764 200
1505 707 1689 762 floruit
1718 720 1908 772 annos,
1959 721 2048 761 se-

456 805 577 860 nior
603 805 922 870 vocabatur,
956 803 1138 857 habito
1168 802 1375 856 scilicet
1404 811 1657 871 respectu
1679 799 1748 854 ad
1778 799 1837 855 S.
1874 798 2049 854 Isido-

453 912 573 952 rum
598 897 989 964 ilispaleusem,
1019 895 1109 964 qui
1143 903 1268 948 tunc
1295 894 1472 963 magni
1502 893 1572 948 ab
1601 892 1859 948 omnibus
1884 891 2052 948 habe-

452 989 634 1045 batur.
669 988 847 1057 Quare
876 1002 1037 1056 quem
1063 986 1154 1041 ille
1178 984 1449 1056 juniorem
1481 986 1792 1041 necessario
1813 985 2048 1050 vocavit,

453 1082 600 1152 quod
634 1083 798 1136 alium
847 1080 1117 1151 juniorem
1166 1095 1273 1135 non
1316 1079 1586 1152 cognovit,
1641 1080 1731 1136 hic
1775 1081 2050 1136 seniorem

454 1177 808 1246 nuncupavit,
841 1191 963 1230 cum
992 1175 1355 1230 recentiorem
1393 1175 1694 1245 agnoverit.
1735 1174 1890 1243 Quod
1921 1190 2049 1230 vero

454 1272 655 1324 librum
690 1269 1090 1341 Allegoriarum
1140 1269 1376 1324 dicatum
1403 1269 1609 1325 scribat
1652 1269 1853 1325 Dexter
1883 1268 2052 1324 Paulo

456 1363 653 1418 0r0sio
687 1363 1108 1429 Tarraconensi,
1141 1363 1408 1418 Maximus
1435 1379 1566 1419 vero
1609 1373 1875 1419 assertum
1905 1377 2053 1418 asse-

456 1465 542 1509 rat
572 1453 766 1509 Orosio
786 1455 1044 1524 episc0po
1074 1455 1420 1524 Legionensi,
1445 1454 1719 1511 contraria
1750 1471 1858 1510 non
1895 1463 2049 1521 sunt;

455 1547 551 1602 sed
575 1547 841 1601 Maximus
863 1548 1089 1615 eXponit
1118 1547 1168 1602 id
1204 1546 1346 1616 quod
1383 1546 1580 1622 Dexter
1602 1548 1780 1601 minus
1813 1548 2052 1618 eXplica-

454 1650 633 1706 verat,
660 1639 852 1710 nequis
875 1641 1062 1696 credat
1089 1639 1285 1694 librum
1311 1625 1460 1693 illum
1486 1638 1657 1693 Paulo
1679 1639 1872 1694 Orosio
1896 1640 2053 1695 disci-

2157 424 2340 480 habitu
2371 425 2675 481 monastico
2697 427 2870 482 sancti
2904 427 3113 482 Turibii
3141 428 3330 484 Roma:
3361 438 3590 500 accepto
3615 447 3628 485 :
3653 431 3748 501 ipsi

2155 535 2387 590 namque
2416 520 2648 589 probare
2669 520 2957 585 incumbit.
2980 522 3126 594 quod
3155 523 3433 594 producit,
3453 525 3597 596 quod
3621 525 3745 582 dum

2155 627 2261 666 non
2291 611 2436 678 facit,
2467 612 2802 669 infructuose
2827 612 3057 669 laborat.

2226 703 2366 771 Quid
2393 703 2440 758 si
2480 703 2660 760 hacin
2703 719 2764 761 re
2794 704 3112 762 dorinitrivit
3152 706 3463 764 Maximus?
3515 725 3636 764 nam
3683 711 3748 766 de

2157 804 2399 868 tempore
2447 797 2642 852 mortis
2673 797 3100 854 clarissimarum
3150 801 3393 856 virorum
3449 803 3746 872 saepissime

2155 891 2456 947 dubitatum
2489 902 2593 959 eSt,
2622 901 2683 948 ut
2704 891 3018 962 Augustini,
3044 893 3380 968 llieronymi,
3411 897 3706 953 ctalioruiu
3732 914 3745 951 :

2159 992 2215 1038 et
2245 983 2540 1054 aliquando
2563 983 2738 1039 bonus
2766 983 3026 1040 dormitat
3051 986 3319 1042 llomerus
3347 987 3514 1042 :solis
3537 987 3748 1057 quidem

2148 1073 2324 1130 ‘saeris
2351 1076 2663 1132 auctoribus
2691 1077 2875 1133 datum
2925 1079 3141 1134 rmlitus
3171 1089 3276 1144 est,
3311 1095 3574 1152 nusquam
3621 1079 3748 1134 labi.

2227 1169 2564 1239 Scrupulose
2591 1170 2887 1227 admodum
2935 1172 3131 1228 abnuit
3182 1173 3412 1229 culicem
3457 1173 3748 1243 deglutirc,

2155 1265 2245 1335 qui
2281 1264 2333 1319 in
2387 1266 2547 1320 rebus
2595 1266 2711 1321 suis
2762 1267 3029 1322 camelum
3083 1267 3346 1323 devorare
3395 1284 3504 1323 non
3554 1267 3748 1324 renuit.

2159 1357 2284 1412 Erat
2307 1357 2702 1429 Athanagildus
2730 1359 2950 1430 quidem
2979 1359 3303 1415 Arianorum
3335 1361 3467 1417 faece
3497 1359 3750 1425 infectus,

2157 1451 2250 1506 sed
2277 1452 2627 1508 sanctitatem
2685 1453 3076 1511 monachorum
3135 1457 3517 1521 reverebatur;
3565 1472 3629 1512 ea
3672 1468 3752 1512 est

2156 1545 2299 1600 enim
2343 1545 2644 1600 sanctitatis
2675 1546 2783 1612 vis,
2818 1554 2923 1601 uta
2967 1548 3192 1618 paganis
3236 1563 3450 1620 quoque
3482 1559 3539 1604 et
3566 1550 3754 1604 ortho-

2157 1637 2312 1692 tloxm
2345 1637 2466 1694 fidei
2495 1639 2820 1694 adversariis
2863 1649 3183 1711 extorqueat
3222 1657 3464 1698 amorem
3511 1651 3568 1698 et
3604 1658 3754 1699 reve-

455 1735 585 1805 pulo
608 1733 1142 1805 Augustinidieatum
1163 1751 1178 1793 :
1198 1735 1292 1788 sed
1324 1734 1478 1788 alteri
1502 1734 1991 1804 ejusdemZuominis
2005 1745 2058 1790 et
2087 1732 2136 1793 B
2162 1731 2414 1786 reltliam.
2441 1729 2550 1787 Sed
2575 1747 2702 1788 vero
2753 1733 3145 1804 Athanagildus
3192 1748 3297 1789 non
3351 1735 3423 1789 ita
3452 1737 3624 1790 errori
3655 1752 3755 1790 suo

456 1827 778 1897 patrim,qui
806 1835 984 1882 tamen
1005 1826 1069 1880 ad
1112 1825 1506 1895 Legionensem
1555 1825 1740 1880 sedem
1787 1825 1888 1880 fuit
1923 1841 2045 1881 eve-

453 1930 595 1988 ctus,
629 1920 766 1975 alios
794 1920 1059 1988 siquidem
1104 1935 1170 1972 eo
1207 1919 1426 1974 nomine
1458 1917 1740 1987 insignitos
1786 1917 1954 1973 fuisse
1975 1918 2054 1975 .li-

453 2026 585 2084 quet
613 2014 924 2069 testimonio
967 2013 1148 2070 Dextri
1191 2012 1258 2067 ad
1299 2029 1426 2070 ann.
1477 2013 1580 2069 566
1628 2012 1779 2069 etM.
1836 2012 2053 2068 Maximi

454 2105 520 2158 ad
553 2121 644 2160 an.
670 2104 794 2160 602.

526 2197 878 2269 Manuscripti
901 2198 1119 2255 codices
1141 2213 1332 2255 omnes
1350 2198 1553 2255 habent
1571 2199 1828 2256 Dextrum
1854 2200 2056 2256 obiisse

459 2304 602 2344 anno
636 2289 851 2346 Domini
879 2289 986 2346 414
1016 2307 1122 2346 non
1153 2290 1280 2358 459,
1311 2302 1367 2348 et
1392 2291 1509 2362 ipse
1537 2292 2056 2363 Cmsaraugustanus

458 2396 692 2437 cxcusus
741 2384 1122 2455 manu-ipsius
1173 2386 1513 2441 recenseatis
1565 2395 1850 2442 correctus
1893 2387 2055 2458 vulgo

457 2477 628 2532 venit.

531 2570 699 2626 Recte
712 2569 930 2641 quidem
958 2570 1032 2624 ait
1054 2569 1323 2624 Maximus
1342 2568 1566 2625 Paulum
1581 2569 1836 2627 Orosium
1855 2571 2056 2628 obiisse

458 2665 775 2722 centenario
801 2665 1063 2734 majorem
1099 2679 1242 2718 anno
1287 2661 1488 2719 Christi
1521 2664 1621 2719 471
1652 2709 1667 2733 ,
1717 2681 1840 2720 cum
1897 2677 2054 2724 natus

457 2759 620 2812 fuerit
650 2758 777 2825 570,
809 2768 865 2812 ut
885 2757 1242 2813 correctiores
1273 2757 1490 2814 codices
1518 2758 1749 2826 habent,
1772 2759 1841 2815 de
1862 2776 1970 2831 quo
2000 2763 2052 2817 in

455 2850 981 2922 reSpousioneadJl
1009 2849 1281 2920 objectum
1303 2849 1593 2906 adversum
1615 2852 1896 2921 Dextrum,
1921 2854 2054 2909 satis

457 2945 716 3001 diximus.

529 3041 797 3111 Suspecta
822 3054 1037 3110 quoque
1058 3039 1188 3095 mihi
1211 3056 1314 3095 vox
1342 3039 1430 3096 illa
1455 3049 1560 3106 est,
1592 3040 1687 3096 sed
1711 3041 1778 3096 ab
1801 3043 2056 3112 Augusti-

2156 1822 2512 1885 adhrercbat,
2555 1833 2613 1877 ut
2655 1823 2851 1879 dubius
2896 1824 3076 1879 forsan
3108 1823 3178 1880 de
3225 1823 3489 1894 religione
3527 1826 3754 1880 multum

2157 1933 2263 1972 non
2292 1916 2604 1973 adhaereret
2631 1917 2917 1973 catholica:
2943 1919 3101 1990 :quiu
3128 1918 3294 1973 immo
3320 1919 3549 1974 interius
3569 1919 3759 1974 catho-

2157 2015 2276 2069 licis
2299 2015 2609 2069 consentire
2635 2013 2936 2070 dicebatur.
2961 2013 3073 2070 Nec
3096 2014 3292 2068 mirum
3313 2028 3437 2069 cum
3461 2014 3760 2068 monacho-

2157 2124 2278 2164 rum
2303 2109 2631 2163 monasteria
2660 2106 2955 2163 tedificaret
2974 2117 3067 2163 aut
3091 2115 3442 2172 restauraret,
3467 2115 3526 2161 ut
3546 2106 3755 2178 Syslam

2158 2211 2500 2258 restaurasse
2531 2201 2751 2258 dicitur.
2787 2202 2860 2257 De
2891 2202 3109 2257 nomine
3137 2211 3316 2256 autem
3357 2200 3478 2272 ejus
3519 2201 3758 2256 emnohii

2159 2311 2266 2351 non
2300 2296 2526 2350 multum
2549 2310 2700 2363 curo,
2734 2310 2857 2350 nam
2890 2295 3060 2365 potuit
3085 2295 3138 2350 in
3169 2293 3434 2349 honorem
3464 2293 3758 2349 multorum

2159 2389 2321 2445 simul
2349 2397 2664 2446 sanctorum
2717 2388 2999 2455 :edificari,
3032 2387 3173 2458 quod
3205 2387 3258 2442 in
3307 2385 3430 2441 aliis
3477 2385 3757 2449 videmus;

2160 2492 2252 2537 aut
2281 2483 2514 2536 alterum
2546 2496 2767 2550 nomen,
2803 2496 2926 2537 cum
2976 2480 3307 2536 aedificatum
3358 2488 3467 2546 est,
3525 2478 3758 2534 alterum

2159 2577 2212 2632 in
2243 2575 2666 2630 remdificatione
2703 2575 2888 2630 sortiri
2917 2575 3114 2644 potuit.

2233 2668 2314 2724 En
2347 2669 2612 2725 camelum
2661 2683 2822 2738 quem
2873 2668 3140 2740 dcglutire
3190 2667 3489 2724 Pennottus
3519 2680 3628 2723 non
3671 2681 3763 2722 re—

2161 2763 2302 2819 nuit.
2340 2760 2634 2818 Ecclesiam
2674 2762 2732 2818 S.
2778 2762 2964 2818 Maria:
2995 2762 3064 2818 de
3110 2762 3272 2818 Pilari
3318 2762 3389 2816 ab
3442 2761 3762 2830 apostolicis

2160 2855 2498 2926 temporibus
2531 2871 2699 2926 usque
2728 2854 2794 2910 ad
2827 2870 3102 2926 prmsens,
3150 2855 3267 2911 sine
3319 2853 3762 2925 interpellatione

2161 2947 2331 3003 fuisse
2361 2949 2746 3005 canonicorum
2766 2948 3118 3020 regularinm,
3141 2966 3303 3021 quam
3334 2958 3515 3005 tamen
3539 2958 3758 3004 constat

2160 3041 2226 3095 ad
2252 3043 2527 3112 regulares
2557 3042 2840 3098 transiisse
2870 3057 3015 3099 anno
3065 3043 3279 3098 Domini
3311 3043 3441 3099 HM
3493 3027 3761 3099 beneficio

457 3133 637 3189 nianis
665 3131 909 3187 eremitis
926 3132 1164 3187 additam
1195 3149 1301 3188 non
1344 3133 1535 3201 credo,
1557 3135 1652 3188 sed
1689 3134 1758 3190 ab
1789 3135 2060 3190 Eutlirau-
2083 3113 2130 3176 ο
2163 3133 2470 3189 lnnocentii
2493 3135 2596 3190 PP.
2627 3135 2690 3201 ll,
2721 3135 2874 3207 cujus
2903 3151 3070 3207 super
3091 3151 3152 3192 ea
3184 3151 3243 3192 re
3270 3137 3581 3208 apostolicae
3609 3137 3760 3193 litte-
3843 3140 3852 3147 ‘

456 3227 549 3296 do,
582 3236 676 3280 aut
705 3226 774 3281 ab
799 3226 906 3281 alio
935 3227 1159 3294 antiquo
1206 3224 1521 3292 scholiastc,
1564 3241 1660 3282 seu
1701 3237 2053 3298 annotatore;

458 3333 564 3390 qua
593 3319 660 3374 de
689 3334 748 3374 re
781 3320 912 3374 satis
944 3319 1176 3374 diximus
1203 3319 1254 3374 in
1285 3329 1583 3376 comment.
1609 3321 1677 3375 ad
1702 3337 1830 3378 ann.
1862 3324 1970 3380 429
1998 3343 2054 3382 u.

458 3414 520 3480 5,
556 3427 654 3468 nec
699 3414 923 3467 omnino
971 3428 1074 3468 vox
1128 3414 1240 3483 ipsa
1284 3428 1314 3466 a
1341 3423 1556 3470 vetusto
1596 3415 1762 3471 modo
1799 3416 2056 3488 loquendi

455 3505 781 3576 scriptorum
805 3506 1086 3572 abhorret,
1121 3521 1243 3560 cum
1268 3505 1561 3562 Zacharias
1605 3508 1884 3564 Romanus
1909 3509 2055 3566 Pon-

457 3599 612 3666 tifcx,
645 3601 734 3671 qui
762 3616 867 3655 non
898 3600 1056 3670 longe
1086 3616 1115 3654 a
1138 3599 1206 3654 Μ.
1242 3600 1476 3656 Maximo
1501 3601 1657 3670 vixit,
1688 3603 1940 3660 ordinem
1992 3605 2052 3662 S.

458 3693 740 3748 Benedicti
784 3693 1144 3748 nominaverit
1191 3692 1245 3749 in
1299 3693 1579 3766 privilegio
1619 3709 1649 3749 a
1696 3711 1756 3752 se
1795 3709 2056 3754 concesso

459 3786 664 3843 Vener.
700 3786 954 3843 ccenobio
977 3783 1436 3856 Montis-Cassiui,
1466 3787 1622 3858 cujus
1652 3789 1817 3846 verba
1847 3770 1914 3847 eo
1951 3791 2055 3850 loci

459 3881 729 3939 dedimus.

531 3975 645 4032 lloc
676 3977 795 4032 loco
824 3975 982 4032 facile
1031 3977 1330 4034 Penuottus
1362 3978 1612 4048 miratur,
1649 3995 1770 4037 cum
1819 3983 2053 4056 idipsum

455 4069 599 4136 quod
623 4067 886 4123 Maximus
907 4069 974 4124 de
999 4069 1060 4124 S.
1091 4069 1376 4140 Fulgentio
1399 4070 1669 4142 RuSpensi
1716 4075 1928 4142 scribit,
1961 4076 2055 4132 alii

455 4176 672 4231 quoque
692 4171 943 4216 auctores
968 4160 1262 4230 fateantur,
1293 4171 1350 4217 ut
1371 4164 1556 4220 videre
1578 4175 1660 4221 est
1703 4166 1844 4237 apud
1885 4168 2054 4240 Equi-

458 4254 629 4309 linum
657 4255 750 4311 lib.
769 4271 825 4321 u,
853 4269 901 4310 c.
932 4257 1021 4323 52,
1049 4254 1205 4312 Joan.
1232 4255 1510 4312 Marietam
1532 4257 1598 4314 de
1624 4250 1844 4316 Sanctis
1863 4260 2055 4334 liiSpa-

455 4350 594 4415 niae,
626 4357 680 4404 et
712 4350 870 4403 alios.

529 4441 606 4496 De
634 4457 767 4496 voce
797 4442 908 4508 illa,
935 4443 1133 4496 ordinis
1250 4443 1538 4518 Benedicti,
1568 4445 1679 4501 dixi
1712 4447 1878 4504 modo
1901 4465 2049 4504 num.

2162 3244 2239 3284 ra:
2268 3242 2333 3282 eo
2359 3242 2502 3282 anno
2535 3227 2822 3298 expeditae,
2856 3229 2945 3299 qui
2973 3233 3056 3284 sui
3089 3229 3433 3300 pontificatus
3458 3231 3662 3294 fuitl2,
3698 3231 3754 3286 in

2162 3321 2330 3391 ipsius
2358 3319 2681 3376 venerandae
2713 3320 2959 3375 ecclesia:
2984 3321 3208 3376 archivo
3231 3329 3600 3386 asservantur,
3624 3336 3751 3376 cum

2160 3413 2280 3468 aliis
2308 3413 2532 3485 Eugeuii
2566 3413 2630 3468 ΙΙΙ
2674 3428 2766 3468 an.
2801 3413 2938 3470 {HG
2969 3413 3319 3484 pontificatus
3341 3428 3432 3467 an.
3463 3412 3517 3477 2,
3549 3422 3606 3469 et
3629 3414 3752 3469 aliis

2161 3506 2346 3562 itidem
2371 3506 2661 3561 Alexandri
2694 3504 2760 3560 Ill
2788 3520 2931 3562 anno
2962 3507 3130 3572 H75,
3165 3505 3508 3576 pontificatus
3547 3506 3630 3560 sui
3659 3505 3750 3570 l2,

2160 3615 2294 3672 quas
2325 3598 2390 3654 ad
2421 3615 2577 3655 suum
2627 3599 2865 3654 favorem
2909 3599 3153 3655 canonici
3200 3599 3370 3670 ipsius
3398 3598 3656 3669 allegant,
3697 3609 3756 3655 et

2163 3692 2472 3764 producunt
2488 3692 2540 3746 in
2559 3707 2720 3747 causa
2742 3707 2908 3760 super
2932 3691 3291 3763 praecedentia
3312 3706 3473 3763 quam
3493 3707 3614 3746 cum
3636 3692 3756 3748 aliis

2159 3784 2562 3841 eathedralibus
2591 3784 2877 3852 Aragonize
2919 3793 3178 3851 tractant;
3221 3787 3426 3856 easque
3453 3783 3623 3840 refert
3647 3784 3759 3839 Au-

2159 3879 2408 3950 gustinus
2443 3876 2713 3933 Morlaues
2735 3877 2786 3932 in
2809 3877 3136 3947 allegationc
3164 3892 3262 3948 pro
3297 3875 3529 3933 ecclesia
3557 3877 3626 3932 de
3670 3875 3760 3932 Pi-

2159 3970 2258 4026 lari
2293 3978 2444 4040 parte
2471 3969 2528 4034 2,
2555 3985 2700 4025 num.
2725 3970 2852 4026 585.
2871 3969 3142 4024 (Steterunt
3169 3969 3308 4039 quod
3328 3968 3462 4024 dicit
3483 3969 3532 4023 in
3547 3967 3755 4025 Chron.

2159 4063 2422 4118 Maximus
2451 4061 2651 4117 multos
2674 4061 2791 4118 dies
2821 4062 2997 4133 ipsum
3023 4063 3200 4132 egisse
3230 4061 3332 4118 sub
3355 4062 3538 4132 regula
3570 4061 3630 4118 S.
3660 4063 3758 4118 Be-

2161 4157 2362 4214 nedicti
2395 4157 2444 4211 iu
2473 4155 2590 4211 aulo
2618 4155 2676 4212 S.
2711 4155 2894 4211 Maria:
2922 4156 2991 4212 de
3021 4155 3304 4220 Columna,
3333 4154 3554 4226 etquod
3589 4169 3757 4226 prOpe

2157 4259 2275 4306 erat
2293 4249 2680 4304 Monasterium
2705 4263 2861 4304 suum
2887 4253 3264 4314 constitutum,
3289 4249 3750 4318 eosolumtendit,

2159 4346 2447 4412 utiuuuat,
2475 4362 2601 4402 cum
2646 4348 2880 4418 primum
2920 4347 3256 4404 Bcnedietini
3285 4347 3754 4419 Ctesaraugustam

2160 4439 2522 4495 adventarunt
2551 4440 2722 4496 aedem
2754 4440 3045 4496 incoluisse
3078 4440 3313 4512 praefata:
3339 4442 3587 4497 ecclesia:
3619 4454 3755 4497 con-

453 4532 524 4599 4;
569 4533 868 4589 Pennottus
891 4549 1019 4589 vero
1045 4533 1286 4591 infensus
1317 4514 1706 4606 Benedictinis,
1731 4541 1877 4612 quod
1908 4542 2050 4599 inter
2079 4514 2132 4576 D
2159 4533 2395 4603 lienam.
2446 4548 2544 4590 seu
2574 4533 2844 4601 vicinam.
2896 4536 3040 4590 unde
3084 4535 3348 4591 adeuntes
3383 4550 3498 4591 rem
3543 4552 3753 4592 sacram

455 4639 714 4696 utrosque
739 4643 903 4698 super
928 4627 1185 4683 ordinum
1234 4630 1557 4702 antiquitate
1577 4633 1777 4689 acriter
1803 4634 2052 4690 decerta-

453 4730 567 4776 tum
582 4723 674 4787 sit,
701 4722 972 4777 immerito
996 4734 1048 4777 et
1074 4721 1244 4792 gratis
1265 4723 1522 4794 deprimit
1549 4726 1757 4782 ordinis
1782 4727 1840 4784 S.
1867 4729 2047 4785 Bene-

449 4814 580 4869 dicti
613 4814 1012 4886 antiquitatem,
1048 4822 1105 4871 et
1131 4815 1474 4874 fundationes
1506 4821 1966 4876 monasteriorum
1993 4822 2046 4877 in

449 4907 731 4977 Hispania,
755 4923 890 4978 quas
918 4925 1089 4982 usque
1117 4910 1183 4966 ad
1230 4926 1430 4968 annum
1463 4913 1676 4970 Domini
1703 4914 1809 4969 646
1839 4916 2048 4972 violen-

450 5011 537 5056 ter
585 5002 894 5070 suspendit;
947 5003 1089 5073 quod
1122 5013 1298 5061 tamen
1352 5023 1458 5062 non
1510 5007 1769 5078 probans,
1824 5011 2044 5081 proprio

446 5103 624 5150 marte
659 5095 804 5166 loqui
828 5097 1192 5166 convincitur,
1227 5108 1283 5154 et
1303 5101 1496 5157 saltem
1521 5103 1572 5157 in
1599 5102 1699 5157 hac
1728 5116 1914 5171 causa,
1943 5119 2036 5160 cu-

439 5186 532 5257 jus
556 5203 679 5258 pars
716 5188 962 5246 formalis
989 5201 1096 5261 est,
1131 5200 1319 5262 utpote
1351 5195 1703 5252 vehementer
1731 5207 2041 5269 suspectus,

441 5281 744 5338 audiendus
768 5299 874 5339 non
906 5295 1009 5340 est.
1039 5284 1146 5342 Sed
1169 5288 1297 5358 quid
1329 5288 1373 5343 si
1402 5289 1460 5345 S.
1500 5288 1812 5346 Vincentius
1851 5290 2042 5362 Legio-

439 5378 631 5432 neusis
653 5378 797 5433 circa
826 5393 1026 5434 annum
1065 5381 1275 5437 Domini
1303 5381 1408 5438 541
1436 5382 1646 5438 Italiam
1677 5383 2034 5450 contendens,

441 5469 688 5524 habitum
719 5469 787 5525 de
816 5486 978 5526 manu
1002 5471 1058 5526 S.
1087 5471 1147 5526 P.
1172 5473 1448 5528 Benedicti
1482 5473 1677 5541 induit,
1703 5474 1792 5545 qui
1815 5482 2038 5529 auctore

438 5561 560 5631 ipso
594 5563 862 5617 Pennotto
915 5565 983 5618 ab
1014 5578 1157 5619 anno
1207 5565 1313 5621 525
1360 5566 1656 5622 monachos
1704 5581 2038 5637 congregare

441 5664 706 5722 coeperat,
737 5654 860 5710 inde
881 5655 934 5709 in
963 5658 1190 5727 patriam
1214 5658 1495 5726 remeavit,
1530 5659 1622 5713 ubi
1646 5674 1789 5714 anno
1811 5660 1914 5717 540
1935 5660 2036 5716 sub

445 5747 751 5806 llichillane
768 5766 893 5822 rege
908 5750 1084 5807 Suevo
1099 5753 1354 5810 haeretico
1378 5755 1694 5824 martyrium
1709 5768 1900 5825 passus
1918 5756 2036 5811 est?

2153 4643 2339 4683 coram
2369 4628 2602 4699 imagine
2633 4629 2694 4684 Β.
2721 4628 2816 4685 Dei
2839 4627 3127 4685 Genitricis
3163 4629 3402 4698 quotidie
3433 4629 3703 4686 faciebant
3735 4647 3750 4685 :

2153 4737 2433 4794 quousque
2465 4723 2574 4777 illis
2603 4722 2926 4777 aedificatum
2959 4721 3060 4776 fuit
3085 4722 3396 4778 coenobium
3426 4721 3495 4776 ad
3547 4721 3750 4776 Messes

2154 4817 2420 4885 Sanctus;
2451 4816 2594 4888 quod
2626 4816 2776 4873 brevi
2809 4827 3051 4888 tempore
3081 4815 3196 4870 ﬁeri
3226 4815 3436 4886 potuit;
3464 4826 3519 4873 et
3549 4817 3751 4873 nihilo-

2151 4916 2332 4988 minus
2354 4914 2459 4970 dici
2491 4930 2616 4970 vere
2641 4915 2983 4986 postmodum
3007 4914 3196 4986 quivit,
3224 4913 3367 4986 quod
3386 4924 3548 4970 antea
3580 4927 3747 4984 prope

2148 5008 2437 5064 ecclesiam
2464 5007 2531 5064 de
2564 5007 2730 5064 Pilari
2763 5017 2880 5064 erat
2933 5009 3325 5063 monasterium
3355 5007 3742 5064 monachorum

2146 5099 2206 5157 S.
2238 5099 2535 5156 Benedicti.
2557 5099 2695 5168 Quid
2717 5101 2861 5156 enim
2886 5099 3133 5156 estaliud
3167 5099 3556 5156 monasterium
3581 5115 3740 5171 quam

2145 5195 2340 5250 domus
2369 5211 2400 5250 a
2425 5195 2710 5250 monachis
2740 5194 3016 5254 habitata?
3045 5194 3141 5252 sed
3171 5207 3224 5251 et
3252 5195 3359 5252 hoc
3377 5194 3618 5268 quotidie
3665 5195 3742 5251 vi-

2145 5287 2336 5344 demus
2366 5287 2419 5343 in
2465 5287 2750 5343 monachis
2793 5287 3124 5356 reformatis,
3148 5287 3239 5358 qui
3271 5289 3506 5359 primum
3527 5304 3558 5344 e
3579 5288 3740 5343 domo

2147 5381 2283 5436 satis
2312 5379 2517 5451 vulgari
2560 5381 2954 5437 monasterium
2985 5381 3348 5449 constituunt,
3380 5379 3497 5436 sola
3525 5380 3740 5436 clausu-

2146 5488 2207 5528 ra
2230 5482 2284 5530 et
2315 5473 2633 5544 campanula
2667 5473 2734 5528 ad
2757 5481 2967 5543 portam
2988 5472 3202 5528 addita:
3239 5488 3272 5529 e
3292 5487 3394 5543 qua
3421 5472 3738 5545 plerumque

2143 5565 2211 5622 ad
2241 5565 2756 5620 novummdificium
2780 5565 2929 5622 brevi
2954 5573 3255 5633 transeunt,
3280 5565 3464 5620 veteris
3483 5575 3737 5622 monaste-

2142 5659 2212 5715 rii
2239 5658 2460 5715 nomine
2481 5658 2667 5714 domui
2699 5659 2862 5728 priori
2908 5659 3122 5716 relicto.

2215 5755 2355 5810 llinc
2385 5754 2566 5825 potius
2594 5753 2764 5810 robur
2792 5753 2992 5824 accipit
3033 5752 3301 5810 sententia
3332 5752 3483 5809 card.
3527 5751 3730 5809 Bellar-
