4062 6340
288 253 398 313 633

1329 243 1856 306 APOLOGETICUS
1892 243 2029 303 PRO
2068 245 2128 304 L.
2173 246 2478 308 DEXTRO.

3469 255 3574 315 63b

282 367 438 434 mini,
469 381 596 439 qum
618 363 900 421 canonicis
925 363 1056 435 ipsis
1085 361 1430 434 regularibus
1459 363 1652 434 placet,
1687 361 1741 418 id
1772 370 1878 426 est,
1908 361 1961 421 Α
1987 371 2196 418 nottum
2229 364 2280 420 id
2309 381 2415 421 non
2445 364 2723 436 ignorare,
2753 367 2846 439 qui
2869 381 3015 439 saepe
3039 367 3094 425 in
3123 367 3417 440 Tripartita
3447 387 3570 441 sua,

281 461 495 518 Simoni
517 458 778 516 Uverliuo
801 458 1095 530 prmposito
1117 457 1333 513 Sanctae
1354 455 1535 512 Maria!
1552 458 1602 512 in
1626 456 1874 523 Diessen,

279 571 443 627 quem
473 554 720 626 sequitur
751 553 1069 608 llernardus
1109 551 1434 622 Vindingus,
1471 565 1577 606 non
1609 551 1754 608 enim
1792 566 1878 606 re-

277 649 406 721 gula
446 648 673 718 scripta,
706 647 802 701 sed
837 645 952 701 viva
985 659 1153 712 voce,
1187 654 1244 700 et
1283 644 1542 712 excn‘tplo
1579 643 1876 700 monachos

279 757 377 798 seu
408 741 704 796 canonicos
735 753 862 794 suos
889 739 1087 794 Doctor
1115 739 1497 794 sanctissimus
1527 736 1745 794 edocuit
1779 755 1792 792 :
1819 745 1878 791 nt

278 837 500 893 caeteris
539 833 724 906 prisco
773 843 1022 904 tempore
1067 832 1322 888 Patribus
1381 832 1552 888 moris
1597 831 1720 888 fuit.
1768 833 1872 888 Ant

277 932 412 988 dent
442 930 604 987 nobis
626 929 774 1002 aptzd
797 930 972 1000 ipsum
1006 927 1391 998 Augustinum.
1433 935 1525 982 aut
1571 926 1872 982 Possidium

279 1027 330 1080 in
359 1024 626 1095 catalogis
655 1038 885 1095 operum
929 1022 1048 1093 ejus
1094 1021 1494 1077 studiosissime
1543 1020 1871 1087 elaboratis,

277 1118 360 1175 vel
404 1117 580 1174 levem
608 1116 815 1187 regula:
860 1117 1080 1186 seriptm
1124 1114 1458 1170 mentionem
1495 1132 1506 1166 :
1541 1113 1682 1183 quod
1714 1128 1876 1182 argu-

277 1221 524 1269 mentum
575 1209 858 1266 evidenter
905 1207 1185 1264 convincit
1247 1206 1611 1277 Augustinum
1671 1205 1872 1260 nullam

274 1304 569 1375 scripsisse
609 1301 850 1372 regulam
899 1301 1178 1371 discipulis
1216 1300 1329 1355 suis
1364 1316 1378 1353 :
1411 1300 1602 1355 saltem
1645 1314 1712 1354 cx
1745 1313 1873 1355 sen-

275 1398 448 1453 tentia
480 1397 760 1465 Penuotti,
794 1403 852 1450 ut
881 1409 1044 1466 supra
1073 1392 1382 1450 notavimus
1405 1391 1452 1462 §.
1483 1390 1539 1457 4,
1572 1408 1628 1446 ιι.
1654 1391 1689 1447 5
1718 1389 1875 1459 hujus

273 1490 578 1562 apologicae
610 1487 1014 1558 respoitsionis;
1040 1497 1095 1542 et
1121 1484 1245 1540 inde
1267 1483 1513 1556 estquod
1541 1483 1604 1539 D.
1638 1482 1876 1539 lldefon-

275 1599 394 1650 sus,
422 1597 487 1638 ac
517 1580 726 1647 cteteri,
762 1581 850 1650 qui
883 1579 951 1636 de
992 1580 1202 1634 Donato
1234 1587 1398 1648 agunt
1431 1577 1534 1649 (ill.
1580 1577 1871 1633 Maximum

274 1676 529 1748 excipio)
555 1675 762 1744 regula:
793 1673 1204 1746 Augustiniana:
1231 1689 1260 1727 a
1294 1687 1354 1727 se
1386 1672 1438 1726 in
1470 1670 1758 1742 Hispanias
1791 1673 1874 1725 in-

1981 457 2229 514 adduetis
2269 463 2432 515 etiam
2477 461 2649 516 sacris
2697 462 2996 518 canonibus
3045 464 3100 518 in
3146 464 3383 520 medium
3428 467 3572 524 idem

1981 551 2239 606 inculcat.
2272 551 2415 624 Ergo
2448 552 2518 609 Μ.
2552 553 2840 609 Maximum
2872 569 2903 611 e
2929 556 3264 611 monasterio
3290 557 3355 611 ad
3393 559 3575 615 archi-

1979 643 2324 700 diaconatum
2373 646 2954 716 Cmsaraugnstanttm,
3007 646 3247 719 indeque
3302 648 3369 704 ad
3400 649 3570 722 ipsam

1978 737 2290 794 cathedram
2323 739 2544 806 abduci,
2580 755 2740 796 nemo
2767 741 2953 797 mirari
2985 750 3188 813 potest.

2047 832 2185 902 Quid
2217 833 2261 888 si
2284 833 2580 890 identidem
2621 836 2929 891 scriberent
2963 839 3262 906 scriptorcs
3307 836 3564 894 classici?

1977 925 2136 980 Certe
2166 925 2222 981 8.
2249 925 2491 981 Isidorus
2517 927 2570 981 id
2604 927 2768 984 habet
2796 928 2849 984 in
2883 927 3183 993 Chronico,
3215 929 3360 1001 quod
3399 929 3574 986 Lucas

1977 1017 2278 1083 Tudt-nsis,
2321 1018 2476 1090 jussu
2526 1020 2865 1088 Berengaria:
2910 1023 3113 1093 regina:
3164 1023 3467 1089 recensuit;
3519 1033 3574 1080 et

1976 1114 2093 1181 ipse
2124 1114 2393 1169 Tudensis
2421 1114 2551 1186 (seu
2594 1114 2915 1180 Tuditanus,
2951 1127 3009 1171 ut
3044 1116 3342 1171 Pennotlus
3375 1119 3570 1189 vocat)

1975 1215 2061 1270 cui
2088 1214 2251 1270 etiam
2280 1215 2513 1270 multum
2543 1229 2641 1286 pro
2664 1216 2872 1271 meritis
2904 1215 3098 1281 defert,
3129 1215 3304 1272 eidem
3333 1217 3571 1272 subscri-
3633 1247 3656 1260 κ

1975 1307 2076 1372 hit,
2123 1317 2178 1363 et
2219 1307 2363 1378 quod
2395 1317 2558 1378 caput
2583 1317 2687 1376 est,
2739 1308 2803 1364 Ι).
2853 1307 3160 1366 lldcfonsns
3204 1309 3256 1364 in
3287 1310 3574 1365 continua-

1975 1401 2124 1455 tione
2170 1398 2456 1455 lsidoriani
2505 1398 2780 1455 Chronici.
2816 1401 2975 1454 Anno
3027 1399 3190 1470 igitur
3222 1400 3432 1456 Domini
3466 1401 3572 1455 606

1976 1492 2350 1547 Macltometus
2403 1491 2879 1563 psettdopropheta
2935 1492 2990 1546 in
3044 1492 3331 1564 llispanias
3381 1491 3569 1558 irruit,

1975 1586 2288 1641 commercii
2315 1594 2371 1641 et
2397 1585 2800 1656 prtedicationis
2830 1593 3128 1656 praetextu;
3171 1586 3266 1642 sed
3310 1586 3435 1642 inde
3475 1586 3574 1642 lsi-

1976 1679 2096 1734 dori
2129 1680 2460 1749 llispafensis
2483 1694 2650 1752 opera
2679 1695 2801 1734 cum
2835 1679 3162 1736 verecundia
3218 1680 3423 1750 ejecms
3463 1689 3570 1746 est,

274 1771 459 1826 ducta:
489 1784 598 1825 non
639 1768 1009 1823 meminerint.
1045 1766 1318 1822 Maximus
1347 1781 1478 1820 vero
1527 1764 1746 1820 nomine
1788 1780 1846 1819 re
1901 1749 1950 1812 Β
1977 1788 2079 1843 qua
2111 1772 2178 1828 de
2206 1788 2287 1842 re,
2321 1772 2434 1828 Deo
2457 1749 2642 1837 dante,
2675 1771 2920 1828 dicemus
2958 1773 3010 1828 in
3056 1749 3368 1830 Comment.
3398 1773 3465 1827 ad
3499 1772 3569 1828 Μ.

276 1864 417 1934 gula:
443 1864 503 1919 S.
537 1861 831 1933 Augustini
871 1875 977 1916 non
1009 1860 1230 1932 quidem
1263 1849 1603 1930 scripturam'
1634 1858 1870 1929 aliquam

277 1958 554 2029 intelligit,
574 1957 671 2012 sed
693 1956 935 2023 modum,
967 1969 1322 2026 normamque
1351 1954 1570 2010 vivendi
1597 1956 1714 2010 viva
1743 1969 1874 2011 voce

276 2055 348 2110 ab
379 2051 690 2121 Augustino
716 2050 829 2104 suis
858 2049 1137 2116 traditam,
1165 2064 1287 2120 qua:
1317 2064 1449 2104 sane
1476 2063 1575 2119 pro
1616 2049 1873 2120 temporis

279 2150 516 2212 fervore,
560 2145 806 2215 rigorosa
849 2141 1147 2198 admodum
1189 2157 1310 2198 esse
1353 2141 1633 2198 credenda
1673 2151 1876 2198 estzet

279 2240 489 2298 idcirco
532 2237 768 2308 mitigari
819 2234 1164 2307 postmodum
1197 2234 1371 2304 potuit
1403 2251 1431 2290 a
1457 2234 1516 2291 S.
1552 2236 1780 2301 Donato,
1818 2245 1875 2290 ιιι

279 2331 550 2404 frigidiori
572 2329 805 2401 regioni,
835 2328 1014 2400 qualis
1038 2337 1122 2383 est
1149 2327 1429 2400 lliSpania,
1453 2339 1703 2399 respectu
1734 2327 1876 2382 Afri-

279 2442 378 2490 caz,
402 2425 780 2495 adoptaretur.
805 2421 1009 2492 Regula
1031 2436 1163 2477 vero
1185 2436 1308 2492 quae
1328 2436 1471 2477 nunc
1493 2436 1606 2493 pra:
1627 2421 1876 2475 manibus

281 2529 385 2585 est,
411 2534 480 2574 ex
510 2515 742 2588 epistola
775 2514 878 2572 109
906 2522 1150 2571 extracta
1180 2514 1413 2580 videtur,
1443 2513 1494 2568 in
1529 2528 1633 2584 qua
1661 2512 1877 2568 variato

281 2628 417 2668 sexu
449 2611 765 2666 continetur
795 2608 862 2664 ad
891 2609 1116 2665 verbum
1141 2625 1154 2673 ;
1182 2618 1374 2680 estque
1399 2607 1645 2680 quaedam
1675 2609 1878 2663 instru-

281 2708 391 2763 ctio
411 2704 535 2761 vita:
555 2703 1071 2770 sanctimonialium,
1096 2717 1260 2774 quam
1285 2702 1392 2758 illis
1416 2702 1703 2757 occasione
1723 2717 1875 2757 sum-

284 2812 373 2873 pta
409 2815 439 2855 a
467 2797 871 2864 controversia,
903 2812 1065 2868 quam
1096 2811 1221 2851 cum
1255 2795 1546 2867 pra-posita
1583 2795 1875 2864 habebant,

284 2895 572 2968 przefigere
600 2891 841 2957 studuit;
873 2891 1016 2948 unde
1046 2892 1184 2947 nihil
1219 2891 1272 2947 in
1303 2907 1364 2948 ea
1406 2892 1474 2947 de
1503 2892 1875 2966 presbyteris,

282 2988 522 3054 cfericis,
547 2995 638 3041 aut
664 2985 1118 3058 prmdieatorihus
1148 2985 1357 3055 agitur;
1389 2994 1444 3040 et
1465 2985 1510 3040 si
1531 2985 1600 3042 de
1619 3002 1729 3041 uno
1757 3001 1879 3058 pre-

283 3083 508 3154 sbytero
539 3079 741 3135 mentio
774 3079 853 3146 fit,
881 3079 927 3134 is
949 3078 1066 3150 ipse
1091 3080 1364 3134 convincit
1390 3080 1629 3150 regulam
1662 3080 1879 3136 feminis

284 3173 454 3227 fuisse
471 3171 865 3241 conscriptam;
893 3185 1016 3224 nam
1039 3169 1351 3240 praecipitur
1370 3170 1487 3240 plus
1511 3170 1876 3226 obediendum

282 3278 405 3320 esse
449 3263 794 3335 presbytero,
840 3261 929 3331 qui
976 3261 1219 3316 omnium
1267 3275 1452 3317 curam
1504 3262 1666 3333 gerit,
1716 3275 1876 3334 quam

284 3357 583 3430 pra-posito
615 3375 628 3410 :
661 3355 807 3428 quod
857 3356 910 3411 in
962 3355 1092 3410 viris
1141 3355 1322 3410 locum
1357 3371 1462 3410 non
1511 3355 1701 3421 habet;
1753 3371 1876 3411 cum

283 3450 580 3523 praeposito
607 3465 717 3522 prze
747 3449 1000 3505 omnibus
1025 3449 1388 3504 obedientium
1419 3447 1482 3504 sit
1504 3467 1516 3502 :
1537 3449 1676 3505 bene
1697 3459 1876 3505 autent

284 3543 336 3598 in
377 3542 620 3610 feminis,
677 3541 874 3614 quibus
904 3557 1043 3597 unus
1085 3542 1382 3613 pra-ficitur
1412 3543 1716 3616 presbyter,
1767 3559 1878 3614 pra:

285 3638 518 3709 regulari
550 3639 844 3709 prmposito
878 3636 1239 3692 obediendus.
1272 3637 1382 3692 Aut
1410 3647 1714 3693 monstrent
1758 3639 1879 3710 quis

284 3745 542 3800 umquam
589 3731 690 3784 fttit
718 3731 808 3786 ille
841 3730 1129 3802 presbyter
1175 3730 1457 3786 canonicis
1504 3740 1597 3785 aut
1635 3732 1878 3787 eremitis

281 3837 446 3894 supra
471 3823 776 3894 regularem
799 3824 1149 3894 prmpositum
1173 3823 1250 3878 eis
1273 3823 1464 3878 datus?
1487 3823 1639 3892 Quod
1657 3823 1701 3878 si
1717 3840 1876 3896 quem

284 3916 562 3982 finxerint,
599 3916 887 3971 ostendant
921 3916 1065 3971 unde
1095 3914 1145 3970 id
1175 3924 1451 3987 promant,
1484 3932 1607 3971 nam
1635 3917 1754 3971 sine
1784 3933 1878 3972 att-

281 4019 432 4064 ctore
469 4008 723 4064 audiendi
764 4025 870 4064 non
917 4018 1065 4065 sunt.
1105 4009 1239 4064 Hinc
1271 4009 1526 4080 estquod
1574 4009 1762 4080 regula
1811 4026 1876 4065 ex

281 4102 514 4173 epistola
570 4100 820 4157 confecta
847 4100 1133 4156 mitissima
1168 4101 1263 4170 sit,
1298 4111 1488 4171 utp0te
1520 4101 1735 4156 feminis
1764 4102 1873 4158 fra-

279 4197 482 4268 gilibns
517 4195 675 4261 data;
709 4205 766 4251 et
796 4195 976 4252 forsan
1007 4211 1128 4266 qua:
1162 4213 1267 4251 non
1312 4197 1628 4253 continebat
1662 4197 1876 4254 univer-

278 4304 396 4345 sam
439 4289 772 4361 regnlarium
822 4289 1096 4344 actionum
1141 4288 1562 4354 institutionem,
1617 4289 1874 4344 nimirum

279 4381 566 4452 cpistolari
593 4381 900 4436 tractationi
931 4383 1110 4436 minus
1137 4381 1567 4438 accommodam.
1600 4381 1751 4450 Quod
1780 4381 1878 4436 ad-

279 4476 429 4532 ditur
455 4476 526 4532 de
558 4475 848 4532 Scrvitano
879 4474 1210 4531 monasterio
1241 4475 1400 4532 facile
1431 4476 1681 4547 solvitur,
1714 4477 1760 4532 si
1793 4477 1874 4531 di-

277 4585 469 4626 camus
491 4569 602 4624 duo
634 4569 806 4624 fuisse
829 4569 1074 4639 ejusdem
1104 4569 1340 4625 nominis
1369 4579 1497 4626 tunc
1527 4572 1790 4642 temporis
1818 4571 1870 4626 in

279 4663 565 4735 llispania,
596 4663 832 4720 alterum
856 4663 921 4718 ad
949 4665 1322 4734 prmscriptum
1356 4665 1420 4718 D.
1451 4665 1759 4736 Augustini,
1792 4666 1871 4722 al-

278 4763 451 4810 terum
475 4757 576 4810 sub
598 4755 781 4827 regula
811 4756 877 4810 D.
907 4755 1185 4812 Benedicti
1212 4758 1488 4822 militans;
1522 4773 1621 4813 nec
1648 4759 1869 4824 mirum,

277 4863 400 4902 eum
424 4863 542 4904 εειοο
563 4847 660 4903 illo
682 4848 1038 4904 usitatissimo
1059 4850 1324 4906 vocabulo
1350 4851 1588 4905 universi
1619 4851 1872 4907 monachi

278 4941 427 4998 Servi
473 4941 571 4996 Dei
619 4953 1086 5012 nuncuparentur.
1130 4942 1246 4998 Nisi
1290 4945 1462 4998 mavis
1497 4944 1807 5000 C(Bnobium
1840 4961 1870 5001 a

278 5034 336 5091 S.
366 5034 578 5090 Dmato
610 5035 889 5090 fundatum
922 5051 1063 5092 anno
1095 5035 1311 5091 Domini
1356 5035 1461 5091 575
1513 5047 1633 5108 post
1663 5038 1871 5108 aliquot.

277 5143 450 5183 annos
483 5128 682 5198 regula:
729 5129 789 5186 8.
823 5129 1100 5185 Benedicti
1146 5144 1205 5185 se
1232 5128 1566 5192 subdidisse.
1616 5129 1717 5184 sub
1763 5145 1869 5200 qua

278 5222 547 5292 reperitur
577 5221 744 5275 abbas
772 5221 1094 5278 Servitanus
1137 5237 1280 5276 anno
1312 5219 1514 5276 Christi
1547 5220 1674 5286 590,
1723 5220 1868 5289 quod

277 5319 408 5373 satis
453 5318 747 5374 verisimile
776 5327 882 5385 est,
927 5333 1047 5374 cum
1081 5318 1211 5373 olim
1259 5334 1420 5373 nemo
1472 5333 1536 5373 es
1587 5317 1870 5374 monachis

276 5412 644 5470 diversitatem
675 5412 930 5470 ordinum
962 5413 1263 5483 affectaret,
1290 5412 1383 5469 scd
1415 5413 1765 5484 perfectionis
1789 5412 1868 5469 fa-

275 5507 432 5562 cilius
460 5507 704 5562 invenire
726 5506 894 5564 viam.

347 5597 620 5666 Quantum
644 5599 954 5657 dissimulat
983 5601 1324 5672 antiquitatis
1354 5601 1626 5668 notitiam,
1663 5609 1719 5656 ut
1749 5601 1867 5657 inu-

277 5693 500 5749 sitatum
547 5695 650 5751 sibi
701 5695 952 5754 videatur
1001 5696 1301 5752 monachos
1351 5697 1417 5752 ad
1470 5698 1785 5754 clericatum
1835 5711 1867 5753 ε

276 5790 607 5846 monasterio
631 5789 847 5858 abduci,
875 5788 1037 5846 etiam
1057 5791 1324 5847 violenter
1344 5791 1552 5848 solitos.
1577 5790 1701 5849 Scio
1725 5793 1865 5850 Pen-

1909 3130 1954 3196 C

1976 1867 2299 1936 Maximum,
2344 1883 2479 1938 quos
2530 1867 2844 1937 propediem
2899 1882 3171 1936 paramus.
3222 1867 3401 1938 Atque
3452 1866 3573 1922 hzrc

1973 1960 2194 2031 quidem
2227 1974 2323 2030 pro
2347 1959 2666 2014 defensione
2695 1960 2863 2027 ipsius
2895 1973 2994 2029 pro
3023 1973 3165 2014 nunc
3200 1958 3498 2016 sufficiant.

2045 2050 2244 2108 Contra
2279 2051 2611 2108 Eutrandum
2641 2052 2775 2108 nihil
2817 2051 3061 2120 affertur,
3094 2051 3239 2122 quod
3287 2067 3387 2107 nos
3438 2066 3570 2120 pre-

1976 2157 2121 2215 mat;
2182 2146 2622 2219 quandoquidem
2669 2162 2780 2200 non
2832 2147 3128 2201 asserimns
3176 2144 3556 2216 Antipodosim

1978 2256 2135 2296 suam
2186 2240 2362 2310 ipsum
2421 2239 2598 2294 adhuc
2643 2238 2930 2294 diaconum
2977 2238 3319 2302 elaborasse,
3370 2253 3469 2293 nec
3520 2238 3571 2292 in

1977 2334 2169 2390 exsilio
2201 2352 2214 2388 :
2241 2331 2372 2388 nihil
2405 2332 2598 2387 horum
2625 2332 2678 2386 in
2711 2331 2943 2402 epistola
2975 2329 3407 2386 continuationis
3457 2329 3574 2400 ejus

1977 2425 2283 2482 deducitur.
2313 2426 2444 2480 Cum
2471 2440 2602 2480 vero
2623 2423 2823 2479 asserit
2846 2421 3168 2496 produxisse
3194 2421 3573 2492 Antipodosint

1978 2534 2149 2589 usque
2178 2517 2248 2572 ad
2280 2533 2442 2572 teram
2475 2515 2601 2578 963.
2637 2531 2800 2571 teram
2829 2531 2949 2571 cum
2977 2531 3122 2570 anno
3166 2513 3469 2581 confundit,
3495 2514 3570 2568 uti

1977 2613 2179 2672 mullos
2227 2627 2448 2668 suorum
2505 2621 2810 2681 temporum
2863 2609 3061 2666 fecisse
3108 2609 3320 2665 erudite
3367 2608 3576 2664 notavit

1979 2703 2304 2762 Ambrosius
2333 2703 2559 2758 lliorales
2591 2705 2642 2757 in
2678 2703 2791 2758 suis
2819 2701 3245 2772 Antiquitatibus
3277 2701 3572 2772 llispanim.

1979 2796 2151 2853 Porro
2178 2797 2410 2851 Bonisus
2443 2796 2746 2852 Toletanus
2773 2794 3025 2864 antistes,
3059 2795 3213 2865 cujus
3261 2794 3574 2850 Etttrandus

1980 2890 2346 2946 subdiaconus
2397 2889 2516 2955 fuit,
2553 2905 2660 2944 non
2691 2899 2774 2944 est
2805 2889 2924 2958 ejus
2955 2888 3189 2943 nominis
3222 2888 3447 2958 primus,
3479 2887 3572 2959 qui

1980 2999 2127 3040 anno
2161 2983 2370 3038 Domini
2418 2983 2522 3039 865
2565 2983 2774 3039 electus
2813 2983 2932 3050 fuit,
2986 2981 3082 3038 sed
3141 2982 3333 3037 tertius
3364 2982 3575 3036 electus

1985 3079 2157 3135 Toleti
2186 3094 2331 3134 anno
2357 3077 2484 3146 946,
2518 3076 2660 3148 quod
2687 3091 2950 3146 expresse
2998 3077 3212 3130 notavit
3239 3075 3489 3130 Julianus
3520 3075 3572 3130 in

1984 3171 2188 3230 Chron.
2219 3187 2285 3227 eo
2317 3186 2482 3239 anno,
2517 3168 2800 3240 inquiens:
2831 3167 3043 3223 Electus
3075 3178 3181 3223 erat
3214 3177 3384 3223 autem
3416 3165 3577 3222 Boni-

1983 3286 2072 3324 sus
2099 3268 2317 3332 tertius;
2363 3265 2456 3320 sub
2484 3265 2581 3320 hoc
2611 3265 2710 3336 fuit
2746 3265 3091 3319 subdiaconus
3131 3261 3457 3331 Eutrandus,
3499 3262 3579 3316 vel

1983 3362 2336 3434 Luitprandus
2397 3360 2707 3427 Ticinensis,
2766 3359 3106 3413 historiarum
3165 3357 3388 3428 scriptor
3434 3356 3577 3411 haud

1982 3454 2248 3526 ignobilis,
2279 3463 2329 3508 et
2355 3454 2550 3524 pariter
2588 3462 2738 3524 poeta
2777 3451 3051 3506 excellens.
3083 3449 3214 3519 Ejus
3244 3463 3373 3504 vero
3404 3449 3578 3505 Chro-

1984 3550 2144 3604 nicon
2196 3563 2302 3604 non
2334 3537 2507 3619 potuit
2534 3546 2802 3602 Calderon
2841 3543 3064 3608 cudere,
3113 3551 3302 3614 utpote
3328 3542 3394 3596 ad
3424 3541 3578 3611 cujus

1985 3656 2176 3696 manus
2207 3656 2314 3695 non
2345 3649 2683 3710 pervenerat,
2715 3637 2810 3692 sed
2835 3635 3061 3707 epistola
3091 3634 3263 3700 nuda;
3302 3649 3402 3688 nec
3431 3632 3574 3689 enim

1984 3731 2045 3786 P.
2097 3731 2459 3803 Hieronymus
2489 3729 2557 3784 de
2599 3729 2652 3784 la
2699 3729 2928 3799 lliguera
2979 3726 3193 3782 blorillo
3242 3726 3576 3781 Eutrandum

1982 3823 2498 3890 communicaverat,
2517 3836 2547 3876 a
2576 3837 2682 3892 quo
2706 3821 2766 3876 P.
2795 3820 3064 3876 Calderon
3095 3819 3361 3874 Dextrum
3385 3826 3439 3873 et
3468 3817 3577 3872 illa-

1982 3917 2190 3972 ximum
2215 3916 2449 3985 accepit,
2475 3931 2581 3970 non
2609 3915 2732 3986 quia
2759 3915 2943 3984 Spuria
2970 3913 3345 3982 iudicarentur
3367 3913 3434 3968 ab
3460 3911 3571 3977 illo,

1982 4009 2077 4065 sed
2125 4009 2246 4079 quia
2282 4007 2441 4062 tmdio
2482 4007 2696 4078 plenum
2731 4015 2847 4062 erat
2892 4015 2972 4061 tot
2998 4005 3248 4076 exempla
3278 4019 3437 4060 manu
3481 4018 3576 4058 sua

1982 4117 2227 4169 exarare,
2262 4109 2450 4173 quota
2470 4100 2699 4156 diversis
2729 4099 2918 4155 amicis
2952 4113 3046 4154 seu
3078 4097 3255 4154 doctis
3286 4097 3421 4152 viris
3443 4111 3576 4165 quo-

1987 4196 2116 4252 tidie
2143 4197 2210 4251 ab
2253 4210 2319 4251 eo
2349 4193 2728 4264 exigebantur.
2777 4193 2970 4248 Frusta
3011 4192 3160 4246 varia
3202 4191 3575 4245 connnunica-

1981 4288 2061 4343 vit
2101 4287 2284 4343 ntultis
2313 4302 2414 4356 pro
2463 4284 2705 4356 cujusvis
2753 4282 3088 4355 indigentia:
3120 4280 3195 4336 uti
3246 4280 3574 4338 Saudovalio

1982 4380 2239 4452 episeopo
2265 4378 2528 4445 Tudcusi,
2559 4367 2802 4446 Casparo
2837 4373 3118 4436 itlachado.
3161 4382 3216 4428 et
3242 4372 3393 4437 aliis;
3425 4371 3572 4426 Patri

1981 4492 2112 4532 vero
2161 4474 2398 4532 Gabrieli
2447 4473 2694 4544 Vacqut-z
2744 4470 3030 4540 epistolam
3083 4466 3348 4522 Eutrandi
3401 4465 3574 4531 dedit,

1980 4572 2126 4644 quod
2160 4571 2386 4626 multum
2414 4567 2480 4622 ad
2513 4567 2756 4622 favorem
2789 4563 3036 4634 Elipandi
3062 4561 3310 4616 Toletani
3358 4559 3574 4615 arcltieo

1982 4664 2188 4736 pisc0pi
2215 4662 2545 4718 conduceret
2574 4662 2627 4715 in
2651 4658 2950 4731 qua-Stionc
2972 4658 3040 4713 de
3061 4655 3346 4711 Filiationc
3369 4651 3574 4708 Christi

1981 4757 2048 4812 ad
2079 4759 2133 4814 5.
2168 4771 2221 4827 p.
2256 4756 2321 4810 D.
2355 4755 2580 4810 ’l‘honne
2628 4761 2762 4808 tom.
2791 4752 2832 4821 l,
2885 4750 3049 4815 unde,
3102 4760 3160 4803 ut
3210 4747 3399 4816 credo,
3452 4761 3573 4804 eam

1981 4848 2199 4921 quidam
2230 4861 2513 4917 sumpsere
2541 4845 2607 4900 ad
2640 4844 2880 4900 favorem
2910 4840 3164 4897 Chr0nici
3195 4841 3404 4896 Dextri.

2054 4942 2345 5014 Reliquum
2378 4951 2482 5010 est,
2508 4951 2565 4996 ut
2597 4939 2778 4994 verbis
2814 4937 3074 4994 Bernardi
3109 4936 3213 4992 mei
3259 4938 3420 4991 finem
3466 4933 3568 4990 im-

1975 5050 2176 5107 ponam
2203 5035 2327 5090 huic
2358 5035 2634 5098 tractatui,
2665 5031 2861 5102 quibus
2894 5031 3008 5099 ipsc
3030 5028 3429 5100 apologaticam
3453 5027 3572 5093 epi-

1974 5129 2170 5184 stolam
2191 5127 2256 5182 ad
2280 5127 2528 5183 abbatem
2547 5125 2614 5181 de
2635 5125 3058 5182 Prtemonstrato
3075 5121 3336 5193 scriptam
3353 5119 3573 5175 clausit:

1973 5239 2097 5296 qua:
2130 5225 2271 5279 inter
2299 5237 2424 5278 suas
2451 5231 2534 5278 est
2558 5221 2665 5276 252
2692 5239 2704 5273 :
2733 5219 2862 5274 Cum
2881 5217 2992 5273 Iure
3017 5219 3089 5274 ita
3110 5233 3164 5271 se
3191 5215 3438 5281 habeant,
3463 5229 3566 5267 non

1974 5329 2049 5375 est
2077 5319 2215 5391 quod
2242 5318 2305 5373 de
2335 5317 2480 5373 nobis
2515 5315 2658 5388 queri
2703 5314 2951 5380 debeatis,
2993 5328 3112 5366 eum
3133 5309 3333 5382 justius
3373 5322 3466 5362 uos
3505 5306 3570 5360 de

1973 5413 2137 5479 vobis,
2170 5422 2224 5466 ut
2254 5422 2493 5483 apparet,
2535 5410 2680 5482 queri
2724 5407 3002 5481 possimus.
3053 5403 3336 5474 Reliquum
3384 5408 3482 5466 est,
3515 5410 3570 5454 ut

1975 5508 2244 5580 diligentes
2272 5522 2356 5560 vos
2381 5505 2632 5577 diligatis,
2666 5502 2950 5570 prazsertim
2981 5497 3193 5553 solliciti
3218 5509 3426 5548 servare
3455 5492 3574 5546 uni-

1974 5613 2132 5660 tatem
2174 5603 2390 5674 spiritus
2426 5601 2480 5655 in
2523 5599 2725 5654 vinealo
2765 5597 2929 5670 paris.
2976 5592 3087 5663 Ego
3129 5600 3302 5646 autent
3341 5588 3566 5659 (l‘ater)

1971 5698 2226 5772 quidquid
2268 5697 2495 5768 faciatis,
2529 5693 2727 5748 decrevi
2769 5705 2969 5762 semper
3007 5687 3224 5757 diligere
3256 5700 3363 5749 ros,
3413 5685 3569 5735 etiam

1974 5810 2077 5849 non
2100 5793 2315 5848 dilectus
2345 5789 2362 5861 (
2387 5788 2576 5861 Epltes.
2613 5783 2721 5857 tv).
2758 5781 3065 5837 Occasiones
3092 5788 3314 5850 qua’rat,
3346 5776 3434 5847 qui
3459 5773 3569 5832 vult
