4062 6340
488 278 603 341 635
1557 270 1638 329 ΡΑ
1648 269 1828 328 ULUS
1862 264 2092 326 OROSII

2211 260 2726 326 CIIRUNOI.OCUS.
3694 264 3815 327 636

494 394 735 455 recedere
765 393 827 451 ab
849 392 1018 449 amico
1035 408 1054 461 ;
1076 389 1205 446 mihi
1233 388 1394 446 studii
1414 396 1487 446 est
1514 396 1559 445 et
1580 387 1699 458 erit,
1727 403 1820 442 nec
1850 385 2091 458 cuiquam
2119 388 2173 448 Α
2195 399 2282 438 vos
2310 380 2570 457 poteritis“,
2604 380 2696 436 sed
2727 390 2827 437 nan
2856 394 2955 438 me.
2985 376 3268 440 Adharreba
3298 378 3437 440 vobis
3464 382 3561 442 etsi
3581 374 3817 455 nolitis,-

496 492 784 549 umicorum
805 492 1005 563 justam
1034 486 1087 541 in
1109 502 1188 541 me
1210 484 1541 542 discessionis
1582 498 1791 537 causam
1820 482 1968 545 dare,
1999 495 2091 535 nec
2195 475 2472 530 adita-retro
2498 475 2592 529 etsi
2623 475 2785 555 nolim
2812 474 2923 545 ipse
2949 490 2967 529 :
3004 476 3446 548 quandoquidem
3478 478 3525 532 si
3550 479 3818 550 insipiens

500 587 725 644 scrutari
747 586 800 641 in
824 586 952 649 alio,
980 581 1120 655 quod
1151 580 1247 636 hoc
1266 579 1479 653 quidem
1507 579 1664 649 ficttv,
1696 577 1829 632 illud
1853 590 1975 631 vero
2005 590 2094 629 ne-
2200 570 2300 642 fui,
2334 586 2421 625 vos
2455 584 2534 623 me
2564 568 2824 641 coegistis,
2872 569 3028 638 cujus
3058 569 3272 626 scilicet
3313 571 3605 629 maceriam
3635 571 3818 629 etiam

501 678 684 753 glecta:
705 677 947 733 amicitia:
965 676 1050 730 sit.
1080 673 1146 729 Et
1168 674 1287 744 quia
1311 671 1589 727 secundum
1618 669 1913 743 prophetam
1938 665 2093 742 (Isai.
2203 663 2468 720 admoniti
2495 661 2825 734 abrumpere
2855 665 3034 727 conati
3066 662 3229 722 estis.

498 771 644 847 xu),
668 771 882 828 Glutino
903 770 1093 826 bonum
1120 776 1224 835 est;
1256 766 1472 835 solvere,
1499 765 1577 820 rel
1599 764 1768 837 potius
1790 764 2098 833 abrumpere

1049 1073 2000 1295 PAULUS
2134 1069 3227 1260 onosws,

1474 1332 2055 1426 HISPANUS
2126 1334 2840 1420 PRESBYTER.

508 914 3821 960 Μ

910 1622 1455 1707 EPISTOLA
1529 1627 2286 1703 DEDICATORIA
2357 1628 2514 1705 SIG

1811 1627 2286 1702 CATORIA
2357 1628 2565 1705 SIG.
2646 1624 3415 1747 HAVERCAMPI.

508 1792 959 1856 Excellentissimo
987 1796 1098 1849 viro
1122 1791 1359 1849 Ntcouo
1388 1792 1572 1860 Gnns,‘
1594 1791 1929 1847 serenissima
1958 1792 2095 1862 regis
2126 1782 2343 1862 Danite,
2379 1790 2674 1862 Narveqiae,
2707 1800 2833 1859 etc.,
2869 1809 2901 1846 a
2929 1791 3166 1846 consiliis
3193 1798 3392 1856 status,
3431 1797 3499 1862 ut
3525 1796 3573 1845 et
3620 1788 3675 1843 in
3727 1803 3824 1843 su—

575 1884 754 1940 prema
781 1868 928 1921 curia
948 1867 1190 1939 justitiaz,
1224 1865 1557 1940 ejusdemque
1588 1864 1882 1937 Majestatis
1911 1864 1980 1918 ad
2006 1860 2212 1920 ordines
2238 1861 2501 1920 Foederati
2531 1860 2699 1936 Belgii
2730 1864 2966 1935 ablegato
2996 1862 3439 1930 extraordinario,
3468 1860 3819 1919 Stcessnws

584 1941 1002 1998 liusucsurus.

648 2078 779 2134 Cum
806 2077 931 2133 olim
961 2077 1235 2151 imperium
1263 2074 1556 2133 Romanum
1579 2117 1593 2143 ,
1628 2075 1802 2145 prouti
1834 2076 1997 2131 solent
2019 2073 2174 2143 e/feta
2195 2089 2415 2149 corpora
2439 2114 2453 2140 ,
2507 2090 2617 2146 prce
2651 2075 2794 2131 senio
2826 2076 3114 2148 fatisceret,
3144 2082 3216 2144 et,
3257 2074 3415 2130 veluti
3443 2088 3649 2148 magna:
3675 2071 3816 2129 sub-

509 2173 857 2229 structionum
885 2172 1072 2243 moles,
1102 2170 1244 2227 carie
1264 2180 1312 2227 et
1340 2169 1723 2244 tempestatibus
1749 2168 1917 2236 lwsce,
1948 2170 2156 2224 ruinam
2184 2172 2546 2235 meditaretur,
2580 2186 2682 2224 non
2713 2185 2772 2225 eo
2801 2167 3055 2241 superbus
3087 2169 3216 2225 victo
3245 2169 3511 2241 quondam
3548 2166 3688 2223 Orbe
3718 2176 3823 2240 po-

502 2268 680 2343 pulus,
712 2282 816 2341 quo
850 2269 1100 2342 oportuit,
1131 2268 1277 2340 flexit
1308 2262 1533 2334 lumina,
1558 2268 1650 2321 seti
1674 2282 1827 2338 quam
1856 2266 1955 2321 sibi
1982 2276 2031 2321 et
2060 2268 2192 2321 votis
2219 2277 2268 2321 et
2297 2267 2462 2321 titulis
2498 2264 2777 2347 aliter-nam
2802 2268 3026 2336 finxerat
3058 2265 3280 2335 Urbem,
3316 2266 3610 2322 immutatis
3636 2265 3831 2337 pristi-

505 2360 587 2418 nis
617 2364 803 2429 sacris,
836 2363 917 2418 ira
946 2361 1165 2417 deorum
1192 2361 1368 2432 perire
1395 2370 1443 2416 et
1472 2362 1703 2431 antiqute
1729 2361 1917 2435 gloria:
1942 2376 2205 2433 superesse
2242 2360 2484 2415 credidit.
2535 2358 2702 2416 Nova:
2728 2359 2995 2432 religionis
3023 2361 3266 2432 contagia
3295 2376 3399 2414 non
3433 2358 3587 2414 modo
3618 2358 3828 2430 passim

507 2473 687 2514 omnes
715 2457 925 2529 inficere
955 2456 1267 2531 provincias,
1298 2454 1390 2512 sed
1428 2463 1476 2510 et
1506 2463 1723 2510 veterem
1749 2464 1797 2509 et
1831 2470 2016 2509 noram
2052 2453 2267 2524 implere
2300 2452 2521 2509 Romam
2548 2454 2925 2508 criminabatur
2947 2470 2968 2510 :
2999 2453 3175 2509 claudi
3200 2469 3319 2508 cum
3348 2450 3555 2523 templis
3599 2448 3827 2505 deorum

507 2550 938 2620 benevolentiam,
963 2567 1162 2608 cessare
1186 2567 1301 2606 cum
1329 2551 1597 2622 sacrificiis
1627 2560 1673 2605 et
1703 2550 2010 2622 aruspicinis
2035 2547 2452 2623 prtemonitiones
2480 2550 2771 2618 numinum,
2802 2565 2965 2621 neque
2994 2550 3173 2603 evitari
3208 2564 3361 2619 posse
3387 2544 3622 2619 pericula
3648 2545 3828 2600 illisve

505 2645 739 2712 bccurri;
768 2643 1015 2716 quoniam
1041 2643 1448 2716 negligereutur,
1508 2642 1691 2713 quibus
1721 2644 1784 2697 de
1812 2641 1997 2697 iisdem
2027 2642 2250 2713 majores
2280 2640 2360 2695 sui
2393 2641 2590 2695 moneri
2618 2639 2881 2709 solebant,
2922 2642 3201 2714 prtesagia.
3260 2638 3384 2706 llic,
3418 2640 3511 2711 qui
3538 2639 3672 2692 inter
3720 2656 3829 2708 pa-

504 2754 673 2812 gauos
701 2736 1026 2805 audiebatur,
1060 2736 1360 2792 inconditus
1387 2734 1555 2790 sermo
1582 2736 1637 2790 in
1666 2736 1901 2791 convicia
1929 2736 2100 2808 erupit
2132 2735 2387 2802 atrocius,
2430 2744 2705 2806 postquam
2735 2734 2828 2789 illa
2854 2733 3005 2790 Orbis
3033 2734 3156 2789 olim
3183 2734 3435 2789 domitrix
3459 2774 3475 2801 ,
3521 2729 3701 2788 Italia:
3723 2733 3828 2789 ad-

506 2827 610 2886 huc
635 2838 791 2904 atque
834 2830 1041 2904 imperii
1089 2824 1444 2885 Occidentalis
1488 2829 1733 2896 domina,
1777 2837 1928 2899 capta
1972 2839 2125 2900 atque
2163 2828 2362 2901 direpta
2409 2844 2441 2881 a
2484 2823 2669 2882 Gothis
2701 2827 2868 2883 Roma
2894 2837 2992 2885 est.
3034 2826 3193 2883 Hanc
3216 2827 3432 2900 imperii
3463 2826 3690 2894 cladem,
3718 2826 3825 2882 ltus

511 2922 665 2983 Orbis
706 2925 1025 2981 calamitates
1064 2925 1264 2981 nomini
1312 2923 1609 2981 Christiano
1638 2923 1929 2993 imputabat
1964 2926 2120 2979 veteri
2145 2924 2509 2998 superstitione
2536 2933 2731 2979 tactum
2766 2924 2974 2995 uulgus,
3001 2932 3049 2979 et
3090 2921 3378 2995 fremebant
3422 2920 3598 2992 palam
3639 2939 3826 2978 omnes

509 3018 729 3090 pagani,
755 3014 896 3073 mala
925 3026 1135 3084 cuncta,
1158 3014 1297 3070 velut
1323 3016 1529 3087 agmine
1557 3018 1721 3086 facta,
1760 3014 1972 3070 irruisse
1992 3015 2048 3069 in
2078 3024 2240 3070 terras
2267 3014 2473 3085 imperii
2499 3012 2762 3082 Romani,
2805 3030 2869 3070 ea:
2889 3030 3019 3086 quo,
3052 3012 3259 3069 abolitis
3290 3011 3545 3068 veteribus
3570 3014 3740 3067 sacris
3773 3022 3825 3068 et

505 3113 727 3167 deorum
751 3120 1041 3185 contempto
1066 3111 1298 3177 numine,
1332 3104 1503 3164 solum
1524 3106 1723 3163 Christi
1750 3124 1934 3163 nomen
1962 3107 2166 3180 publice
2185 3109 2456 3165 coleretur.

654 3202 853 3260 Contra
890 3202 1027 3259 hanc
1072 3202 1313 3258 insanam
1351 3204 1400 3258 el
1435 3217 1572 3256 caeca
1601 3202 1852 3274 religione
1894 3201 2106 3273 dignam
2149 3202 2482 3275 opinionem,
2519 3202 2729 3258 hortatu
2754 3203 3171 3273 prtvstantissimi
3198 3201 3557 3276 Hipponensis
3583 3201 3826 3275 episcopi

512 3290 795 3372 Augustini
818 3340 833 3366 ,
883 3295 1141 3351 calamum
1187 3295 1397 3350 strinxit
1430 3292 1647 3349 Orosius
1668 3336 1682 3361 ,
1715 3293 1983 3368 Hispanus
2014 3296 2243 3362 natione,
2276 3295 2575 3351 conditione
2597 3296 2891 3368 presbyter,-
2936 3314 3040 3351 non
3070 3307 3124 3352 ut
3152 3298 3401 3353 evinceret
3431 3297 3715 3353 stultitiam
3746 3309 3825 3353 tot

510 3392 783 3447 numinum
808 3387 1162 3457 colendorum,
1180 3396 1228 3443 et
1250 3388 1527 3444 vanitatem
1542 3388 1826 3444 ostenderet
1847 3387 2102 3443 adorandi
2116 3398 2343 3443 mortuos
2369 3398 2413 3442 et
2438 3389 2617 3443 inania
2642 3372 2850 3443 nomina
2864 3405 2884 3455 ;
2906 3388 2981 3443 vel
3006 3389 3175 3459 ipsam
3197 3389 3502 3462 religionum
3524 3390 3825 3460 increparet

509 3482 918 3555 turpitudinem;
940 3476 1080 3557 quod
1108 3487 1332 3555 fecerant
1358 3483 1508 3538 multi
1537 3491 1657 3538 ante
1679 3482 1861 3550 illum;
1892 3483 1981 3537 sed
2011 3492 2065 3536 ut
2092 3483 2412 3553 ostenderet,
2440 3499 2761 3555 nequaquam
2785 3483 3015 3557 pejorem
3047 3482 3201 3538 Orbis
3225 3496 3502 3550 terrarum,
3533 3486 3736 3556 rigente
3765 3484 3825 3538 in

508 3579 689 3636 eodem
717 3579 924 3650 publica
949 3572 1053 3635 veri
1080 3578 1180 3633 Dei
1204 3576 1347 3633 cultu
1369 3584 1525 3650 atque
1552 3581 1761 3645 recepta
1784 3572 2035 3646 religione
2056 3573 2375 3643 Christiana,
2406 3590 2516 3628 esse
2537 3574 2919 3642 conditionem,
2952 3590 3110 3645 quam
3142 3589 3342 3646 semper
3370 3573 3636 3644 etpassim
3662 3583 3826 3646 atque

509 3671 573 3727 ab
594 3670 740 3727 initio
771 3673 963 3745 fuerat.
1005 3669 1280 3727 Introiisse
1306 3671 1442 3725 enim
1470 3684 1591 3723 mox
1617 3677 1731 3738 post
1761 3668 2032 3720 conditum
2054 3662 2153 3720 hoc
2179 3662 2521 3734 Universum,
2552 3680 2670 3718 cum
2698 3674 2906 3737 peccato
2938 3663 3096 3736 primi
3126 3662 3351 3718 hominis
3382 3663 3559 3719 omnia
3587 3662 3640 3718 in
3668 3680 3826 3719 mun-

509 3763 634 3817 dum
664 3760 806 3818 mala
835 3806 850 3830 ,
880 3758 1015 3819 bella
1040 3804 1056 3832 ,
1086 3762 1326 3834 rapinas,
1357 3761 1544 3827 credes,
1568 3758 1891 3814 calamitates
1917 3761 2288 3832 cujuscumque
2316 3757 2517 3831 generis
2536 3800 2551 3822 ,
2583 3765 2632 3811 et
2673 3757 2923 3829 quidquid
2948 3756 3201 3829 superbus
3220 3756 3400 3824 victor,
3432 3757 3510 3812 vel
3538 3754 3825 3812 inelemen-

506 3864 584 3912 tia
614 3856 748 3925 cteli,
780 3856 997 3914 tellusve
1026 3859 1204 3931 fruges
1233 3873 1425 3929 negans
1452 3896 1469 3923 ,
1514 3854 1644 3909 dira:
1670 3861 1834 3926 pestes
1854 3894 1869 3920 ,
1900 3853 2141 3908 incendia
2166 3896 2181 3921 ,
2230 3855 2398 3908 ruina:
2428 3865 2476 3906 et
2506 3851 2697 3907 eluvies
2717 3868 2994 3924 aquarum,
3027 3853 3248 3908 miseros
3275 3864 3323 3908 et
3348 3854 3591 3909 mortales
3618 3858 3825 3928 perpeti

511 3958 721 4022 cogunt.
763 3948 901 4018 Quin
943 3958 995 4006 et
1034 3951 1201 4025 ipsam
1240 3949 1461 4005 Romam
1506 3947 1572 4003 iis
1598 3990 1612 4014 ,
1660 3942 1848 4019 quibus
1899 3946 2269 4001 numerabatur
2289 3944 2397 4000 dies
2424 3942 2727 4016 triumphis,
2752 3945 3089 4015 temporibus,
3114 3946 3201 4000 vix
3231 3963 3262 3999 a
3285 3945 3458 4016 malis,
3482 3962 3600 4018 qua:
3625 3963 3823 4021 magno

511 4042 703 4115 passim
730 4051 954 4099 recenset
980 4057 1217 4111 numero,
1240 4057 1499 4113 quaquam
1521 4048 1749 4111 tempore
1776 4037 2078 4111 respirasse.

656 4132 841 4190 Totum
869 4134 990 4191 hinc
1018 4135 1311 4206 scriptionis
1343 4150 1525 4207 genus,
1553 4128 1691 4207 quod
1720 4132 1817 4188 sibi
1838 4132 2114 4205 proposuit
2144 4130 2387 4201 Orcsius,
2410 4131 2463 4185 in
2491 4129 2767 4203 multiplici
2787 4140 2940 4202 atque
2962 4130 3107 4186 raria
3130 4139 3359 4186 versatur
3380 4129 3639 4200 Historia,
3667 4131 3822 4201 dum,

515 4245 548 4283 a
575 4225 787 4282 condito
811 4227 945 4283 Orbe
968 4270 982 4294 ,
1030 4245 1120 4301 per
1159 4229 1259 4283 tria
1284 4271 1300 4295 ,
1346 4228 1533 4300 quibus
1581 4244 1790 4301 pressus
1831 4226 1967 4283 orbis
1997 4238 2251 4282 terrarum
2284 4229 2404 4300 fuit,
2442 4247 2606 4302 regna
2632 4241 2868 4302 vagatus,
2899 4230 3128 4286 Romani
3158 4229 3364 4299 imperii
3385 4224 3598 4294 limites,
3631 4230 3744 4298 fata
3774 4237 3824 4282 et

515 4326 747 4390 tempora
791 4318 1021 4384 metitur,
1066 4334 1180 4390 qua:
1208 4318 1492 4387 quibusque
1520 4318 1812 4374 consulibus
1840 4330 1887 4374 et
1919 4321 1971 4373 in
1999 4319 2182 4390 quibus
2209 4321 2490 4390 provinciis
2520 4322 2742 4391 imperii,
2767 4322 2926 4376 immo
2951 4324 3004 4377 in
3036 4324 3089 4395 ip
3103 4340 3150 4378 :a
3180 4321 3306 4377 olim
3339 4318 3507 4376 [lania
3535 4320 3825 4376 acciderint

512 4406 667 4474 mira,
699 4408 1015 4475 miseranda,
1048 4409 1244 4480 turpia,
1278 4417 1327 4463 et
1348 4409 1448 4464 nisi
1474 4409 1580 4479 ﬁde
1605 4408 1751 4482 digni
1776 4418 2010 4465 asserant
2038 4409 2297 4477 historici,
2328 4408 2655 4466 incredibilia
2678 4430 2696 4478 ;
2718 4421 2774 4468 ut
2801 4414 3058 4470 immerito
3089 4416 3360 4488 quisquam
3399 4415 3680 4489 praiseutia
3708 4423 3824 4467 tum

511 4501 743 4572 culparet
770 4508 1024 4569 tempora,
1054 4497 1155 4558 nisi
1176 4501 1264 4574 qui
1292 4510 1463 4558 vetera
1486 4505 1729 4572 nesciret,
1760 4513 1914 4573 atque
1938 4506 1992 4558 in
2024 4504 2243 4560 lectione
2267 4506 2579 4578 scriptorum
2610 4507 2698 4579 qui
2721 4506 2816 4563 illa
2834 4549 2854 4577 ,
2881 4525 2997 4578 qua:
3015 4511 3124 4565 suis
3150 4510 3445 4566 acciderant
3477 4505 3820 4581 temporibus,

512 4592 789 4671 diligenter
815 4596 999 4653 litteris
1020 4597 1359 4665 mandarunt,
1392 4599 1594 4668 penitus
1622 4600 1885 4655 exsisteret
1914 4598 2130 4671 hospes.
2860 4614 2865 4619 '
2914 4614 2927 4619 ‘

661 4688 832 4757 Quare
876 4689 921 4743 si
964 4697 1112 4744 extra
1149 4686 1271 4743 belli
1314 4689 1550 4762 pericula
1581 4691 1745 4760 posito
1772 4706 1874 4745 non
1906 4690 2118 4746 insuave
2143 4700 2215 4747 est
2248 4693 2533 4747 certamina
2562 4708 2769 4748 cernere
2791 4691 3057 4765 ambigua,
3085 4701 3131 4747 et
3164 4693 3257 4762 ita,
3290 4691 3476 4763 quibus
3500 4692 3608 4764 ipse
3641 4709 3821 4747 careas

511 4776 687 4844 malis,
720 4779 979 4853 gaudere;
1006 4796 1108 4834 non
1135 4788 1299 4847 potest
1348 4795 1451 4835 non
1486 4776 1729 4855 jucunda
1758 4796 1868 4837 esse
1897 4799 2073 4836 rerum
2096 4826 2109 4848 ,
2143 4798 2259 4853 qua:
2288 4785 2431 4838 vario
2464 4794 2680 4854 eventu,
2713 4784 2913 4856 magnis
2943 4783 3335 4852 certaminibus,
3368 4785 3587 4854 totisque
3616 4784 3821 4840 viribus

513 4896 547 4934 a
574 4874 730 4931 claris
759 4872 1051 4930 hominibus
1071 4885 1214 4946 gesta
1238 4883 1379 4943 sunt,
1413 4876 1732 4932 recordatio.
1771 4874 1854 4931 Ad
1875 4896 2005 4950 quas
2037 4882 2188 4938 veluti
2218 4881 2271 4936 in
2297 4881 2473 4936 tabula
2500 4879 2854 4951 inspiciendas
2884 4878 3212 4935 introducere
3240 4896 3332 4934 nos
3361 4880 3532 4934 solent
3557 4878 3814 4946 historici,

508 4978 726 5039 quorum
745 4968 1147 5041 quotusquisque
1172 4969 1358 5040 majori
1386 4964 1463 5024 vel
1488 4969 1813 5025 condimento
1839 4975 2090 5031 sermonis
2117 4976 2194 5031 vel
2224 4977 2469 5031 varietate
2499 4992 2671 5030 rerum
2715 4976 2916 5030 animos
2947 4974 3139 5030 detinet
3163 5017 3176 5039 ,
3220 4973 3427 5029 laudari
3457 4982 3609 5046 atque
3638 4973 3817 5044 appeti

510 5060 640 5118 solet
663 5077 683 5129 ;
725 5060 860 5140 inter
879 5076 1005 5131 quos
1028 5058 1253 5116 secundo
1283 5060 1336 5116 in
1359 5077 1545 5134 genere
1564 5062 1838 5121 consistere
1864 5064 2104 5122 Orosium
2127 5086 2274 5124 nemo
2304 5068 2620 5141 diﬁitebitur,
2645 5070 2770 5124 dum
2801 5070 2955 5125 totius
2988 5067 3140 5124 Orbis
3166 5066 3228 5123 ab
3254 5067 3402 5123 initio
3428 5067 3497 5122 ad
3529 5082 3625 5122 sua
3654 5081 3820 5138 usque

513 5160 747 5225 tempora
772 5151 945 5207 clades
965 5160 1013 5207 et
1042 5145 1276 5207 miserias
1294 5154 1557 5209 succincte
1584 5154 1827 5211 describit
1858 5164 2011 5229 alque
2042 5177 2131 5232 per
2162 5171 2393 5234 tempora
2422 5172 2544 5231 apte
2566 5161 2824 5232 disponit.

662 5242 793 5315 Qua:
824 5262 901 5302 me
940 5246 1193 5318 imprimis
1218 5263 1380 5303 causa
1404 5247 1611 5319 impulit
1637 5289 1654 5315 ,
1690 5252 2117 5308 excellentissime
2138 5262 2186 5309 et
2207 5254 2597 5325 generosissime
2624 5256 2720 5321 vir,
2760 5264 2813 5309 ut
2838 5253 2996 5328 hujus
3022 5264 3126 5309 tam
3157 5252 3303 5309 utilis
3331 5254 3603 5326 scriptoris
3629 5266 3817 5307 noram
3912 5280 3915 5283 -

518 5334 792 5396 editionem
821 5350 911 5396 tuo
938 5340 1121 5397 lubens
1148 5356 1440 5396 consecrem
1471 5342 1695 5397 nomini.
1750 5342 1909 5412 Nam,
1933 5343 2050 5423 licet
2080 5345 2133 5399 in
2164 5347 2301 5401 omni
2331 5347 2641 5418 scriptorum
2670 5363 2856 5417 genere
2885 5389 2900 5411 ,
2938 5365 3052 5418 qua:
3080 5363 3264 5421 paucte
3293 5354 3568 5417 supersunt
3604 5363 3635 5399 τι
3663 5363 3821 5416 nego-

514 5428 648 5489 tioso
674 5448 882 5489 munere
907 5475 921 5500 ,
952 5446 1142 5488 vacuas
1177 5430 1395 5489 colloces
1437 5429 1594 5488 horas
1621 5475 1635 5499 ,
1684 5442 1855 5489 tamen
1904 5452 2042 5509 sa’pe
2081 5436 2420 5506 afﬁrmantem
2449 5436 2648 5506 audiri,
2680 5437 2732 5491 in
2766 5434 2928 5492 nullis
2960 5439 3146 5511 majori
3173 5455 3286 5493 cum
3315 5437 3576 5512 voluptate
3603 5453 3816 5507 ponere,

518 5542 674 5598 quam
705 5527 758 5581 in
792 5527 1044 5584 veteribus
1076 5527 1355 5584 historicis.
1396 5526 1583 5599 Itaque
1610 5527 1716 5594 his,
1744 5528 1873 5583 inter
1900 5529 2128 5598 reliquos
2157 5530 2513 5585 selectissimos
2548 5547 2612 5586 ex
2637 5531 2776 5586 onmi
2808 5530 3103 5586 studiorum
3129 5532 3395 5603 voluptate
3424 5531 3604 5597 libros,
3630 5529 3822 5586 selecta

517 5635 644 5675 cura
675 5628 946 5691 congestos
971 5663 986 5687 ,
1018 5621 1198 5676 merito
1227 5637 1335 5693 prie
1358 5622 1558 5677 caeteris
1589 5630 1676 5676 tua
1707 5620 1939 5692 splendet
1966 5620 2292 5676 bibliotheca.
2339 5619 2461 5676 Non
2492 5631 2659 5677 tamen
2684 5632 2737 5676 ut
2765 5622 2880 5679 solo
2908 5630 3097 5678 ornatu
3127 5622 3328 5693 placcat
3349 5666 3365 5688 ,
3405 5634 3453 5678 et
3483 5614 3823 5678 laudatorum

517 5711 587 5767 ad
617 5727 726 5767 sese
744 5711 916 5767 trahat
950 5713 1149 5779 oculos,
1179 5713 1268 5767 sed
1292 5722 1347 5767 ut
1376 5713 1577 5767 domini
1598 5722 1647 5767 et
1674 5717 1961 5769 amicarum
1993 5723 2166 5784 pateat
2194 5716 2391 5783 usibus;
2423 5715 2503 5770 his
2532 5717 2740 5784 quidem
2766 5718 2910 5771 varia
2937 5716 3000 5771 de
3026 5733 3185 5772 causa
3208 5762 3221 5786 ,
3250 5713 3333 5772 illi
3357 5759 3372 5784 ,
3407 5726 3462 5770 ut
3490 5717 3687 5772 monita
3710 5716 3819 5772 col-

531 5803 663 5880 ligat
711 5815 757 5863 et
787 5815 1047 5880 pra'cepta
1068 5848 1083 5876 ,
1124 5807 1178 5864 in
1227 5806 1501 5882 splendido
1544 5806 1684 5881 quod
1731 5808 1859 5883 gerit
1890 5823 2123 5876 munere,
2156 5816 2381 5866 veterum
2420 5824 2536 5866 cum
2563 5810 2707 5866 novis
2735 5809 3015 5868 collatione
3043 5812 3203 5883 facta,
3238 5810 3357 5866 usui
3384 5812 3608 5883 futura;
3638 5809 3823 5881 Optimi
