4062 6340
376 339 487 399 637
1510 323 1883 388 summa
1917 325 2050 388 SIG.
2095 320 2561 387 IIAVERCAMPI.
3558 328 3670 391 ess

372 459 515 514 enim
533 454 858 513 consultores
884 452 1099 523 mortui;
1125 460 1393 526 prteterea,
1418 457 1499 522 ut,
1522 450 1610 506 ubi
1635 451 1799 523 fessus
1823 465 1856 503 a
1883 450 2019 505 curis
2048 449 2276 521 requiem
2302 456 2480 515 captat
2506 442 2732 514 animus,
2757 454 2953 518 quierat
2981 442 3307 522 potissimum
3338 465 3470 519 eam,
3498 467 3601 508 non
3627 448 3684 508 in

372 548 519 606 inani
548 546 765 602 aurium
795 545 1127 601 oculorumve
1148 544 1432 617 voluptate,
1460 541 1551 598 sed
1572 543 1625 596 in
1646 542 1815 598 solida
1834 543 2199 611 ‘prtestantium
2221 541 2577 611 exemplorum
2603 549 2757 612 atque
2786 540 3110 613 ingeniorum
3143 543 3512 603 admiratione.

446 641 598 698 Inter
632 641 752 696 illos
795 641 977 713 igitur,
1022 638 1112 711 qui
1138 639 1274 695 vivos
1302 636 1487 693 docere
1513 639 1712 706 solent,
1737 644 1971 691 mortuos
1990 681 2006 703 ,
2045 633 2232 690 Oresio
2264 645 2440 689 nostro
2478 634 2650 688 locum
2688 643 2744 687 ut
2772 633 2864 690 des
2884 651 3035 707 rogo,
3054 637 3173 710 jam
3205 653 3236 690 a
3263 638 3451 693 steculo
3473 647 3522 694 et
3547 641 3685 708 quod

368 737 625 802 excurrit,
657 736 721 791 ab
751 732 992 790 exteriori
1023 742 1211 789 ornatu
1238 742 1287 788 et
1319 743 1581 807 typorum,
1611 744 1715 803 qua
1744 729 1899 785 hodie
1926 738 2138 803 prazstat
2167 737 2391 783 veterum
2418 737 2689 783 auctorum
2721 727 2967 801 felicitas,
2995 730 3165 785 nitore
3193 728 3327 784 male
3348 730 3527 787 ltabito
3549 771 3564 794 ,
3592 748 3684 788 ne-

371 848 474 903 que
496 829 678 887 sedula
706 828 832 887 satis
873 845 999 883 cura
1028 826 1093 882 ab
1122 825 1346 882 residuis
1375 825 1575 881 mendis
1601 831 1846 899 purgato.
1909 820 2046 878 Eum
2080 837 2173 878 nos
2200 838 2293 895 pro
2319 820 2511 894 ingenii
2543 830 2718 891 captu,
2761 831 2810 877 et
2840 818 2998 877 ductu
3025 823 3495 879 vetustissimorum
3515 838 3677 880 ment-

271 930 279 937 '
372 920 693 988 branarum,
743 936 776 975 a
815 919 986 992 capite
1027 918 1095 975 atl
1121 916 1334 988 calcem,
1377 935 1494 973 cum
1535 932 1661 973 cura
1689 914 2062 988 reccnsuimus,
2108 930 2273 987 neque
2303 913 2367 970 de
2394 922 2607 971 externo
2632 913 2813 971 habitu
2846 926 2900 971 ut
2925 915 3165 988 puderet,
3197 925 3450 993 quantum
3473 935 3505 974 a
3531 915 3677 975 nobis

368 1014 490 1086 ﬁeri
513 1014 701 1088 potuit,
733 1013 1048 1068 curavimus.

550 1105 723 1177 Lugd.
750 1103 874 1161 Bat.
897 1100 1107 1161 kalend.
1138 1101 1381 1161 Decemb.
1416 1102 1579 1161 1757.

1139 1326 1729 1426 purumne
1813 1349 2022 1424 sm.
2097 1344 2902 1430 HAVERCAMPI.

1122 1603 1463 1659 BENEVOLO
1500 1602 1770 1658 LECTORI
1801 1602 1857 1655 S.
1890 1600 1953 1653 Β.
1993 1552 2390 1652 διρΕΒΕιίΤυε
2428 1596 2926 1650 HAVERCAMPUS.

436 1682 694 1769 ltemrsis
721 1710 946 1781 litteris,
975 1711 1119 1768 inter
1146 1718 1364 1768 veteres
1387 1717 1669 1781 auctores,
1701 1722 1840 1778 quos
1872 1720 1963 1765 δι’·
1990 1708 2040 1769 Α
2068 1719 2282 1772 versus,
2312 1704 2565 1775 quatnvis
2608 1703 2717 1761 alia
2765 1703 2820 1760 in
2854 1703 3011 1773 urbe.
3041 1704 3286 1764 Venetiis
3312 1708 3547 1781 scilicet,
3579 1719 3663 1770 at-

366 1806 439 1863 tis
470 1805 881 1880 typographum
913 1804 1187 1878 principes
1226 1814 1283 1860 et
1329 1813 1675 1875 promotores
1702 1802 1863 1873 primi
1910 1800 1964 1857 in

361 1899 637 1971 publicam
681 1898 858 1954 lucem
896 1898 1195 1967 miserunt,
1224 1896 1330 1953 fuit
1356 1895 1561 1952 Paulus
1592 1894 1831 1952 Orosius.
1863 1894 1964 1950 Cui

360 2003 429 2046 ea
457 2000 574 2047 tum
602 1990 839 2061 contigit
865 1990 1118 2058 felicitas,
1148 1999 1230 2059 ut,
1257 1998 1549 2063 antequam
1580 1989 1757 2045 exiret
1783 2001 1960 2044 stccu-

362 2081 479 2139 lum
520 2083 799 2141 dcctnnm
835 2095 1118 2156 quat-tum,
1154 2086 1328 2141 tribus
1362 2082 1597 2140 diversis
1628 2081 1783 2145 locis,
1817 2078 1961 2136 haud

355 2175 625 2233 mediocri
664 2185 864 2233 cntutu
912 2176 1180 2249 prodiret,
1217 2176 1445 2249 ipsoque
1491 2185 1638 2231 anno
1667 2171 1962 2230 millesimo

354 2269 802 2341 quingentesimo
845 2279 1100 2341 quartum
1159 2269 1306 2342 typis
1351 2267 1682 2326 traderetur.
1716 2266 1957 2324 Primum

356 2360 507 2417 inter
548 2360 648 2417 bss
693 2360 985 2430 editiones,
1014 2377 1173 2433 quas,
1206 2361 1333 2418 huic
1371 2359 1640 2432 Scriptori
1692 2360 1954 2430 intentus,

356 2453 496 2510 mihi
518 2453 725 2510 dudum
763 2452 910 2512 felici
956 2455 1144 2525 genio,
1178 2470 1303 2510 nam
1345 2453 1400 2511 in
1433 2455 1583 2511 hisce
1612 2466 1834 2526 quoque
1861 2469 1957 2511 ca-

352 2560 456 2602 sus
494 2555 556 2604 et
597 2546 817 2603 fortuna
865 2548 1095 2604 multum
1146 2556 1344 2619 potest,
1370 2560 1843 2619 comparaverant,
1876 2548 1959 2603 lo-

357 2654 485 2697 cum
547 2641 711 2698 tribui
757 2641 986 2699 editioni
1031 2641 1204 2711 Italtr,
1234 2641 1552 2709 admodum,
1584 2643 1700 2697 sive
1740 2642 1953 2698 littera-

354 2736 475 2790 rum
509 2735 769 2804 nitorem,
795 2737 913 2793 sive
937 2736 1147 2792 charta:
1186 2735 1513 2807 elegantiam
1544 2744 1780 2807 Spectas,
1806 2736 1957 2792 lucu-

354 2827 537 2885 lentus.
566 2828 829 2898 Quamvis
859 2844 1036 2901 neque
1076 2829 1253 2896 urbis,
1283 2830 1339 2885 in
1369 2845 1470 2902 qus
1523 2828 1828 2902 impressus
1880 2831 1954 2886 sit

355 2920 519 2990 liber,
577 2932 759 2994 neque
817 2922 1139 2995 typograpbi
1195 2938 1428 2991 nomen,
1482 2938 1659 2995 neque
1715 2923 1953 2995 denique

357 3028 560 3083 annus,
582 3029 692 3088 quo
746 3016 800 3072 in
856 3017 1032 3073 lucem
1084 3017 1305 3085 exierit,
1334 3017 1422 3074 vel
1470 3017 1524 3073 in
1578 3019 1758 3089 capite
1788 3020 1950 3075 vclin

2068 1815 2173 1870 que
2198 1799 2341 1871 apud
2381 1800 2518 1858 alios
2545 1800 2921 1873 typographos
2952 1801 3236 1872 impressa:
3256 1804 3385 1861 sint.
3414 1805 3474 1863 lu
3506 1821 3660 1866 erro-

2067 1908 2182 1959 rem
2214 1895 2343 1952 inde
2387 1894 2669 1952 inductum
2704 1894 2871 1951 luisse
2914 1893 3130 1952 clariss.
3158 1895 3473 1955 Fabricium
3502 1901 3669 1973 (prte-

2066 1995 2230 2043 ennte
2272 1996 2455 2043 tamen
2500 1985 2738 2055 Clerico,
2779 2001 2941 2058 quem
2989 1987 3166 2060 citat)
3197 1987 3360 2047 facile
3408 1992 3656 2064 colligas,

2064 2077 2194 2135 dum
2216 2088 2366 2136 tumo
2394 2080 2416 2135 ι
2440 2078 2785 2137 bibliotheca:
2800 2079 3029 2148 Latinae,
3048 2095 3103 2152 p.
3118 2081 3250 2150 736,
3267 2093 3662 2143 commemorat

2064 2172 2479 2247 aptiquissimant
2513 2172 2794 2229 editionem
2840 2172 3193 2229 Basileeusem
3219 2174 3285 2230 ab
3311 2174 3493 2234 di'nea
3530 2194 3661 2250 atto-

2063 2266 2185 2322 dam
2205 2265 2512 2322 recensitam
2540 2283 2603 2322 ac
2631 2282 2874 2322 excusant
2894 2267 3036 2338 apud
3059 2267 3448 2340 Leonttardunt,
3472 2287 3658 2328 caren-

2063 2368 2164 2415 tem
2198 2359 2390 2415 indicio
2427 2360 2577 2428 anui,
2606 2360 2699 2416 sed
2740 2376 2896 2433 quam
2936 2360 3095 2432 facile
3120 2372 3375 2435 appareat
3423 2365 3516 2421 diu
3540 2373 3661 2422 ante

2062 2453 2215 2525 ﬁnem
2243 2455 2424 2510 seaculi
2453 2455 2644 2510 decimi
2684 2458 2855 2528 quinti
2900 2455 3179 2530 prodiisse.
3207 2458 3477 2516 Omnibus
3525 2475 3659 2518 vero

2061 2545 2416 2614 cditionibus,
2449 2562 2572 2620 qua:
2602 2541 2825 2620 quidem
2853 2558 2977 2621 post
3016 2550 3166 2608 illam
3216 2550 3519 2611 llermanni
3562 2554 3659 2612 Co—

2060 2637 2322 2695 loniensis
2370 2642 2712 2711 prodierunt,
2743 2642 2994 2713 precario
3047 2643 3130 2700 illi
3179 2660 3371 2702 versus
3400 2657 3457 2704 et
3499 2662 3653 2705 com-

2058 2731 2335 2788 mendatio
2362 2748 2395 2789 ι
2430 2748 2559 2788 cura
2588 2733 2778 2791 Atinas:
2817 2735 3006 2808 Vulpis
3050 2736 3410 2808 adjiciuntur,
3432 2754 3557 2797 cum
3587 2741 3643 2797 in

2057 2825 2308 2896 plurimis
2348 2826 2418 2883 ab
2453 2826 2572 2898 ejus
2600 2830 2947 2887 correctione
2979 2838 3037 2887 ct
3067 2820 3304 2890 lectione
3340 2832 3648 2894 discedant.

2058 2916 2398 2975 llermannus
2425 2918 2517 2976 ille
2536 2918 2885 2978 (holoniensis
2906 2938 2935 2976 a
2961 2923 3134 2993 patria
3155 2924 3336 2981 dictus
3363 2927 3485 2996 luit,
3504 2927 3652 2985 aliud

2056 3009 2202 3064 enim
2233 3020 2537 3082 cognomen
2566 3011 2780 3082 habuit,
2815 3029 2994 3085 neque
3022 3014 3286 3087 Colonim,
3314 3028 3408 3075 aut
3437 3018 3570 3078 alibi
3595 3021 3650 3077 iu

354 3109 465 3165 ﬁne
530 3111 871 3181 osor-ibatur,
924 3111 1188 3168 Viccmia)
1244 3122 1425 3168 tamen
1487 3113 1755 3182 ιιιηιαίἰδεο
1810 3114 1948 3169 inter
1986 3109 2027 3169 Β
2055 3098 2372 3169 Germania,
2399 3102 2501 3159 scd
2532 3102 2585 3159 lit
2614 3102 2792 3174 Italia,
2828 3104 3090 3162 Vicentitn
3119 3108 3351 3181 aliisque
3401 3110 3457 3166 in
3509 3110 3649 3168 lOClS

352 3205 602 3261 eruditos
639 3212 876 3262 constat.
910 3203 983 3262 Ut
1005 3206 1150 3261 enim
1182 3206 1472 3264 ctttcndatc
1498 3206 1795 3279 legeretur,
1827 3206 1955 3262 huic

354 3296 582 3353 editioni
633 3297 849 3369 praefuit
898 3295 1105 3354 Encas
1148 3296 1370 3372 Vulpes,
1394 3300 1554 3371 cujus
1596 3309 1652 3356 et
1694 3300 1871 3373 patria
1899 3309 1956 3356 ct

350 3388 614 3461 dignitas,
647 3405 717 3444 cx
743 3389 1070 3461 quibusdam
1106 3390 1289 3457 lineis,
1319 3406 1441 3462 qum
1488 3391 1685 3447 litteris
1732 3392 1951 3463 majus-

348 3478 490 3538 culis
520 3496 553 3538 e
578 3483 801 3554 regione
828 3487 1016 3556 primm
1044 3485 1252 3556 pagina:
1278 3484 1451 3555 ipsius
1467 3483 1647 3541 Orosii
1674 3486 1942 3556 leguntur,

348 3582 601 3644 apparet.
635 3573 1094 3645 lttscriptio,qna2
1142 3575 1466 3646 quadratum
1523 3576 1691 3632 elticit
1743 3576 1945 3633 ibidem

348 3666 678 3723 latusculum
708 3667 825 3724 hac
854 3677 939 3724 est
973 3683 990 3723 :
1030 3668 1184 3725 Scias
1215 3668 1386 3739 velim,
1420 3669 1790 3726 humanissime
1816 3670 1945 3726 Lec-

342 3769 449 3826 tor,
504 3759 731 3816 zEneam
794 3759 1012 3833 Vulpem
1080 3759 1425 3830 Vicentinum,
1471 3764 1692 3833 priorem
1736 3765 1944 3821 Sancta:

344 3850 549 3919 Crueis,
579 3853 821 3923 adiutore
850 3853 1133 3910 Laurentio
1161 3855 1441 3925 Brixiensi,
1480 3856 1739 3914 Historias
1783 3858 1942 3915 Pauli

344 3945 542 4012 Orosii,
569 3962 687 4019 ante
721 3951 1044 4007 continentur
1068 3949 1166 4006 hoc
1196 3952 1395 4019 codice,
1426 3968 1584 4024 quam
1609 3955 1940 4010 accuratissi-

342 4055 425 4094 me
448 4043 643 4113 potuit,
665 4045 968 4117 castigasse.
1001 4045 1099 4102 Cui
1122 4063 1228 4103 non
1256 4049 1596 4122 improbando
1625 4065 1746 4107 sane
1768 4052 1936 4109 labori

342 4131 388 4185 si
411 4133 542 4202 quid
567 4150 633 4191 ea:
658 4137 866 4209 ingenio
888 4145 996 4204 tuo,
1023 4140 1100 4194 vel
1123 4139 1307 4195 melius
1336 4140 1413 4196 vel
1442 4144 1613 4215 aptius
1643 4143 1937 4200 addendum

339 4225 570 4295 putabis,
601 4227 659 4282 id
697 4229 890 4285 [tonare
920 4234 1040 4305 ejus
1070 4233 1270 4305 integro
1317 4235 1482 4304 facias
1519 4235 1751 4307 obsecro,
1802 4241 1940 4308 quod

340 4330 414 4373 est
440 4334 544 4373 non
574 4320 766 4393 ingrati
793 4324 955 4379 animi
979 4324 1235 4395 officiunt.
1285 4325 1342 4382 ln
1394 4334 1647 4385 extrema
1693 4327 1816 4387 libri
1849 4345 1944 4403 pa-

340 4409 463 4479 gina
492 4412 611 4469 tunc
642 4415 918 4487 leguntur,
1488 4417 1494 4421 ’

2062 3193 2232 3251 libros
2289 3211 2417 3252 suos
2466 3197 2765 3268 impressit,
2815 3208 2977 3269 prout
3023 3209 3172 3272 patet
3215 3217 3285 3260 ex
3346 3202 3652 3263 Annalibus

2062 3289 2470 3360 typographicis
2514 3290 2729 3347 clariss.
2763 3291 3048 3351 Michaelis
3093 3293 3381 3361 Maittaire.
3431 3308 3563 3355 tom.
3607 3301 3649 3369 l,

2062 3397 2121 3453 p.
2148 3382 2272 3437 156.
2306 3380 2605 3451 Vtcss'rtaa,
2637 3384 2833 3457 inquit,
2867 3386 3206 3446 Hermannus
3234 3390 3523 3451 LEVILAPIS
3540 3393 3648 3452 Co-

2059 3471 2331 3542 loniensis,
2357 3490 2583 3549 capensa
2603 3476 2836 3546 Antonii,
2867 3478 3114 3550 Gerardi,
3136 3481 3381 3554 Joannis,
3414 3485 3560 3544 Petri
3598 3498 3649 3546 et

2056 3565 2430 3625 Bartholoma-i
2461 3570 2705 3641 fratrum,
2738 3581 2789 3628 et
2818 3573 3048 3642 ﬁliorum
3076 3579 3418 3648 quorumdam
3451 3582 3513 3638 S.
3544 3581 3650 3639 Za-

2054 3663 2168 3716 noti
2191 3665 2255 3716 de
2277 3660 2548 3719 Placentia
2571 3665 2758 3721 civium
2794 3664 3024 3725 Veromv.
3048 3669 3328 3728 Benedicto
3368 3673 3652 3733 Trevisano

2057 3764 2104 3810 et
2155 3757 2355 3829 Angela
2396 3756 2655 3814 tilicltaele
2703 3760 3029 3833 prresidibns.
3057 3763 3165 3819 Sed
3215 3771 3272 3820 et
3322 3764 3651 3836 Levilapidis

2056 3860 2364 3917 cognomen
2421 3866 2521 3923 per
2567 3849 2844 3911 idiomatis
2894 3859 3649 3920 transmutationcmassum-

2053 3938 2201 4015 ptum
2253 3945 2323 4001 ab
2370 3944 2684 4003 llermanno
2731 3948 3042 4017 luit,alitcr
3068 3952 3216 4009 enim
3246 3968 3313 4009 es
3355 3956 3648 4013 vernacula

2056 4039 2158 4110 ipsi
2196 4039 2377 4110 lingua
2420 4041 2669 4097 sonabat.
2706 4043 2976 4101 Discimns
3006 4045 3057 4101 id
3105 4061 3174 4102 es
3229 4046 3426 4104 eodem
3477 4048 3641 4107 Miclt.

2053 4133 2511 4194 Malttoirclibro:
2537 4151 2682 4203 nam,
2699 4152 2860 4208 quem
2882 4138 2947 4207 is,
2970 4154 3024 4211 p.
3050 4138 3144 4206 53,
3170 4139 3355 4196 itidem
3385 4139 3649 4197 Herman-

2051 4244 2176 4284 nmn
2223 4224 2569 4299 Levilapidem
2615 4241 2930 4298 vocaverat,
2963 4233 3138 4303 patrio
3179 4224 3403 4290 nomine
3448 4231 3646 4290 Liecbo

2051 4322 2285 4378 tenstein
2313 4323 2571 4394 appellat,
2597 4338 2648 4394 p.
2684 4324 2810 4391 108,
2844 4323 2931 4379 his
2955 4325 3140 4381 verbis
3167 4342 3180 4379 :
3215 4324 3413 4381 zEneas
3445 4324 3645 4400 Vulpes

2060 4416 2378 4486 Vicrntiuus,
2411 4418 2555 4486 prior
2586 4416 2797 4472 Sanctae
2839 4417 3043 4487 Crucis,
3067 4418 3312 4492 adjutora
3354 4418 3640 4476 Laurentio

339 4521 755 4585 Bartltolontwus
779 4526 1040 4601 Paiellus,
1073 4552 1223 4602 eques
1260 4532 1585 4604 Vicentinus,
1612 4534 1665 4593 in
1696 4532 1763 4595 ι).
1797 4532 1933 4594 Oro-

2051 4508 2328 4581 Brixiensi,
2376 4509 2538 4565 Pauli
2588 4509 2763 4567 Orosii
2821 4511 3092 4569 Historias
3144 4514 3460 4586 castigavit,
3507 4530 3643 4587 quas

1012 4609 1168 4665 sinm.

462 4710 529 4764 lit
546 4713 658 4784 ipse
680 4710 853 4784 titulus
874 4720 1098 4783 margine
1117 4721 1166 4771 in
1191 4721 1348 4784 primo
1369 4718 1518 4772 docet
1544 4728 1559 4770 :

586 4774 761 4829 Oresio
781 4793 959 4832 nomen
978 4774 1094 4834 mihi
1118 4774 1214 4833 est:

458 4835 793 4907 Librgriorutn
813 4845 1048 4907 quidquid
1075 4846 1260 4897 erroris
1283 4845 1372 4896 fuit
1399 4861 1412 4898 :

584 4896 783 4953 Exemit
805 4896 987 4957 lineas
1010 4908 1148 4959 mihi.

458 4960 646 5032 neque
671 4966 1048 5029 impritnendum
1075 4970 1271 5021 tradidit
1288 4982 1387 5021 non
1408 4970 1572 5032 alteri,

585 5024 888 5088 Hermanne,
910 5045 1067 5097 quam
1078 5033 1168 5083 soli
1189 5035 1306 5097 tibi;

454 5080 762 5159 Hermanne,
788 5080 975 5159 nomen
990 5080 1372 5159 hujusartisIel
1390 5092 1544 5147 decus
1571 5110 1583 5150 :

581 5149 801 5212 Tutaque
822 5152 928 5204 laus
943 5149 1174 5207 (ἱοΙοήἰίιι.

463 5212 692 5287 θυωρρί
712 5214 860 5287 situm
884 5220 1037 5287 orbis,
1062 5220 1203 5287 sique
1229 5227 1392 5272 nostra
1417 5222 1475 5272 ad
1500 5230 1742 5287 tempora,

540 5334 552 5346 .
582 5274 660 5323 Ab
678 5274 810 5325 orbis
829 5279 931 5346 ipsa
956 5274 1169 5346 origine,

456 5333 728 5408 Quisquam
750 5333 985 5392 tumultus
1011 5333 1241 5408 υἷιιιυιῇιιο
1256 5354 1307 5397 ct
1326 5347 1490 5397 cardus
1509 5346 1630 5399 velit

579 5398 854 5465 Cladesque
877 5418 1042 5469 nosse,
1067 5398 1327 5470 tne'legat.

405 5511 486 5569 Es
515 5515 715 5587 quibus
740 5517 852 5588 jam
900 5537 1005 5578 non
1030 5524 1194 5580 modo
1215 5525 1510 5585 Corrector
1542 5528 1687 5597 libri,
1721 5529 1928 5587 Iliacas

338 5601 542 5676 Vulpes
585 5607 929 5683 Vicentinus,
962 5618 1299 5687 agnoscitur,
1326 5620 1424 5676 sed
1466 5630 1520 5677 et
1561 5620 1740 5677 editor
1794 5622 1928 5679 Iler-

331 5708 559 5753 mannus
589 5698 950 5762 Coloniensis.
984 5709 1071 5775 At,
1106 5725 1225 5780 quc
1267 5711 1409 5768 hanc
1438 5712 1491 5768 in
1521 5711 1678 5768 Italia
1722 5713 1917 5770 subseo

339 5797 479 5842 cum:
508 5799 638 5845 sunt
679 5795 970 5864 editiones,
1003 5814 1193 5858 Omnes
1221 5804 1272 5859 in
1296 5812 1543 5860 extremo
1572 5806 1719 5872 libri,
1753 5809 1924 5863 l-lcllu

331 5885 512 5939 tamen
568 5882 946 5951 Bartltolomtci
1001 5893 1192 5955 Paiclli
1224 5896 1442 5957 nomine
1493 5898 1595 5959 hos
1645 5899 1909 5960 cxltibcnt

2043 4603 2375 4661 Hermannus
2404 4604 2783 4662 Lieclttenstein
2829 4608 2964 4680 typis
2986 4608 3267 4680 mandavit,
3294 4625 3431 4666 antro
3462 4619 3630 4667 tamen

2036 4715 2141 4754 non
2169 4698 2417 4755 indicato.
2452 4699 2560 4756 Sed
2589 4709 2645 4757 et
2692 4710 2981 4773 utramque
3016 4704 3361 4774 cognominis
3388 4708 3632 4778 appella-

2037 4790 2239 4847 tionem
2287 4791 2605 4862 repositam,
2632 4793 2795 4848 urbes
2850 4793 2904 4849 in
2951 4794 3169 4866 quibus,
3200 4810 3374 4853 annos
3403 4813 3621 4873 quoque

2035 4884 2236 4957 quibus
2267 4885 2433 4943 libros
2460 4900 2590 4942 suos
2628 4886 2819 4953 edidit,
2847 4901 3160 4960 annumque
3183 4889 3377 4947 mortis
3404 4892 3526 4963 ejus
3553 4906 3623 4950 ex

2035 4979 2226 5034 codem
2277 4977 2420 5034 libro
2466 4978 2851 5050 cognoscimus
2904 4990 3035 5038 tom.
3089 4981 3133 5052 Ι,
3180 4998 3236 5055 p.
3283 4983 3447 5040 224:
3498 4984 3634 5043 Her-

2033 5088 2256 5146 mannus
2292 5072 2554 5146 Levilapis
2577 5073 2916 5140 Coloniensis,
2954 5075 3203 5133 Vicentiar
3235 5078 3493 5153 (expensis
3520 5081 3630 5136 An-

2033 5166 2187 5233 tonii,
2207 5163 2454 5233 Gerardi,
2473 5165 2716 5233 Joannis,
2738 5165 2883 5223 Petri
2906 5176 2956 5222 et
2984 5166 3355 5226 Bartltolomtvi
3381 5171 3630 5242 fratrum,

2032 5268 2081 5315 et
2104 5257 2336 5329 ﬁliorum
2357 5260 2702 5332 quorumdam
2725 5259 2785 5316 8.
2817 5258 3008 5316 Zanoti
3036 5261 3101 5317 de
3125 5260 3417 5332 Placentia,
3443 5264 3629 5320 civium

2040 5348 2276 5415 Veronae,
2311 5349 2500 5423 M75),
2537 5352 2696 5407 H76.
2725 5350 3064 5409 Hermannus
3091 5354 3154 5409 de
3180 5354 3505 5426 Levilapide,
3528 5373 3622 5412 ex-

2033 5441 2205 5513 pensis
2228 5442 2440 5498 Nieolai
2465 5442 2612 5500 Petri
2640 5444 2707 5500 de
2735 5443 2948 5499 llarlem
2975 5446 3039 5500 de
3070 5445 3363 5502 Hollondia
3390 5447 3623 5518 Almani,

2043 5536 2203 5591 H77.
2260 5533 2596 5592 Hermannus
2635 5535 3015 5593 Ltcclttensteiu
3061 5537 3171 5611 (rel
3211 5539 3628 5614 Liclttenstein)

2030 5625 2376 5696 Coloniensis,
2412 5629 2572 5695 “28,
2598 5629 2760 5696 1479,
2792 5628 2956 5687 1480.
2984 5630 3231 5703 Tarsisii,
3267 5633 3429 5690 M77.
3458 5633 3629 5690 Vene-

2029 5720 2315 5786 tiis,1485,
2344 5721 2861 5788 1181,1186,1ο187,
2894 5723 2910 5775 l
2928 5722 3051 5789 188,
3081 5723 3242 5793 11911,
3272 5724 3435 5795 1495,
3464 5729 3626 5797 1191,

2029 5828 2136 5885 quo
2164 5831 2302 5869 anno
2331 5816 2572 5872 decessit.
2617 5815 2744 5870 Vide
2781 5813 3269 5893 Vincent.‘Specul.
3293 5820 3456 5878 1694.

2102 5905 2308 5982 [accpit
2354 5906 2516 5980 igitur
2563 5908 2662 5985 hic.
2690 5907 3035 5973 llcrmannus
3073 5925 3278 5973 annum
3323 5914 3453 5975 editi
3482 5914 3609 5977 libri
