3962 6336
297 296 408 356 639

1351 295 1626 356 PAULUS
1663 296 1959 356 OROSIUS
1997 294 2531 356 CllRONOLOGUS.

3486 297 3595 357 6i0

297 412 517 483 signare
570 410 716 468 circa
768 426 822 467 a.
864 412 1006 469 H75
1050 410 1195 470 unde
1244 419 1390 484 patet
1438 412 1794 469 vetustiorem
1826 427 1892 468 eo
1921 416 1965 476 Α
1996 420 2177 467 autem
2205 412 2527 469 Juliacensis
2569 411 2875 468 Germanus
2921 411 3041 482 fuit,
3076 412 3317 485 plurima
3345 414 3415 471 ah
3447 429 3592 473 anno

299 519 445 559 anno
502 504 709 570 Orosii,
749 504 819 558 ah
862 504 1054 561 eodem
1111 504 1335 575 vulgati,
1391 518 1514 560 esse
1569 503 1888 571 editionem,

300 615 471 672 quare
503 599 653 655 illam
687 601 890 669 pas~im
941 599 995 654 in
1048 600 1192 654 notis
1241 599 1472 669 primam
1506 608 1558 654 et
1590 598 1893 669 print-ipem

301 693 606 763 appellavi;
638 693 886 764 quamvis
934 692 1001 747 de
1047 690 1353 763 principatu
1399 705 1496 747 seu
1554 690 1896 762 antiquitatis

305 786 660 856 prmrogativa
691 784 841 840 litem
873 785 945 839 illi
979 798 1199 839 movere
1230 784 1403 854 possit
1432 783 1535 838 alia
1563 783 1740 840 Orosii
1782 783 1897 839 edi-

303 876 404 947 tio,
434 892 554 945 qua:
573 877 699 930 anni
729 884 911 932 notam
940 874 1183 942 exhibet,
1218 890 1393 946 neque
1419 891 1449 930 a
1477 875 1898 947 diligentissimo

307 966 426 1023 viro
447 965 502 1022 in
535 968 730 1039 Annal.
760 967 994 1039 Typigr.
1030 967 1281 1034 quamvis
1320 966 1603 1022 rarissima
1643 969 1895 1034 inventu,

306 1058 672 1130 prmtermissa
704 1059 824 1122 fuit,
863 1059 951 1129 qui
999 1073 1121 1114 eam
1154 1069 1407 1114 recensrt
1445 1068 1576 1114 tom.
1610 1059 1652 1123 l,
1688 1075 1740 1131 p.
1767 1060 1896 1116 505.

311 1151 614 1223 impressus
653 1152 700 1205 is
744 1151 879 1206 liber
905 1160 991 1207 est
1017 1150 1553 1207 Germano-Gothico
1582 1151 1901 1209 charactere

307 1242 569 1313 Augusta:
595 1258 647 1299 a.
679 1245 807 1299 M7!
857 1259 956 1316 per
1002 1243 1307 1301 Johannem
1361 1246 1755 1302 Sehnszler.[n
1797 1247 1901 1303 hac

308 1337 572 1407 editione,
597 1352 723 1408 qua:
761 1336 1002 1411 reliquas
1030 1347 1246 1395 veteres
1276 1338 1547 1395 editiones
1580 1354 1774 1396 omnes
1803 1340 1900 1395 ho-

309 1428 480 1484 nitate
509 1429 792 1501 praecedit,
816 1439 978 1501 atque
1005 1418 1072 1485 ex
1106 1432 1314 1501 optimo
1340 1431 1531 1487 codice
1563 1447 1664 1486 ms.
1689 1447 1900 1488 summa

317 1523 423 1579 lide
449 1538 714 1594 eXpressa
744 1523 863 1589 fuit,
891 1524 1063 1595 ipsius
1082 1523 1261 1580 Orosii
1286 1526 1510 1594 prologo
1534 1525 1649 1581 lucc
1679 1527 1898 1597 praeﬁxa

313 1618 597 1687 leguntur:
618 1616 774 1672 Pauli
803 1617 852 1671 Η
858 1619 1018 1672 orosii
1040 1616 1089 1672 11
1100 1617 1488 1691 istoriogrnphi,
1514 1618 1759 1690 discipuli
1781 1635 1903 1673 san—

310 1711 382 1764 cli
407 1708 683 1783 Augustini
706 1710 951 1779 episcOpi,
976 1710 1073 1763 riri
1102 1708 1334 1776 Hispani
1364 1711 1565 1781 generis
1592 1712 1900 1779 eloquentis-

2002 505 2149 563 1ΞίΞο
2177 522 2348 579 usque
2375 506 2442 561 ad
2468 505 2626 562 1540.
2660 505 2904 561 Colonia:
2942 507 3144 576 passim
3193 509 3336 578 apud
3374 508 3595 565 Eucha-

2001 598 2141 655 rium
2174 597 2566 661 Cet-vicoruum
2592 599 2854 669 impressa
2879 598 3071 663 edidit,
3100 600 3375 672 prtecipue
3401 599 3465 655 C.
3490 600 3602 657 Pli-

2000 690 2073 745 nii
2099 689 2374 746 Naturalis
2404 690 2659 746 Historia:
2687 704 2823 760 opus
2849 689 3168 745 universum
3203 706 3351 745 anno
3378 689 3542 755 1524,
3567 706 3601 746 a

2001 786 2269 856 plurimis,
2304 794 2363 841 ut
2388 787 2580 841 titulus
2610 786 2798 849 refert,
2825 785 3036 840 mendis
3078 793 3452 856 repurgatum.
3478 784 3605 841 Prze

2001 877 2236 949 reliquis,
2257 892 2387 932 vero
2418 875 2742 932 medicinam
2766 875 2962 931 Oresio
2989 876 3244 946 praestitit
3272 874 3604 932 Franciscus

2002 966 2288 1025 Fabricius
2315 966 2763 1037 Marcoduranus,
2797 966 2880 1021 vir
2903 967 3090 1021 multis
3117 966 3171 1022 in
3208 966 3607 1037 rempublicam

2003 1062 2327 1119 litterariam
2360 1062 2569 1118 meritis
2597 1061 2798 1116 clarus.
2831 1060 2927 1116 llic
2971 1074 3166 1116 novam
3198 1060 3375 1115 Orosii
3403 1058 3613 1115 editio-

2007 1169 2149 1220 nem,
2208 1155 2354 1210 notis
2405 1150 3076 1218 illustratam,adornavit
3124 1168 3267 1208 anno
3319 1152 3484 1220 1561,
3514 1168 3609 1208 sc-

2004 1246 2184 1304 cundo
2213 1246 2411 1303 deinde
2462 1245 2643 1301 emisit
2688 1259 2834 1300 anno
2886 1246 3047 1314 13573,
3075 1254 3129 1300 et
3171 1244 3407 1316 denique
3437 1244 3609 1299 tertio

2006 1355 2149 1397 anno
2176 1340 2338 1395 1582.
2364 1337 2609 1410 Triginta
2638 1337 2814 1393 tribus
2839 1345 2962 1408 post
2985 1339 3144 1393 anuis
3173 1338 3422 1395 Andreas
3445 1337 3612 1393 Scot-

2007 1442 2117 1501 tus,
2148 1442 2335 1488 notum
2381 1431 2522 1501 apud
2570 1431 2818 1487 eruditos
2848 1446 3068 1498 nomen,
3095 1441 3150 1488 et
3195 1432 3311 1503 ipse
3347 1430 3607 1486 Orosium

2008 1526 2324 1598 publicavit.
2357 1524 2502 1580 Nihil
2534 1535 2714 1580 autem
2754 1524 2824 1580 de
2868 1539 2968 1580 suo
3008 1523 3243 1593 addidit,
3276 1522 3372 1578 sed
3400 1533 3610 1593 praeter

2011 1617 2366 1674 Fabricianas
2396 1612 2552 1672 notas‘
2580 1616 2780 1686 adjecit
2818 1626 3075 1685 excerpta
3106 1631 3174 1673 ex
3218 1615 3606 1671 Annotationi-

2011 1712 2112 1766 bus
2145 1709 2402 1765 Ludovici
2451 1710 2650 1777 Lautii,
2683 1708 2884 1779 Belgre,
2918 1708 3223 1780 presbyteri
3272 1706 3609 1764 Gandensis.

311 1799 428 1852 siuti
447 1840 461 1861 ,
484 1798 753 1852 adversum
776 1797 1146 1869 Cristiani(sie)
1168 1787 1278 1852 nais
1301 1798 1422 1868 (sic)
1449 1798 1692 1868 querulos
1708 1799 1899 1854 Prolo-
1936 1799 1984 1859 B
2014 1804 2068 1860 In
2099 1804 2201 1858 hac
2250 1812 2523 1874 postrema
2550 1802 2728 1858 Orosii
2761 1802 3028 1869 editione,
3059 1815 3180 1870 qua:
3210 1800 3442 1871 reliquis
3473 1799 3610 1856 hac-

312 1904 417 1960 gus
450 1889 501 1944 in
531 1889 701 1945 libros
727 1900 958 1959 septem.
979 1888 1045 1944 In
1075 1901 1301 1946 extremo
1330 1901 1505 1945 autem
1534 1892 1636 1959 [ine
1657 1890 1774 1945 libri
1793 1893 1904 1947 luce

310 1999 509 2045 exstant
542 2006 560 2045 :
592 1987 741 2044 Beati
773 1989 924 2043 Pauli
958 1989 1102 2044 lloro
1117 1990 1182 2045 sii
1216 1990 1521 2059 presbyteri
1550 1978 1745 2059 Χιῖὧιιί
1781 1988 1899 2059 (sic)

315 2073 436 2136 Ιιοῖἐ
484 2080 742 2151 querulos
785 2079 903 2134 libri
945 2094 1158 2134 numero
1187 2087 1381 2148 septem
1420 2078 1610 2147 ﬁniunt
1662 2076 1902 2149 feliciter,

309 2188 399 2243 per
424 2172 456 2225 .1
466 2172 718 2226 altannem
745 2170 1041 2239 Schuszler,
1069 2170 1452 2241 ﬂorentissima:
1486 2170 1629 2223 urbis
1658 2173 1909 2245 Augusta:

309 2264 569 2319 conciam
603 2263 861 2336 impressi.
891 2262 1041 2317 Anno
1069 2279 1101 2316 a
1144 2259 1312 2316 Parta
1348 2259 1575 2331 Virginis
1605 2258 1794 2314 Μανία
1821 2276 1911 2313 sa-

307 2355 520 2427 lutifero
558 2354 832 2410 millesimo
866 2353 1374 2427 quadringentesimo
1412 2362 1460 2408 et
1502 2352 1903 2425 septuagesimo.

314 2449 530 2504 Circiter
548 2445 697 2502 Junii
721 2464 886 2502 nonas
914 2447 1182 2520 septimas.

383 2543 571 2600 Tertio
612 2542 810 2622 deinde
850 2541 1048 2612 prodiit
1086 2538 1315 2597 Oro-ius
1341 2538 1587 2596 Venetiis
1616 2552 1779 2609 opera
1811 2536 1911 2594 Oc-

313 2638 516 2696 taviani
542 2637 688 2693 Scoti
718 2652 748 2692 a
799 2635 957 2692 MSS.
989 2635 1048 2691 In
1073 2633 1234 2705 cujus
1257 2632 1516 2690 editionis
1547 2632 1657 2688 line
1683 2632 1800 2688 haec
1828 2632 1911 2687 iu-

316 2733 647 2789 veuiuntur:
679 2730 839 2786 Pauli
863 2729 1063 2796 Orosii,
1092 2729 1188 2783 uiri
1209 2727 1514 2797 clarissimi,
1538 2728 1608 2782 ad
1636 2725 1909 2795 Aurelium

314 2828 670 2899 Augustinum
734 2827 1036 2899 episcopum
1082 2833 1130 2879 et
1174 2823 1453 2878 Doctorem
1501 2823 1749 2877 eximium
1791 2820 1911 2877 libri

314 2922 522 2992 septimi
567 2937 630 2974 ac
677 2918 851 2974 ultimi
904 2919 1046 2988 ﬁnis.
1075 2915 1328 2989 Impressi
1370 2914 1625 2982 Venetiis,
1655 2930 1817 2985 opera
1861 2924 1909 2969 et

310 3015 551 3085 expensis
596 3012 813 3068 Octcria
835 3012 871 3065 ti
916 3011 1062 3066 Scoti
1108 3008 1494 3065 Modasiensis.
1529 3008 1678 3061 Anno
1716 3008 1780 3060 ab
1824 3006 1906 3060 in-

314 3106 619 3161 carnatione
678 3100 893 3156 Domini
942 3102 1105 3166 1485,
1154 3101 1307 3155 tertio
1359 3098 1610 3154 kalendas
1665 3097 1901 3164 Sextilis,

2010 1907 2170 1955 tenus
2197 1907 2458 1968 praestare
2481 1898 2594 1952 visa
2620 1895 2743 1964 fuit,
2769 1896 3001 1965 plurima
3032 1894 3372 1963 deprehendi
3397 1902 3606 1961 errata,

2011 2006 2133 2062 qua:
2161 1989 2467 2045 incuriosos
2494 1989 2684 2044 oculos
2715 1998 2952 2059 arguunt
2992 1987 3161 2053 illius,
3193 1988 3289 2058 qui
3329 1985 3421 2041 isti
3458 2002 3614 2044 cura:

2012 2082 2250 2151 prtefuit.
2286 2078 2471 2152 Neque
2501 2082 2615 2151 ipse
2645 2080 2950 2147 Fabricius,
2982 2079 3237 2151 quamvis
3278 2076 3500 2150 egregie
3553 2081 3613 2136 in

2010 2174 2206 2231 Orosio
2226 2175 2570 2231 emendando
2592 2188 2639 2229 et
2658 2174 2985 2231 illustraudo
3016 2185 3267 2231 versatus
3298 2175 3417 2239 luit,
3441 2190 3613 2234 omne

2011 2280 2269 2339 punctum
2294 2268 2485 2324 tulisse
2515 2269 2671 2322 visus
2695 2277 2799 2333 est,
2828 2268 2974 2339 quod
2999 2269 3101 2323 sibi
3130 2269 3295 2324 nimis
3324 2269 3377 2325 in
3409 2284 3480 2325 eo
3509 2285 3616 2326 au-

2010 2370 2164 2416 ctore
2190 2359 2503 2425 indulserit,
2535 2367 2675 2416 teste
2702 2359 2927 2414 Barthio
2967 2360 3267 2416 Adversar.
3296 2360 3395 2416 lib.
3419 2375 3610 2429 xxxvi,

1962 2508 1971 2523 ,
2011 2466 2131 2524 cap.
2167 2453 2254 2509 17.
2283 2452 2465 2521 Quare
2514 2453 2711 2508 merito
2735 2452 2848 2521 jam
2902 2452 3115 2521 pridem
3157 2452 3472 2523 iudicarunt
3504 2452 3613 2510 viri

2011 2548 2182 2612 docti,
2217 2548 2419 2603 mereri
2457 2546 2735 2615 Orosiutn,
2768 2555 2826 2600 ut
2868 2545 3052 2602 denuo
3095 2545 3293 2616 majori
3320 2561 3444 2601 cum
3475 2560 3611 2603 cura

2011 2642 2081 2698 ad
2131 2656 2265 2697 mss.
2313 2640 2647 2711 exemplaria
2697 2649 3110 2705 recenseretur;
3144 2640 3450 2710 przesertim
3481 2655 3609 2695 eum

2012 2735 2081 2811 ab
2106 2744 2250 2791 anno
2275 2735 2415 2790 1615
2458 2748 2565 2805 quo
2601 2734 2654 2789 in
2687 2733 2966 2803 publicum
2994 2732 3128 2787 exiit
3155 2731 3389 2788 Aodrea:
3433 2731 3610 2788 Scotti

2012 2832 2182 2887 editio
2223 2830 2562 2901 Moguntina,
2594 2829 2747 2885 nullo
2788 2843 2857 2884 es
2894 2828 3029 2883 viris
3082 2825 3341 2882 litteratis
3386 2838 3607 2880 manum

2015 2924 2367 2991 admovente,
2400 2921 2650 2993 adeoque
2694 2920 2819 2994 plus
2847 2932 3068 2976 centum
3108 2929 3165 2975 et
3203 2916 3393 2989 viginti
3424 2918 3608 2986 annis,

2014 3018 2067 3073 in
2099 3026 2253 3072 tanto
2275 3025 2488 3071 veteres
2507 3022 2764 3070 auctores
2791 3011 2861 3068 ad
2894 3011 3041 3083 prela
3066 3009 3361 3068 revocandi
3388 3009 3610 3074 ardore,

2012 3109 2249 3182 jacuerit
2275 3107 2525 3174 Orosius,
2556 3105 2717 3177 cujus
2746 3116 2926 3161 tamen
2961 3114 3039 3159 tot
3062 3112 3220 3159 antea
3267 3118 3327 3157 se
3370 3102 3613 3157 invicem

317 3196 524 3253 Joanne
554 3195 822 3251 Morenico
859 3193 1057 3265 inclyta
1109 3192 1446 3247 Venetiarum
1493 3190 1646 3246 duce.
1689 3190 1909 3245 Litteris
1938 3181 1986 3246 C
2016 3211 2349 3274 exceperant
2369 3200 2664 3268 editiones,
2696 3206 2752 3254 οι
2778 3208 2888 3254 tam
2917 3197 3092 3265 varia,
3112 3204 3279 3267 atque
3300 3194 3611 3265 multiplex,

315 3291 435 3346 lucc
461 3287 631 3345 editio
660 3287 845 3343 rubeis
867 3295 922 3342 et
960 3285 1141 3355 pictis,
1173 3294 1334 3355 prout
1359 3293 1415 3339 et
1445 3283 1620 3352 prima
1653 3281 1822 3338 editio
1853 3281 1907 3337 in

321 3384 501 3440 l'ronte
531 3391 587 3438 et
629 3381 784 3437 initio
830 3380 1067 3451 capitum
1104 3376 1395 3449 superbire
1437 3376 1599 3432 solet.
1626 3376 1757 3431 Post
1787 3375 1909 3431 illas

320 3476 521 3550 prodiit
554 3476 748 3531 iterum
783 3473 1027 3529 Venetiis
1048 3487 1207 3544 opera
1233 3480 1283 3526 et
1320 3469 1559 3542 expensis
1592 3468 1677 3542 (ut
1704 3468 1910 3539 pariter

320 3573 374 3628 iu
408 3572 518 3628 line
564 3569 787 3641 legitur)
811 3567 1069 3623 Bernardi
1116 3565 1296 3621 Veneti
1342 3564 1408 3618 de
1446 3562 1727 3618 Vitalibus.
1760 3564 1910 3616 Anno

320 3668 387 3720 ab
416 3663 773 3718 incarnatione
806 3660 1013 3715 Domini
1037 3658 1176 3714 1500
1201 3658 1286 3713 die
1312 3657 1381 3713 12
1409 3656 1597 3712 mensis
1646 3654 1910 3710 Octobris.

320 3755 593 3828 Regnante
616 3754 831 3808 domino
856 3752 1146 3824 Augustino
1174 3748 1490 3823 Burbadico.

392 3849 478 3904 Ab
498 3862 565 3904 eo
591 3856 836 3919 tempore
863 3845 1167 3916 saepissime
1195 3842 1344 3916 prela
1377 3842 1624 3913 fatigavit
1657 3840 1905 3909 Orosius,

320 3955 377 4001 et
400 3944 619 4017 quidem
645 3943 868 3999 Parisiis
901 3941 1082 4014 primo
1110 3940 1416 4011 impressus
1453 3939 1556 3993 fuit
1585 3953 1680 4009 per
1708 3937 1915 3994 Johan-

325 4054 449 4095 nem
483 4037 732 4108 Barbier,
763 4038 1153 4108 impressorem
1186 4048 1286 4089 nec
1315 4047 1420 4089 non
1456 4031 1738 4088 librarium
1762 4030 1918 4101 jura-

325 4146 462 4200 tum.
494 4143 553 4188 ιιι
577 4147 638 4189 se
666 4140 842 4195 vocat,
863 4145 1007 4186 anno
1028 4130 1097 4184 ab
1125 4128 1499 4184 incarnatione
1533 4125 1747 4181 Domini
1773 4123 1914 4180 1510

323 4229 413 4285 die
445 4230 513 4285 1⁸5
541 4228 747 4286 mensis
790 4223 1144 4282 Novembris.
1191 4222 1324 4278 Dein
1370 4221 1569 4277 ibidem
1605 4219 1742 4277 1521
1773 4219 1917 4291 apud

324 4323 629 4380 Iohannem
655 4321 888 4376 Parvum
936 4318 1082 4390 typis
1109 4317 1257 4373 Petri
1285 4314 1556 4383 Vidovrei,
1584 4314 1784 4371 edente
1829 4314 1920 4370 Se-

327 4414 575 4470 bastiano
605 4413 877 4482 Mengino.
900 4474 905 4477 τ

397 4506 439 4561 C
463 4507 753 4562 doaienses
784 4503 981 4560 deinde
1010 4503 1134 4574 plus
1163 4501 1339 4559 semel
1372 4501 1513 4557 hunc
1535 4508 1811 4557 auctorem
1837 4516 1917 4556 re-

325 4600 613 4662 cudernut,
645 4597 950 4666 przcsertim
973 4610 1115 4651 anno
1136 4595 1297 4664 1526,
1316 4593 1473 4663 cujus
1492 4592 1749 4649 editionis
1774 4593 1914 4650 haud
1942 4574 1994 4635 Ῑ)

329 4692 503 4747 levem
532 4705 719 4746 curant
751 4688 960 4755 habuit,
983 4687 1074 4757 qui
1104 4689 1361 4759 prmlatus
1399 4686 1467 4742 ad
1515 4686 1764 4743 eamdem
1808 4698 1916 4754 est,

325 4783 603 4843 Gerardus
631 4784 938 4853 Bolsuiuge.
968 4781 1223 4847 Escndit,
1253 4792 1312 4836 ut
1339 4782 1393 4837 in
1428 4782 1604 4837 fronte
1636 4782 1756 4838 libri
1785 4782 1921 4838 dici-

327 4888 433 4944 tur,
481 4877 780 4933 Eucharius
825 4874 1213 4939 Cervicornus,
1260 4876 1522 4945 impensis
1570 4890 1724 4949 vero,
1755 4885 1812 4929 ιιι
1865 4874 1917 4930 in

329 4972 513 5027 ultima
562 4971 825 5026 docemur
849 4970 1065 5040 pagina,
1097 4967 1176 5023 Μ.
1210 4967 1490 5037 Gorlefridi
1535 4966 1820 5040 Ilydorpii,
1851 4969 1922 5022 ci-

324 5066 398 5121 ris
428 5064 776 5132 Coloniensis,
807 5080 980 5118 mense
1019 5061 1199 5117 .lnnio.
1234 5062 1562 5133 llittorpium
1610 5062 1753 5119 idem
1799 5077 1922 5119 sese

248 5184 255 5193 ν
326 5168 487 5215 vocat
510 5158 561 5212 in
592 5157 833 5213 editione
861 5155 1198 5224 Cllll'llllCllri,
1227 5171 1350 5226 qua:
1377 5154 1577 5226 prodiit
1602 5170 1676 5211 ex
1704 5154 1923 5211 ollieina

327 5252 568 5321 Jasparis
591 5249 910 5318 Genueprei,
933 5263 1080 5303 anno
1113 5248 1274 5312 1512,
1300 5256 1357 5302 et
1408 5263 1574 5318 quam
1604 5248 1923 5319 procuravit

326 5345 564 5400 Joannes
616 5344 909 5411 Ca'sarius,
956 5342 1113 5411 cujus
1165 5340 1412 5412 praelatio
1458 5340 1635 5397 eidem
1692 5341 1921 5397 editioni

332 5437 549 5507 praeﬁxa
582 5437 803 5507 legitur.
834 5437 889 5491 In
929 5445 1177 5492 extremo
1202 5435 1323 5503 ejus
1365 5433 1487 5489 lihri
1520 5433 1638 5491 lucc
1664 5444 1920 5490 exstant:

333 5531 578 5602 Impensa
603 5539 652 5584 ct
671 5546 773 5586 tere
800 5529 871 5585 Μ.
900 5529 1176 5598 Gorlefridi
1199 5526 1617 5599 Hittorpii,citn's
1648 5528 1927 5584 Colonien-

328 5627 421 5684 sis.
452 5641 625 5679 mense
668 5629 901 5696 Augusto
934 5623 1092 5680 1542.
1129 5621 1259 5679 Hmc
1295 5622 1463 5678 editio
1505 5622 1668 5678 nobis
1715 5624 1921 5691 passim

332 5718 667 5787 llittorpiana
681 5728 929 5785 vocatur,
955 5718 1105 5789 prior
1132 5731 1262 5772 vero
1277 5715 1677 5787 Bolsuiugiana.
1696 5716 1775 5771 De
1802 5716 1927 5772 Bul-

330 5809 547 5879 suiugio
571 5811 700 5867 mihi
736 5825 905 5883 pauca
928 5821 1206 5883 comperta
1226 5820 1348 5866 sunt
1366 5826 1382 5875 ;
1398 5809 1636 5868 Joannes
1656 5810 1925 5868 Caesarius
1950 5806 1959 5811 ’

2016 3307 2075 3354 et
2102 3312 2327 3368 prorsus
2342 3294 2657 3351 necessaria
2670 3293 2936 3348 existeret
2957 3291 3193 3348 Historia
3204 3329 3217 3345 .

2093 3390 2244 3469 Haud
2287 3389 2451 3462 igitur
2491 3395 2780 3444 contentus
2804 3386 3079 3457 prioribus
3117 3395 3187 3441 et.
3214 3374 3405 3455 priscis
3454 3381 3565 3439 illis
3589 3424 3606 3450 ,

2016 3498 2139 3556 qua:
2185 3497 2377 3539 omnes
2427 3481 2495 3536 ad
2543 3494 2763 3537 manum
2820 3478 2953 3535 mihi
2997 3478 3184 3544 l‘nere,
3249 3475 3615 3542 editionibus,

2016 3575 2276 3632 auxilium
2297 3574 2599 3646 praesertim
2617 3587 2648 3627 a
2667 3586 2797 3627 mss.
2826 3570 3103 3627 codicibus
3125 3567 3412 3640 petendum
3425 3566 3621 3623 existi-

2018 3668 2161 3725 mavi
2186 3709 2204 3735 ,
2261 3667 2418 3738 cujus
2462 3666 2681 3738 generis
2721 3664 2973 3721 undecim
2999 3679 3123 3719 eum
3168 3672 3360 3720 nactus
3384 3674 3617 3729 essem,

2018 3761 2151 3817 satis
2177 3776 2266 3817 me
2312 3761 2637 3816 instructum
2672 3758 2872 3829 putavi.
2898 3757 3150 3828 Quinque
3191 3771 3257 3812 ex
3304 3756 3370 3811 iis
3410 3769 3623 3827 suppe-

2021 3852 2212 3909 ditavit
2260 3849 2394 3907 mihi
2424 3850 2751 3907 bibliotheca
2788 3863 2910 3921 quae
2933 3847 3115 3905 Leidae
3144 3847 3266 3905 sive
3286 3846 3458 3917 Lugd.
3494 3847 3620 3903 Bat.

2021 3959 2141 4015 est,
2183 3958 2293 4003 tres
2323 3945 2638 4002 Florentina
2660 3987 2676 4012 ,
2711 3960 2875 3999 unum
2909 3942 3289 4013 Ultrajectina.
3320 3940 3441 4012 Ipse
3484 3954 3628 4012 quo-

2034 4058 2141 4114 que
2169 4057 2333 4098 unum
2366 4041 2619 4112 possideo
2642 4080 2658 4107 ,
2691 4046 2749 4093 et
2769 4038 3005 4110 denique
3041 4036 3388 4093 collationem
3416 4034 3625 4091 codicis

2022 4135 2263 4207 antiqui,
2295 4150 2503 4191 summa
2535 4148 2665 4189 cura
2692 4149 2723 4187 a
2746 4133 2961 4187 elariss.
2991 4129 3195 4187 .lacobo
3215 4128 3492 4186 Gronovio
3514 4126 3610 4183 .in-

2022 4230 2265 4286 stitutam
2286 4272 2301 4297 ,
2330 4237 2523 4284 nactus
2549 4228 2643 4282 fui.
2672 4225 2843 4295 llujus
2866 4223 2994 4279 mihi
3018 4224 3227 4292 copiam
3254 4220 3381 4278 fecit
3405 4220 3623 4292 dignis-

2023 4324 2193 4380 simus
2219 4320 2314 4377 illo
2347 4331 2500 4393 patre
2530 4320 2673 4375 lilius
2717 4319 3058 4375 Abrahamus
3083 4315 3390 4373 Gronovius
3411 4354 3428 4381 ,
3452 4329 3614 4370 eum-

2024 4432 2131 4488 que
2169 4414 2415 4472 codicem
2467 4429 2588 4468 eum
2623 4413 2786 4468 tertio
2815 4426 2881 4467 ex
2917 4409 3092 4481 Lugd.
3144 4410 3285 4464 But.
3322 4407 3625 4478 plurimum

2025 4509 2322 4565 convenire
2360 4504 2710 4576 deprehendi.
2770 4501 2959 4559 Codex
3006 4515 3161 4557 meus
3200 4500 3254 4556 in
3286 4515 3615 4571 pergameno

2022 4618 2119 4675 per
2174 4602 2453 4657 columnas
2508 4598 2790 4669 scriptus,
2844 4613 2911 4653 ex
2970 4595 3298 4651 bibliotheca
3354 4593 3613 4651 llulsiana

2021 4693 2290 4767 quondam
2338 4698 2658 4761 coemptas,
2734 4690 2954 4760 optima:
3002 4697 3088 4744 est
3133 4698 3316 4755 noue,
3378 4686 3619 4758 mihique

2024 4786 2320 4857 plurimum
2363 4782 2584 4855 proluit.
2635 4781 3041 4853 Ultrajectinum
3098 4794 3291 4850 magna
3350 4778 3616 4834 industria

2024 4879 2255 4937 contulit
2307 4879 2432 4934 Otto
2486 4876 2850 4941 Arntzenius,
2905 4874 3119 4930 Scholae
3161 4872 3615 4929 Goudanasnunc

2025 4971 2340 5028 moderator
2392 4968 2703 5024 indefessus
2732 4983 2748 5024 :
2778 4975 2862 5023 est
2899 4966 3118 5037 quidem
3165 4967 3211 5022 is
3240 4966 3412 5023 codex
3441 4980 3507 5021 ex
3539 4979 3627 5021 re-

2027 5063 2366 5121 centioribus
2394 5071 2449 5118 et
2496 5061 2651 5117 valde
2699 5059 3032 5127 mendosus,
3076 5059 3172 5116 sed
3228 5059 3390 5114 habet
3437 5070 3622 5115 tamen

2030 5159 2292 5213 lectiones
2320 5154 2580 5227 quasdam
2610 5154 2663 5209 in
2705 5154 2900 5225 quibus
2929 5168 3053 5209 cum
3075 5153 3298 5225 optimis
3326 5151 3624 5223 conspirat.

2028 5254 2171 5310 luter
2187 5253 2425 5324 quinque
2448 5265 2578 5306 mss.
2597 5262 2732 5319 quos
2747 5247 3182 5316 academim,qu:n
3198 5245 3446 5318 Lugduni
3470 5246 3629 5301 Bata-

2035 5361 2231 5402 vorum
2259 5354 2342 5400 est
2369 5387 2383 5411 ,
2412 5343 2743 5399 bibliotheca
2776 5340 3170 5412 suppeditavit,
3200 5356 3339 5395 unus
3380 5350 3630 5395 servatur

2032 5444 2084 5498 in
2159 5442 2335 5509 legato
2385 5438 2775 5502 Perizouiauo,
2852 5435 3145 5505 inscriptus
3212 5434 3276 5488 de
3345 5434 3622 5487 Orchestra

2027 5535 2213 5589 mundi
2245 5576 2259 5602 ,
2289 5541 2343 5589 et
2391 5532 2625 5602 scriptus
2677 5531 2731 5585 in
2760 5528 2950 5585 charta
2979 5542 3123 5583 anno
3154 5525 3295 5582 ιιθδ
3319 5568 3335 5591 ,
3384 5526 3630 5596 adeoque

2027 5628 2185 5683 valde
2233 5640 2456 5690 recens,
2489 5624 2582 5680 sed
2632 5635 2810 5679 tamen
2841 5622 3000 5677 valde
3030 5622 3205 5677 bonus
3234 5631 3290 5677 et
3311 5622 3631 5692 antiquissi-

2032 5721 2132 5775 mis
2178 5718 2606 5790 comparandus.
2667 5716 2748 5771 Ex
2787 5726 3020 5787 quatuor
3078 5714 3306 5785 reliquis
3354 5714 3635 5770 codicibus

2032 5812 2201 5886 Lugd.
2236 5814 2380 5868 Batt.
2416 5812 2646 5882 primum
2676 5809 2828 5866 soleo
2876 5810 3157 5867 nominare
3184 5823 3311 5865 eum
3334 5850 3350 5878 ,
3380 5808 3474 5879 qui
3507 5808 3633 5863 olim
3676 5866 3691 5879 ,
