4062 6340
293 288 388 344 δη

1404 277 1777 336 ΡΙίίΕΙαἈΤΙΟ
1815 274 1947 335 SIG.
1992 272 2463 332 HAVERCAMPI.

3478 271 3588 331 σιξ

287 399 493 456 Nicolai
537 397 770 466 lleinsii,
800 395 1008 454 deinde
1036 392 1210 452 lsaaei
1242 392 1418 451 Vossii
1462 392 1597 461 fuit,
1620 399 1780 463 atque
1807 388 1903 447 ad-
1927 392 1974 453 Α
2006 398 2074 454 '57
2095 404 2148 453 et
2182 392 2248 448 ad
2275 388 2534 448 sat-culum
2560 386 2826 443 decimum
2848 392 3099 458 quartum
3124 384 3375 442 refertur.
3404 386 3461 441 ln
3493 401 3592 457 po:-

284 491 533 563 juuctum
573 491 675 546 sibi
708 491 980 547 Justitiam
1012 490 1192 546 habet.
1240 487 1299 544 In
1329 486 1432 543 hoc
1459 485 1600 541 libro
1630 485 1682 540 itt
1719 499 1890 541 mem-

1996 489 2228 546 steriore
2254 500 2317 542 ex
2344 483 2526 551 hisce,
2557 496 2678 535 nam
2711 478 2862 550 prior
2886 478 2939 533 in
2966 478 3232 548 principio
3253 492 3468 549 qunque
3497 477 3593 531 la:-

300 584 491 640 branis
541 585 773 654 scripto,
799 586 1014 656 quidam
1054 596 1248 640 versus
1276 580 1713 652 prmﬁgcbantur,
1759 591 1894 648 quos
1995 594 2089 637 sus
2119 588 2241 644 est,
2271 575 2457 631 titulus
2489 573 2613 628 libri
2646 572 2733 628 hic
2777 581 2858 628 est
2896 586 2911 625 :
2948 569 3105 625 Pauli
3135 568 3343 636 Orosii,
3376 569 3592 640 presby-

294 674 539 748 integros
567 675 827 734 exhibere
854 690 1066 748 nequeo
1084 717 1100 743 ,
1135 674 1277 747 quod
1300 674 1539 730 exterior
1567 670 1897 728 membrana:

292 784 422 841 pars
451 769 723 842 discerpta
746 768 835 826 sit.
862 769 994 842 Legi
1014 779 1194 825 autem
1217 768 1268 823 hi
1292 774 1582 840 potuerunt
1611 781 1625 820 :

416 882 568 958 Qrbis
589 892 855 958 terrarum,
881 883 1392 958 metasque_situsqtte
1410 880 1645 958 locorum,

417 949 678 1008 gettiputat
700 946 781 997 hic
804 948 931 997 sacri
955 944 1111 1008 codex
1142 945 1421 995 luculenter
1444 944 1602 994 Orosi.

413 1005 1002 1087 mundumjpuostdactum,
1029 1007 1292 1087 formatum
1312 1012 1421 1087 post
1444 1005 1796 1087 p‘fOloplasltlm
1820 1041 1835 1066 ,

424 1069 625 1120 Ll'erram
643 1067 827 1121 diluvio
851 1067 1005 1133 super
1028 1083 1226 1120 omnem
1250 1067 1455 1133 vindice
1468 1067 1597 1128 fuso,

414 1132 543 1205 Area
564 1132 960 1205 serratis‘divino
983 1132 1399 1205 munerenpaucis.

412 1194 545 1245 Hinc
562 1196 688 1244 mala
714 1196 865 1254 bella,
890 1208 1066 1254 neces,
1094 1189 1366 1255 conﬂictus,
1394 1190 1588 1257 praelia,
1609 1189 1746 1257 lites,

418 1257 631 1331 Rrobra,
655 1259 949 1331 simultates,
978 1258 1217 1331 incestus,
1240 1254 1423 1331 iurgia,
1437 1254 1662 1327 fraudes.

414 1317 652 1370 Errorutn
672 1331 849 1384 sectm,
872 1320 1144 1384 patricidia,
1172 1317 1554 1381 furta,'rapiuie,

421 1676 668 1731 Cernerel
686 1679 767 1730 hic
790 1678 966 1742 oculis,
993 1691 1090 1742 quo
1109 1684 1280 1740 posset
1304 1683 1518 1742 uterque
1541 1667 1728 1742 doceri.

422 1743 565 1802 Quod
581 1743 671 1794 tibi
695 1736 962 1801 transmisi,
990 1736 1086 1790 non
1106 1736 1160 1790 ut
1183 1754 1301 1802 mea
1317 1736 1511 1788 discere
1531 1736 1691 1800 possis

420 1801 679 1870 Dogmata,
699 1806 787 1855 sed
813 1803 958 1854 ﬁeret
976 1817 1122 1870 veras
1150 1811 1204 1852 ut
1222 1801 1589 1870 judicetemct.

438 1857 627 1919 Aiﬁtula
651 1857 863 1930 namque
886 1880 1055 1916 manus
1077 1866 1151 1915 sic
1173 1857 1352 1914 rddere
1372 1862 1571 1912 desinet
1586 1857 1727 1910 illud.

376 1971 668 2030 Secundus
723 1968 907 2027 Codex
988 1968 1160 2041 Lugd.
1236 1968 1359 2023 Bal.
1416 1965 1470 2021 in
1517 1965 1624 2020 line
1682 1968 1900 2018 notatur

299 2067 540 2140 scriptus
572 2080 734 2121 manu
764 2063 943 2135 fratris
975 2060 1231 2117 Ererardi
1279 2061 1343 2115 de
1369 2056 1665 2130 Novongio.
1706 2054 1903 2110 luseri-

301 2161 454 2217 bitur
470 2168 650 2215 autem
674 2157 727 2212 iu
751 2157 905 2214 initio
927 2156 1030 2220 ita,
1053 2153 1225 2209 Orosii
1253 2153 1315 2207 de
1337 2150 1581 2207 Cladibus
1601 2158 1647 2205 et
1675 2147 1906 2203 Miseriis

301 2253 652 2324 Antiquorum
694 2249 814 2305 libri
853 2258 1070 2320 septem.
1105 2248 1160 2302 ltt
1201 2246 1311 2302 fine
1357 2256 1539 2301 autem
1573 2243 1690 2299 hinc
1723 2242 1909 2313 legun-

305 2358 440 2404 tur:
488 2346 636 2402 Libri
667 2346 842 2401 Orosii
890 2342 1175 2416 presbyteri
1224 2343 1288 2395 de
1318 2338 1566 2396 Cladibus
1613 2348 1659 2394 et
1687 2335 1909 2407 antiquis

310 2440 544 2495 Miseriis
573 2438 753 2493 mutuli
784 2452 875 2509 per
914 2451 1098 2490 manus
1129 2432 1309 2505 scripti
1357 2431 1534 2503 fratris
1568 2428 1821 2485 Μενανᾱί
1851 2426 1915 2482 de

312 2531 610 2604 Novougio.
631 2529 848 2585 Tertius
867 2528 1025 2584 nobis
1044 2526 1188 2583 audit
1203 2524 1378 2582 Orosii
1392 2522 1585 2589 codex,
1605 2523 1694 2593 qui
1713 2518 1914 2576 Justini

308 2641 523 2698 quoque
572 2624 739 2681 libros
789 2621 1061 2688 continet,
1093 2630 1147 2677 et
1188 2616 1525 2687 inscribitur,
1562 2614 1732 2669 Orosii
1785 2613 1914 2669 liber

314 2719 669 2774 Historiarum
697 2717 761 2772 de
782 2715 1021 2772 Ormesta
1048 2714 1249 2769 mutuli.
1270 2710 1353 2767 Ad
1369 2710 1531 2766 finem
1560 2707 1681 2763 libri
1697 2704 1916 2777 septimi

312 2809 675 2867 subscribitur
690 2822 900 2877 versus,
916 2808 1072 2880 quiin
1090 2808 1263 2877 primo
1277 2816 1491 2876 quoque
1508 2798 1915 2873 codice;ex5tat:

508 2907 799 2987 Presbyteri
822 2921 949 2973 sacri
974 2921 1134 2972 codex
1156 2918 1235 2970 hic
1258 2915 1367 2967 finit
1384 2913 1547 2967 Orosl.

314 3032 559 3101 Quartus
614 3030 848 3102 denique
877 3076 892 3101 ,
950 3027 1432 3093 membranaceus,
1482 3022 1609 3080 olim
1665 3020 1730 3078 ad
1778 3020 1923 3078 Isaa-

326 3139 449 3181 cum
467 3124 716 3181 Vossium
747 3121 1008 3194 pertinuit
1026 3131 1083 3178 et
1106 3134 1228 3176 cum
1257 3117 1485 3190 reliquis
1497 3115 1616 3187 ejus
1637 3128 1769 3171 mss.
1807 3128 1923 3170 etn-

324 3221 513 3292 ptione
537 3219 595 3276 in
637 3218 773 3275 bibl.
803 3216 977 3289 Lugd.
1009 3217 1132 3273 But.
1166 3213 1401 3271 transiit.

391 3312 462 3367 Et
489 3310 608 3368 haec
645 3310 865 3383 quidem
909 3309 987 3381 in.
1015 3310 1187 3380 patria
1223 3317 1414 3362 nactus
1473 3301 1721 3360 subsidia
1752 3314 1871 3357 sum
1905 3342 1922 3370 ,

322 3418 432 3461 non
486 3411 677 3460 tamen
735 3403 916 3475 putavi
975 3402 1047 3458 iis
1092 3396 1580 3472 acquiescendum,
1630 3394 1760 3465 sed,
1800 3408 1925 3451 cum

322 3497 522 3554 scirem
560 3493 853 3552 Florentiae
875 3494 930 3550 in
954 3491 1279 3551 bibliotheca
1298 3489 1662 3546 Laurentiana
1682 3485 1927 3544 studiose

324 3587 593 3645 asservari
610 3585 851 3643 omnium
868 3586 1336 3656 0rosii,quotquot
1355 3590 1501 3648 sunt,
1521 3593 1656 3637 mss.
1677 3578 1926 3635 codicum

329 3682 490 3755 longe
532 3681 1004 3753 antiquissimum,
1035 3676 1463 3750 Longobardicis
1493 3673 1688 3731 litteris
1711 3670 1929 3743 egregie

328 3784 642 3841 exaratum,
691 3789 802 3829 non
845 3774 1025 3844 quievi
1075 3777 1364 3841 antequam
1420 3766 1628 3837 frugem
1686 3762 1815 3820 inde
1871 3762 1927 3818 in

341 3867 481 3923 hanc
516 3880 754 3923 messem
805 3872 1254 3936 trauSportarem.
1285 3859 1556 3917 Eximium
1588 3858 1732 3914 hunc
1769 3854 1927 3912 codi-

340 3974 460 4013 cem
514 3957 920 4029 religiosissima
965 3953 1365 4022 sollicitudine,
1423 3960 1750 4022 procurante
1794 3947 1929 4006 mihi

341 4049 446 4107 hoc
493 4048 814 4108 beneficium
870 4048 1030 4106 Dom.
1077 4047 1302 4103 Alberto
1338 4042 1648 4123 Maz‘aoleno
1675 4079 1692 4110 ,
1753 4041 1928 4097 veteri

341 4146 521 4204 amico
548 4187 566 4215 ,
602 4160 700 4202 sua
752 4159 917 4201 manu
945 4143 1165 4215 suisque
1194 4140 1365 4198 oculis
1412 4137 1643 4195 contulit
1683 4135 1927 4192 Lauren-

331 4240 496 4296 tianie
524 4236 874 4296 bibliotheca:
906 4236 1190 4309 praefectus
1238 4234 1508 4291 Antonius
1533 4230 1700 4287 Maria
1722 4229 1931 4285 Biscio-

261 4320 267 4331 ’
335 4335 491 4402 nius,
545 4347 691 4389 anno
744 4331 904 4389 17⁸19.
948 4328 1403 4403 Antiquissimum
1458 4324 1603 4383 hunc
1650 4323 1917 4390 codicem,

336 4436 502 4500 atque
543 4427 599 4483 in
638 4425 864 4499 majoris
891 4424 1066 4498 quarti
1111 4424 1284 4481 forma
1313 4421 1605 4491 scriptum,
1639 4417 1755 4474 fere
1779 4415 1931 4473 mille

333 4535 599 4577 annorum
623 4529 838 4577 aetatem
861 4534 975 4591 pm
998 4534 1061 4576 se
1087 4517 1230 4575 ferre
1256 4513 1462 4572 n0tavit
1480 4510 1931 4583 diligentissimus

336 4615 430 4671 ille
462 4615 821 4682 examinator,
847 4621 1008 4685 atque
1028 4611 1248 4682 insuper
1269 4607 1573 4665 transmisit
1603 4604 1674 4662 ad
1705 4618 1794 4661 me
1816 4603 1930 4674 pic-

336 4717 513 4765 turam
566 4707 868 4764 litterarum
892 4751 907 4777 ,
952 4706 1050 4762 arri
1082 4702 1465 4771 incidendam,
1495 4713 1655 4770 quam
1686 4695 1930 4752 invenies

352 4817 475 4873 pag.
502 4802 595 4869 70,
619 4800 711 4856 ubi
737 4800 907 4856 codex
935 4800 1025 4856 ille
1046 4795 1488 4870 Longobardicus
1507 4837 1523 4862 ,
1547 4793 1701 4861 cujus
1730 4789 1936 4846 mentio

356 4910 573 4967 quoque
597 4903 777 4952 exstat
802 4895 945 4966 apud
975 4892 1350 4950 Mabillonium
1377 4889 1444 4945 de
1474 4888 1553 4943 lle
1584 4886 1937 4957 Diplomatica

354 4988 451 5047 lib.
479 5004 532 5055 ν,
558 5002 614 5058 p.
637 4986 767 5056 554,
802 4987 1024 5059 incipit,
1056 4996 1143 5044 est
1184 4971 1327 5042 enim
1359 4984 1412 5037 in
1443 4979 1600 5036 initio
1626 4978 1752 5033 libri
1780 4974 1941 5046 primi

357 5080 618 5149 mutilus,
645 5080 811 5152 inque
839 5080 1030 5136 eodem
1082 5085 1226 5134 totus
1263 5075 1401 5132 liber
1441 5073 1702 5143 septimus
1727 5065 1943 5125 deside-

347 5181 524 5229 ratur.
575 5172 764 5244 Neque
811 5170 974 5228 modo
1022 5170 1258 5225 oflicium
1304 5161 1681 5222 humanissimi
1734 5158 1835 5214 viri
1885 5159 1938 5212 in

354 5264 653 5322 collatione
682 5264 890 5322 codicis
921 5262 1080 5336 huius
1106 5299 1121 5329 ,
1151 5259 1242 5334 qui
1258 5266 1518 5316 'servatur
1545 5258 1600 5312 in
1625 5255 1727 5311 ista
1752 5250 1944 5309 biblio-

353 5359 513 5418 theca
542 5360 727 5431 pluteo
754 5358 846 5429 65,
878 5373 1026 5415 num.
1053 5371 1091 5423 ι,
1120 5353 1382 5421 substitit,
1401 5351 1497 5408 sed
1527 5360 1584 5407 et
1605 5362 1759 5419 teque
1784 5358 1948 5402 accn-

350 5463 526 5511 ratam
579 5454 816 5512 duorum
860 5452 1088 5509 aliorum
1132 5449 1382 5506 codicum
1431 5443 1732 5501 transmisit
1768 5439 1940 5496 colla-

354 5548 580 5606 tionem.
598 5549 751 5606 Alter
771 5562 839 5606 ex
867 5547 952 5604 his
980 5553 1231 5603 servatur
1244 5541 1429 5614 pluteo
1444 5539 1537 5606 65,
1559 5549 1707 5593 num.
1736 5533 1832 5601 35,
1853 5530 1947 5603 qui

362 5651 620 5700 censetur
639 5656 763 5699 esse
797 5638 983 5698 saiculi
1024 5634 1383 5703 decintitertii,
1408 5631 1546 5689 alter
1569 5627 1767 5687 ibidem
1791 5638 1941 5682 num.

1998 674 2093 729 teri
2150 670 2413 744 Hispani,
2465 666 2528 722 de
2580 667 2738 721 totius
2791 664 2973 718 mandi
3018 661 3407 718 calamitatibus
3465 661 3593 716 liber

1998 764 2219 837 primus.
2263 757 2678 831 Orthographia:
2718 755 2953 827 denique
2996 755 3294 817 rationem,
3328 766 3488 822 quam
3535 750 3596 818 in,

1999 853 2386 927 antiquissimo
2428 850 2732 923 praisertint
2765 848 2856 903 illo
2893 847 3083 903 codice
3106 836 3406 901 observare
3433 842 3590 910 licet,

2002 949 2188 1005 itidem
2215 954 2532 1015 excerptum
2553 954 2605 999 et
2638 940 3031 1005 transmissum,
3057 936 3195 994 infra
3221 945 3347 1010 post
3372 934 3594 993 dedica-

2003 1045 2182 1101 tiones
2213 1050 2270 1099 et
2299 1039 2644 1113 praefationes
2670 1034 2936 1092 invenies.

2073 1135 2155 1192 Ad
2190 1136 2290 1190 hos
2337 1132 2499 1204 igitur
2529 1127 2746 1186 codices
2785 1142 2918 1184 mss.
2966 1135 3285 1195 veteresque
3334 1121 3601 1179 editiones

2005 1244 2201 1289 omnes
2227 1244 2289 1285 ea
2319 1242 2446 1283 cura
2475 1223 2723 1282 recensui
2756 1220 3004 1278 Orosium
3036 1267 3051 1289 ,
3086 1234 3246 1290 quam
3293 1216 3491 1274 mereri
3521 1216 3605 1271 vi-

2004 1324 2234 1382 debatur
2280 1321 2544 1390 Scriptor,
2592 1316 2678 1373 cui
2727 1314 3061 1393 expoliendo
3108 1323 3327 1370 centum
3371 1309 3604 1381 amplius

2006 1416 2165 1476 annis
2176 1415 2414 1473 defuisse
2431 1414 2669 1469 fautores
2681 1409 3041 1481 agnoscimus,
3059 1422 3178 1479 qua:
3192 1406 3336 1463 enim
3353 1418 3599 1477 sparsura

2007 1514 2074 1570 ad
2106 1513 2256 1569 illuni
2278 1510 2380 1566 viri
2417 1507 2566 1565 docti
2599 1515 3065 1574 notarunt,parca
3112 1499 3400 1556 admodum
3434 1511 3597 1553 manu

2012 1606 2225 1679 [collata
2254 1615 2381 1660 sunt
2407 1649 2422 1672 ,
2445 1609 2501 1658 et
2526 1595 2828 1656 conferenti
2856 1594 3056 1666 patebit
3081 1601 3338 1666 quantuni
3374 1589 3601 1647 medela:

2010 1714 2077 1755 ex
2099 1712 2234 1753 mss.
2259 1710 2555 1764 eorumque
2579 1690 2933 1751 accuratiore.
2960 1704 3122 1759 quam
3151 1702 3179 1741 a
3204 1683 3475 1757 prioribus
3496 1683 3608 1737 fac-

1936 1781 1984 1843 Β
2016 1804 2126 1849 tum
2150 1791 2249 1847 fuit
2276 1790 2605 1854 editoribus,
2643 1785 3008 1859 inspectione,
3050 1775 3604 1841 accesseritOrOsio;

2005 1889 2097 1959 qui
2149 1885 2416 1956 Scriptor,
2456 1880 2705 1953 quamvis
2734 1894 2908 1950 neque
2933 1891 3094 1932 aurea
3146 1887 3322 1945 neque
3353 1877 3608 1941 argentea

2008 1980 2314 2038 Latinitatis
2332 1986 2490 2033 :etate
2513 1971 2881 2039 floruit,etvix
2907 1969 2959 2025 in
2984 1982 3127 2024 terea
3150 1965 3251 2022 sibi
3275 1964 3449 2020 locum
3477 1960 3611 2034 reti-

2008 2084 2165 2142 neat,
2199 2085 2596 2142 nonnumquam
2632 2081 2868 2140 quoque,
2915 2080 3013 2136 pro
3051 2060 3234 2118 smeuli
3256 2059 3366 2130 {sui
3410 2066 3567 2126 captu
3591 2095 3610 2124 ,

2010 2168 2245 2225 anilibus
2289 2165 2519 2233 fabulis,
2549 2172 2606 2217 ut
2632 2161 2702 2217 de
2741 2159 2981 2226 vestigiis
3009 2168 3277 2223 rotarum,
3309 2167 3430 2224 qua:
3484 2150 3613 2207 rcli-

2011 2260 2242 2334 querint
2269 2254 2651 2328 conspicienda
2678 2252 2856 2308 adhuc
2880 2249 3258 2322 .‘Egyptiurum
3280 2259 3615 2317 persequen-

2016 2355 2148 2409 tium
2173 2365 2385 2415 currus,
2404 2347 2740 2417 Iabripiatur:
2769 2353 2945 2401 tamen
2963 2356 3105 2409 ,cum
3132 2341 3203 2397 ob
3232 2340 3400 2411 ipsius
3426 2337 3608 2407 operis

2016 2449 2351 2520 multijugem
2398 2443 2720 2508 Historiam,
2752 2456 2858 2495 non
2891 2437 3065 2495 inutili
3090 2435 3356 2492 brevitate
3378 2448 3607 2505 conges-

2020 2540 2303 2611 tam,etad
2335 2550 2635 2609 temporum
2669 2533 2931 2591 rationem
2952 2532 3310 2601 consulesque
3336 2528 3612 2583 Romanos

2019 2636 2257 2694 sollicite
2279 2634 2561 2705 digestam,
2590 2638 2699 2685 tum
2727 2635 3009 2698 propterea
3034 2622 3176 2695 quod
3206 2623 3452 2693 integris,
3480 2634 3617 2690 quos

2023 2729 2214 2785 frustra
2231 2726 2339 2798 jam
2357 2723 2673 2795 qumrimtts,
2688 2718 2896 2790 magnis
2909 2715 3257 2771 historiarum
3272 2723 3325 2768 et
3337 2709 3614 2766 annalium

2022 2818 2376 2891 scriptoribus
2398 2857 2414 2882 ,
2440 2824 2601 2885 atque
2633 2812 2687 2867 in
2712 2825 2778 2867 eo
2797 2823 3000 2881 genere
3027 2805 3390 2878 principatum
3425 2811 3613 2859 tenen-

2024 2914 2201 2981 tibus,
2229 2912 2301 2967 sit
2328 2924 2487 2979 usus,
2520 2904 2735 2979 plurimi
2767 2901 2909 2974 apud
2940 2913 3132 2957 omnes
3160 2895 3401 2954 eruditos
3420 2892 3611 2950 haberi

2024 3009 2187 3066 solet.
2492 3040 2495 3043 -

2102 3101 2181 3157 De
2203 3095 2465 3155 vocabulo
2488 3083 3178 3160 Hormesta,quodcodiccs
3198 3079 3416 3154 quidam
3434 3077 3615 3136 Orosii

1950 3167 1997 3233 θ
2030 3195 2175 3253 libro
2199 3193 2362 3256 dant,
2394 3205 2494 3261 pro
2517 3202 2626 3259 quo
2651 3182 2986 3239 Orchestram
3035 3178 3126 3233 alii
3165 3174 3356 3247 reponi
3391 3174 3619 3240 volunt,

2034 3289 2227 3361 inspici
2286 3291 2469 3358 potest
2531 3280 2620 3337 Jo.
2673 3278 2925 3335 Albertus
2981 3270 3263 3329 Fabricius
3303 3267 3442 3325 Bibl.
3478 3266 3621 3361 Lat.

2034 3360 2136 3439 lib.
2178 3395 2251 3445 ιν,
2281 3392 2402 3447 eap.
2436 3377 2500 3441 δ,
2530 3372 2644 3429 sive
2672 3381 2824 3427 tomo
2850 3367 2950 3435 ιιι,
2993 3380 3114 3437 pag.
3143 3363 3269 3427 537,
3297 3362 3388 3433 qui
3440 3360 3623 3431 plures

2030 3475 2229 3535 ibidem
2261 3472 2395 3530 citat
2439 3470 2588 3525 viros
2620 3465 2834 3531 doctos,
2860 3461 2950 3534 qui
2984 3460 3053 3517 de
3077 3476 3143 3516 eo
3170 3455 3653 3515 vocabuludissc-'

2029 3579 2280 3631 ruerunt.
2327 3566 2455 3626 Mihi
2493 3580 2622 3622 vero
2678 3560 2920 3618 omnium
2962 3558 3202 3615 rationes
3231 3553 3624 3627 perpendenti,

2031 3679 2281 3725 neutrum
2324 3677 2391 3718 ex
2431 3660 2580 3717 hisee
2614 3656 2907 3729 genuinum
2939 3652 3175 3707 videtur.
3202 3648 3334 3705 Cum
3376 3647 3520 3704 enim
3564 3646 3619 3703 in

2032 3752 2355 3832 quibusdam
2386 3752 2794 3824 exemplaribus
2816 3749 2881 3804 de
2909 3744 3132 3802 ormesia
3156 3741 3336 3798 ntundi
3356 3740 3621 3811 scriptum

2043 3852 2373 3915 inveniatur,
2429 3848 2483 3904 id
2515 3845 2648 3902 nihil
2685 3842 2830 3898 aliud
2857 3854 2979 3896 esse
3005 3836 3259 3894 existimo
3290 3848 3451 3905 quam
3498 3846 3626 3888 cor-

2036 3954 2249 4019 ruptum
2272 3987 2287 4014 ,
2315 3958 2385 3999 ex
2412 3939 2594 3998 verbis
2616 3937 2678 3992 de
2702 3933 2911 3990 miseria
2941 3930 3154 3996 mundi,
3186 3937 3238 3984 et
3270 3925 3413 3983 hunc
3435 3939 3623 3980 verum

2032 4016 2161 4099 esse
2187 4036 2402 4094 titulum
2428 4051 2444 4098 ;
2475 4031 2732 4104 quoniam
2757 4026 2824 4083 ad
2856 4025 3010 4082 illurn
3041 4032 3151 4079 toto
3171 4035 3271 4076 suo
3294 4033 3461 4090 opere
3482 4016 3621 4073 allu-

2033 4135 2110 4190 dit
2141 4139 2352 4200 auctor,
2376 4128 2465 4200 qui
2506 4124 2709 4182 nullam
2734 4120 2895 4176 aliam
2925 4118 2997 4175 ob
3024 4130 3241 4173 causam
3287 4121 3493 4184 septem
3523 4110 3623 4167 hos

2035 4230 2242 4296 libros,
2304 4225 2520 4281 hortatu
2593 4212 2876 4288 Augustini
2912 4253 2928 4276 .
2995 4207 3351 4280 conscripsit,
3408 4202 3512 4260 nisi
3567 4212 3628 4259 ttt

2031 4323 2345 4381 ostenderet
2371 4315 2494 4389 (u).'
2526 4310 2799 4370 Miseriam
2860 4303 3047 4362 mundi
3093 4318 3197 4359 una
3227 4315 3351 4357 eum
3407 4304 3631 4369 peccato

2032 4432 2155 4476 esse
2184 4414 2397 4479 natam,
2430 4422 2606 4479 neque
2629 4419 2751 4461 eum
2781 4396 3108 4457 Christiania
3143 4394 3403 4465 religione
3441 4391 3498 4448 in
3528 4390 3631 4446 im-
3732 4456 3735 4461 ξ

2041 4510 2251 4583 perium
2285 4506 2585 4562 Romanum
2629 4495 2943 4560 introiisse,
2982 4489 3079 4548 sed
3124 4488 3193 4544 ab
3239 4482 3628 4556 antiquissimis

2036 4578 2390 4674 temporibus,
2420 4612 2517 4667 per
2539 4595 2846 4650 universum
2871 4596 3134 4644 terrarum
3157 4581 3347 4641 orbem
3371 4578 3630 4650 viguisse,

2036 4668 2214 4766 neque
2236 4703 2491 4761 umquam
2519 4687 2572 4742 itt
2603 4682 2833 4755 imperio
2855 4678 3120 4743 Romano,
3138 4690 3261 4731 cum
3284 4671 3368 4728 vel
3393 4668 3628 4726 maxime

2038 4789 2292 4854 ﬂoreret,
2325 4781 2582 4838 defuisse.
2645 4852 2648 4854 γ

2111 4852 2355 4936 Libellus
2384 4871 2560 4930 Orosii
2583 4913 2599 4939 ,
2633 4852 2722 4940 qui
2755 4863 3069 4923 inscribitur
3096 4857 3356 4931 Apologia
3379 4900 3394 4925 ,
3424 4854 3539 4912 sive
3566 4852 3635 4910 de

2042 4970 2273 5030 Arbitrii
2308 4967 2604 5025 ,Libertatc
2654 4967 2839 5017 contra
2885 4955 3202 5026 Pelagianos
3235 4995 3251 5021 ,
3295 4948 3511 5021 proprie
3564 4944 3634 5001 ad

2045 5062 2318 5121 Historias
2342 5058 2458 5130 ejus
2489 5070 2596 5113 non
2628 5052 2893 5124 pertinet,
2925 5046 3021 5103 sed
3050 5062 3080 5100 a
3114 5041 3360 5101 Fabricio
3386 5042 3438 5095 in
3461 5039 3634 5095 altera

2050 5171 2214 5229 quam
2266 5128 2553 5209 adornavit
2605 5146 2876 5205 editione,
2930 5138 3208 5211 adjectus,
3259 5133 3515 5201 deinceps
3583 5128 3636 5183 in

2052 5227 2276 5321 reliquis
2307 5257 2530 5315 quoque
2557 5237 2824 5310 apparuit.
2857 5233 3035 5304 Quare
3064 5227 3336 5287 noluimus
3359 5235 3414 5281 ut
3443 5240 3473 5278 a
3498 5236 3638 5277 nova

2052 5314 2453 5404 liae-abesset,
2501 5330 2801 5407 praisertim
2832 5344 2953 5386 cum
2986 5325 3195 5395 insigne
3230 5320 3347 5391 ejus
3383 5314 3639 5387 temporis

2050 5438 2121 5493 sit
2161 5438 2599 5498 monumentum,
2646 5434 2702 5483 et
2755 5441 2821 5482 cx
2882 5418 3123 5490 Pelagii,
3159 5432 3278 5488 quae
3330 5412 3636 5484 perierunt,

2050 5528 2294 5601 scriptis,
2349 5531 2632 5595 excerptas
2695 5518 2892 5576 habeat
2946 5508 3344 5585 portiunculas,
3389 5521 3455 5561 ex
3522 5500 3640 5573 qui-

2053 5595 2371 5683 bus-feralia
2396 5618 2515 5690 ejus
2545 5613 2650 5671 viri
2679 5612 2933 5683 dogmata
2959 5610 3378 5678 cognoscuntur.
3413 5595 3564 5653 Vale.

428 5808 507 5884 (a)
534 5808 650 5867 Lib.
679 5823 733 5879 ι,
765 5824 881 5881 cap.
912 5820 951 5880 ι,
980 5824 1036 5880 p.
1068 5804 1103 5862 6
1132 5823 1144 5858 :
1172 5803 1284 5878 Ego
1313 5802 1524 5862 initium
1566 5796 1799 5860 miseria:
1824 5794 2101 5855 hominum
2133 5788 2201 5848 ab
2245 5786 2401 5848 initio
2438 5779 2707 5860 peccantis
2759 5772 2993 5838 hominis
3039 5770 3240 5831 ducere
3267 5766 3350 5825 ius
3376 5761 3499 5831 itui,
3531 5767 3641 5819 etc.
