4062 6340
424 241 533 313 663.

1465 230 1736 294 PAULUS
1774 227 2064 294 OROSIUS
2101 223 2629 292 CilRON-OLOGUS.

3622 217 3730 284 6H

437 345 3724 376 _________________________________________._________________.__.

505 395 600 420 an
631 395 672 410 τ.

1066 770 1402 830 EPISTULA

431 886 562 930 ιυι).
595 883 852 926 ἠιιῐιουετ
884 881 1204 924 νλιιιειεμεις
1235 882 1302 921 ΑΒ
1339 867 1677 920 οιΑιιῑςεηιοε
1719 873 2021 921 ιυῐιογιωη

505 960 576 998 ET
597 957 840 998 ANDREAN
865 954 1201 998 ὒυιιιλιωωι
1220 952 1648 994 δρεετλτιεεικιε
1673 949 1878 993 ικυοιιιε
1894 949 2027 988 ADU-

499 1029 800 1070 LE-CENTBS
830 1027 1129 1067 PATRICIOS.

493 1129 594 1196 Qui
621 1129 946 1198 scriptorum
971 1125 1304 1180 monimenta
1328 1123 1640 1181 accuratius
1671 1121 2026 1192 introspicere

423 1231 478 1276 et
515 1236 578 1276 ea
611 1219 775 1274 veluti
817 1219 870 1274 in
911 1218 1076 1274 librili
1105 1219 1340 1274 solerter
1381 1218 1647 1273 collocata
1685 1215 2029 1286 perpendere

422 1314 729 1369 accuratius
760 1312 1075 1368 laborarunt
1108 1329 1122 1366 :
1155 1311 1540 1368 adulescentes
1571 1310 1858 1366 clarissimi
1884 1328 1897 1363 :
1929 1322 2028 1364 eos

421 1419 543 1460 esse
576 1403 1126 1461 commendabiliores
1160 1403 1676 1473 prmstatttittresqtte
1707 1417 1812 1455 non
1847 1401 2028 1454 minus

420 1512 550 1552 vere
575 1513 736 1566 quam
758 1479 1052 1568 prudenter
1072 1497 1582 1552 animadverterunt
1611 1511 1624 1548 :
1657 1493 1748 1564 qui
1773 1492 2027 1548 fidelibus

425 1587 776 1644 historiarum
810 1589 1159 1645 monimentis
1197 1603 1286 1644 res
1331 1603 1363 1643 a
1399 1587 1706 1657 majoribus
1742 1585 2026 1654 insigniter

421 1693 633 1753 gestas:
658 1683 996 1753 consiliaque
1022 1682 1364 1738 admirabilia
1391 1699 1404 1735 :
1429 1689 1494 1736 a‘e
1522 1677 2024 1748 rerutninOpinatos

420 1787 650 1834 eventus
688 1776 978 1848 multiplici
1013 1776 1248 1848 quadam
1286 1775 1663 1844 exemplorum
1704 1773 1858 1842 copia
1889 1784 2019 1826 exs-

419 1873 682 1943 cripsere.
721 1871 953 1927 ilistoria
983 1871 1251 1942 siquidem
1287 1870 1471 1940 (quam
1496 1870 1688 1926 Cicero
1713 1908 1729 1935 ,
1754 1867 2021 1938 cloquen-

421 1964 510 2019 εἰςυ
538 1978 736 2034 parens
767 1963 1082 2034 primarius,
1117 1960 1376 2031 temporis
1404 1969 1599 2017 testem
1629 1977 1644 2017 :
1674 1960 1850 2016 lucem
1880 1959 2023 2013 veri.

420 2055 548 2110 tatis
578 2073 592 2110 :
619 2057 783 2110 vitam
807 2056 1114 2120 memoriae;
1164 2055 1408 2112 nuntiam
1447 2057 1731 2111 vetustatis
1758 2051 2024 2124 appellat)

835 500 1225 592 VARI/E
1298 494 2174 584 DEDI’CATIONES
2250 494 2401 578 ET
2473 422 3348 582 PREFATIONES.

2048 769 2098 829 Α
2126 767 2507 836 cumspiciant.
2539 766 2800 824 Homines
2827 777 3093 838 praeterea
3117 765 3187 823 ab
3209 763 3581 836 improborum
3615 763 3725 820 vita

2127 861 2429 918 absterreri
2451 905 2464 924 .
2494 862 2615 917 solo
2641 861 2806 918 etiam
2833 872 2984 918 metu
3010 860 3095 915 vel
3122 859 3435 926 dedecoris,
3474 859 3560 914 vel
3597 872 3726 928 sop-

2125 955 2272 1027 plicii
2297 957 2430 1010 satis
2458 963 2692 1010 constat.
2726 953 2910 1024 itaque
2939 951 3080 1023 apud
3112 951 3466 1008 Plutarchum
3491 949 3726 1021 legimus

2127 1033 2269 1105 hanc
2292 1049 2457 1104 fuisse
2477 1047 2905 1104 Lacedmmoniis
2924 1043 3400 1110 consuetudinem,
3434 1058 3530 1113 per
3554 1041 3726 1099 festos

2126 1142 2242 1198 dies
2272 1143 2409 1198 bene
2436 1153 2596 1214 potos
2623 1156 2814 1198 servos
2839 1183 2860 1209 ,.
2901 1139 3131 1197 infames
3157 1137 3544 1209 cupedivoras,
3575 1136 3728 1193 vino-

2129 1236 2300 1292 lentia
2316 1235 2686 1300 dementatos,
2699 1234 2974 1290 adducere
3000 1234 3144 1289 inter
3161 1233 3409 1289 convivia
3422 1273 3438 1299 ,
3451 1231 3728 1302 quovino-

2125 1345 2308 1387 snrnm
2342 1329 2592 1399 exemplo
2623 1330 2882 1384 docerent
2925 1327 3326 1392 adulescentes,
3376 1335 3641 1397 quantum
3671 1326 3724 1381 in

2125 1441 2187 1482 se
2215 1425 2341 1480 mali
2371 1425 2723 1498 spurcissima
2749 1423 2986 1480 ebrietas
3007 1423 3334 1479 contineret.
3362 1420 3724 1490 Quamobrem

2125 1520 2258 1574 nihil
2279 1519 2713 1590 conducibilius,
2739 1517 2868 1573 nihil
2891 1515 3252 1588 prarstaliilius
3281 1514 3532 1578 historia,
3557 1527 3717 1584 repe-

2124 1611 2220 1667 riri
2253 1625 2411 1681 posse
2442 1609 2817 1666 contenderim
2838 1652 2852 1676 ,
2896 1619 2951 1663 et
2983 1607 3184 1662 nullam
3213 1621 3335 1662 esse
3366 1605 3673 1662 facultatem
3704 1644 3721 1672 ,

2126 1704 2327 1760 nullam
2362 1703 2706 1773 disciplinam
2731 1747 2746 1772 ,
2777 1717 2897 1772 qua).
2929 1701 2980 1758 ei
3010 1699 3156 1758 velut
3181 1699 3327 1756 bene.
3349 1697 3566 1754 vivendi
3609 1712 3724 1756 ma-

2125 1799 2308 1868 gistra:
2336 1813 2441 1853 non
2471 1798 2721 1854 cesserit.
2751 1796 2897 1851 inter
2922 1809 3017 1850 eos
3057 1808 3188 1849 vero
3217 1793 3304 1862 qui
3336 1791 3726 1864 praestantissi-

2127 1907 2271 1945 tmnn
2299 1890 2398 1944 hoc
2416 1888 2689 1946 scribendi
2712 1903 2886 1959 genus
2912 1886 3206 1952 tradidere,
3226 1885 3447 1941 Paulum
3471 1883 3724 1941 Orosium

2124 1985 2398 2051 floruisse,
2431 1999 2496 2038 ac
2524 1984 2592 2038 de
2615 1983 2780 2040 rebus
2803 1979 3052 2036 humanis
3077 1979 3292 2051 egregie
3323 1980 3576 2035 meritum
3604 1992 3726 2034 esse

2125 2079 2289 2148 plane
2311 2076 2773 2142 concesserimus,
2797 2073 2890 2145 qui
2925 2072 3028 2128 etsi
3049 2070 3486 2127 conflictationes
3508 2069 3726 2140 generis

422 2163 487 2206 ea
531 2147 801 2204 ministrat
829 2149 1038 2204 affatim
1070 2166 1086 2204 :
1133 2149 1408 2220 c0piosius
1432 2151 1704 2220 suggerit,
1745 2147 2018 2203 uberrime
2053 2158 2094 2218 Β
2126 2147 2345 2225 immani
2380 2185 2396 2224 ε
2429 2167 2754 2239 cupiditates
2788 2181 2803 2220 ε
2835 2175 2892 2220 ει
2935 2165 3115 2219 varios
3143 2163 3511 2219 ωιωηίωιιιηι
3557 2177 3725 2217 εγω.

423 2240 770 2312 suppeditat,
811 2242 1007 2312 quibus
1063 2241 1315 2298 homines
1351 2284 1367 2308 ,
1422 2244 1661 2313 insignes
1715 2242 2018 2313 priscorum

423 2348 603 2389 mores
623 2333 987 2390 :emuiabundi
1007 2334 1074 2389 ad
1096 2336 1311 2390 beatam
1339 2335 1501 2390 vita-tu
1528 2335 1824 2390 reddantur
1845 2343 1899 2390 et
1921 2349 2018 2406 pa-

423 2425 686 2494 ratiores,
732 2436 786 2482 et
841 2427 1248 2496 instructiores,
1306 2429 1596 2500 culpabilia
1646 2429 2020 2498 obscmnaquc

419 2517 568 2576 factu
593 2517 876 2576 vitabundi
906 2535 1016 2576 non
1058 2521 1416 2578 reformident
1450 2523 1567 2577 lucc
1595 2522 1765 2590 adeo,
1801 2523 1895 2579 sed
1935 2521 2020 2577 fn-

420 2613 568 2685 giant
587 2655 604 2681 ,
630 2614 988 2680 inseetcntur,
1014 2613 1302 2684 despuant.
1328 2615 1515 2684 Neque
1536 2615 1682 2672 enim
1711 2615 2020 2686 posteritati

419 2706 703 2776 quisquam
731 2706 1056 2777 exquisitius
1075 2707 1366 2764 consulere
1395 2707 1596 2778 possit,
1645 2722 1821 2777 neque
1850 2723 1912 2762 ea
1963 2708 2017 2762 in

419 2797 696 2869 publicum
717 2799 908 2866 edere,
941 2799 1085 2856 unde
1110 2799 1213 2855 sibi
1239 2802 1420 2857 omnis
1445 2801 1610 2865 ordo,
1641 2816 1827 2866 sexus,
1859 2811 2014 2869 artas,

419 2889 504 2945 vel
537 2889 745 2958 majora
789 2890 1093 2948 litterarum
1133 2892 1490 2959 adminicula,
1521 2892 1610 2950 vel
1653 2892 2017 2964 t’0piosiorem

417 2981 485 3037 ad
531 2982 884 3040 instruendus
937 3001 1116 3043 mores
1171 2987 1570 3057 supellectilem
1621 2986 2016 3058 sp0ponderit,

419 3092 582 3148 quam
606 3079 885 3136 historiam
903 3122 918 3149 ,
950 3082 1003 3138 id
1030 3091 1116 3139 est
1140 3084 1453 3154 magistram
1479 3101 1493 3138 :
1526 3093 1582 3140 et
1609 3084 1804 3139 ducem
1836 3085 1974 3140 bene
1998 3123 2014 3150 ,

416 3185 482 3226 ac
518 3172 675 3230 beate
706 3174 956 3243 vivendi,
1001 3177 1070 3232 de
1110 3192 1212 3247 qua
1241 3187 1300 3234 et
1334 3193 1516 3232 rerum
1545 3177 1789 3234 omnium
1820 3175 2016 3246 peritia

421 3267 673 3336 provenit
703 3284 716 3322 :
749 3277 810 3324 et
838 3285 899 3325 ea
929 3270 1256 3326 documenta
1281 3272 1498 3327 haurire
1518 3281 1722 3340 queant
1746 3269 2016 3334 homines,

421 3361 616 3432 quibus
653 3363 738 3419 vel
772 3363 1032 3432 publicis,
1075 3366 1160 3420 vel
1207 3366 1434 3438 privatis
1462 3365 1768 3422 rationibus
1813 3364 2018 3420 utilitas

418 3456 682 3525 pariatur.
725 3457 880 3515 Nulla
910 3461 1199 3530 siquidem,
1242 3462 1353 3517 ulla
1399 3477 1465 3518 ex
1519 3473 1695 3532 parte,
1754 3460 2020 3516 litteraria

2127 2275 2211 2321 tus
2261 2278 2323 2320 se
2367 2261 2697 2331 scripturum
2733 2259 3024 2330 pollicetur
3057 2274 3070 2313 :
3105 2255 3276 2312 nihilo
3318 2264 3497 2311 tamen
3544 2254 3725 2310 secius

2123 2365 2400 2427 perpetuae
2430 2354 2672 2409 historia:
2701 2353 2900 2408 seriem
2924 2392 2939 2416 ,
2985 2350 3054 2405 ab
3079 2349 3212 2404 orbe
3241 2346 3486 2410 condito,
3515 2346 3582 2401 ad
3613 2361 3728 2402 me-

2123 2449 2353 2505 moriam
2375 2462 2599 2503 suorum
2628 2456 2931 2516 temporum
2953 2458 3165 2498 summa
3187 2457 3310 2496 cum
3335 2441 3441 2497 fide
3465 2449 3551 2496 est
3570 2455 3722 2496 com-

2122 2543 2334 2614 plexos,
2368 2540 2739 2612 pestilentias,
2797 2547 3144 2592 terrmmotus
3167 2579 3182 2605 ,
3238 2534 3508 2589 inauditas
3538 2542 3722 2588 vasta-

2123 2638 2321 2700 tiones,
2353 2650 2512 2690 casus
2541 2634 2964 2702 inexspectatos,
2997 2641 3160 2700 atque
3192 2636 3508 2697 portentosa
3538 2642 3728 2683 rerum

2125 2729 2386 2785 miracula
2434 2743 2532 2798 pro
2561 2728 2641 2782 sui
2675 2725 2859 2794 oneris
2887 2723 3137 2780 instituto
3177 2724 3487 2780 conferens.
3534 2722 3721 2794 Neque

2121 2821 2448 2892 eloquentiae
2477 2819 2729 2874 laudibus
2755 2818 2950 2883 caruit,
2975 2815 3133 2885 cujus
3156 2814 3442 2886 perspicua
3465 2815 3720 2881 brevitas,

2129 2913 2536 2971 sneculcntiore
2556 2927 2741 2968 rerum
2765 2911 3082 2966 narratione
3094 2910 3444 2987 concinnata,
3468 2909 3724 2980 gravibus

2126 3008 2346 3078 quidem
2374 3004 3118 3071 sententiisenmulatissima,
3146 3002 3726 3060 etinevitaltilidistiu-
3768 3024 3772 3028 ·

2122 3111 2206 3157 t-ta
2233 3105 2494 3156 varietate
2517 3098 2870 3169 splendescit,
2886 3097 3214 3168 eil'ulgetque
3225 3106 3390 3167 atque
3411 3095 3726 3167 eoimpellit

2122 3195 2406 3258 lectorem,
2435 3201 2494 3248 ut
2523 3194 2614 3246 vix
2639 3192 2912 3248 existimet
2946 3199 3155 3246 tantum
3185 3189 3404 3247 dicendi
3429 3189 3732 3245 artificium

2121 3287 2388 3345 contineri
2413 3288 2466 3342 in
2495 3285 2600 3343 hoc
2621 3286 2973 3355 corpusculo.
3004 3285 3316 3344 Alexander
3351 3283 3724 3355 Apin-ediscas

2122 3381 2175 3436 in
2208 3380 2321 3436 suis
2350 3379 2708 3450 problematis
2734 3377 3014 3450 physicam
3054 3376 3220 3433 affert
3256 3375 3572 3443 rationem,
3614 3376 3724 3432 Cur

2122 3471 2272 3528 brevi
2313 3479 2522 3527 statura
2560 3470 2810 3525 homines
2859 3469 3104 3540 proceris
3151 3481 3210 3525 ut
3259 3469 3556 3539 plurimum
3598 3476 3726 3524 sunt

421 3550 752 3608 monimenta
793 3554 919 3610 licet
955 3555 1217 3628 reperiri,
1250 3571 1370 3627 qua:
1394 3554 1748 3610 historiarum
1788 3552 2017 3609 admini-

2124 3565 2550 3638 prudentiores:
2581 3561 2852 3618 Nimirum
2877 3563 3002 3632 quia
3051 3564 3342 3636 constipata
3379 3573 3538 3634 atque
3581 3579 3724 3618 cont»

418 3645 546 3702 culo
584 3662 690 3702 non
740 3647 1043 3721 indigeant,
1089 3666 1153 3707 ac
1173 3667 1363 3708 earum
1393 3652 1622 3724 vestigia
1650 3666 1760 3708 non
1787 3666 2016 3709 exoscu-

419 3736 622 3794 lentur.
642 3738 750 3796 Nec
775 3740 886 3811 jam
916 3741 1095 3814 legum
1121 3743 1320 3799 latores
1343 3745 1685 3814 pra-terimus
1710 3763 1720 3798 :
1745 3745 1836 3816 qui
1866 3759 2019 3800 men-

417 3831 550 3888 dose
596 3849 756 3890 suum
813 3851 1007 3894 munus
1054 3837 1418 3911 adimpleant,
1474 3841 1566 3911 qui
1623 3856 1724 3898 nec
1776 3841 2016 3897 officium

419 3922 562 3982 bene
605 3925 952 3985 instituenda:
989 3931 1228 3987 civitatis
1269 3943 1666 4005 exaequentur,
1699 3935 1802 3991 nisi
1832 3951 2014 3992 rerum

420 4027 696 4088 gestarum
727 4023 1095 4080 narrationem
1121 4025 1281 4095 plane
1307 4027 1583 4084 tenuerint
1610 4044 1623 4080 :
1654 4042 1722 4084 ex
1747 4043 1811 4084 ea
1832 4029 2018 4094 singu-

422 4111 596 4168 lorum
637 4130 820 4172 mores
843 4117 1012 4174 veluti
1044 4119 1097 4173 in
1132 4120 1439 4192 exemplari
1472 4137 1486 4175 :
1519 4131 1574 4177 et
1602 4122 1854 4177 humana:
1893 4120 2018 4178 vitae

419 4205 643 4274 speculo
664 4208 987 4278 inspecturi,
1016 4211 1222 4281 qttosin
1242 4227 1408 4266 unum
1445 4221 1757 4269 contractos
1785 4214 2018 4270 circum-

417 4296 711 4366 spicientcr
732 4301 978 4369 eliciant,
1005 4311 1119 4358 tum
1145 4302 1383 4376 denique
1412 4304 1637 4368 electos,
1666 4305 1756 4376 qui
1779 4305 1844 4360 ad
1867 4320 2019 4360 com-

419 4405 639 4448 munem
683 4393 924 4450 omnium
978 4395 1266 4453 utilitatem
1313 4397 1620 4467 proderiut,
1669 4398 1720 4452 itt
1772 4397 2014 4454 medium

421 4483 734 4553 proferant,
790 4496 953 4559 atque
999 4491 1360 4563 promulgent.
1420 4490 1528 4548 Sed
1574 4499 1631 4546 et
1673 4491 2015 4563 philosOphia

419 4592 596 4649 neque
623 4578 694 4634 de
737 4580 984 4636 moribus
1032 4592 1302 4652 praecepta
1357 4583 1662 4652 explicare,
1719 4600 1896 4652 neque
1946 4584 2017 4640 de

419 4683 602 4724 rerum
620 4669 1054 4727 domesticarum
1081 4688 1214 4740 usu,
1261 4690 1325 4729 ac
1357 4674 1425 4730 de
1456 4675 1646 4744 peritia
1678 4683 1790 4732 tota
1833 4674 2016 4744 reipu-

417 4759 573 4816 hlica:
601 4761 1049 4821 administranda:
1077 4806 1093 4833 ,
1148 4767 1654 4838 constituendzeqne
1684 4769 1805 4824 sine
1836 4767 2015 4822 multi-

413 4853 541 4924 juga
564 4857 936 4926 exemplorum
955 4859 1270 4916 narratione
1291 4876 1456 4932 agere
1470 4865 1603 4918 satis
1626 4862 1818 4932 possit:
1843 4877 2012 4932 quan-

2120 3669 2276 3731 ραι-ια
2303 3658 2413 3714 illis
2445 3666 2519 3712 eu
2550 3657 2728 3710 animo
2757 3657 2810 3710 in
2835 3657 3074 3711 universo
3103 3672 3340 3728 corpore.
3363 3655 3612 3711 Proceri:
3634 3672 3721 3713 Ic-

2118 3770 2177 3808 ro
2199 3753 2253 3806 in
2287 3751 2665 3822 longitudinem
2689 3751 2915 3805 distenta
2933 3749 3228 3804 resolvitur.
3265 3748 3422 3818 Quod
3474 3749 3578 3806 hoc
3623 3763 3732 3805 suo.

2119 3845 2364 3901 carmine
2389 3843 2714 3912 complexus
2737 3850 2820 3898 est
2848 3841 3106 3912 Papinius
3137 3858 3152 3900 :

2367 3937 2519 4000 Major
2544 3937 2593 3985 in
2612 3937 2796 3998 exiguo
2819 3936 3061 3999 regnabat
3088 3948 3297 4000 corpore
3315 3937 3491 3988 virtus.

2119 4023 2458 4092 Quapmpter
2479 4021 2746 4076 Homerus
2771 4019 2984 4075 Ulixem
3013 4019 3259 4084 brevem,
3282 4034 3348 4076 ac
3370 4019 3724 4089 prudentem,

2120 4115 2342 4186 Ajacem
2378 4129 2508 4170 vero
2536 4126 2850 4182 procerum,
2883 4126 2948 4166 ac
2975 4110 3315 4168 stolidiorem
3344 4111 3631 4169 describit.
3659 4110 3724 4169 ιιι

2119 4211 2266 4282 quod
2291 4209 2542 4281 equidem
2574 4209 2880 4281 problema,
2914 4208 3081 4264 veluti
3106 4209 3158 4263 in
3191 4207 3588 4264 diverticulum
3611 4220 3720 4263 non

2119 4301 2330 4357 invitus
2371 4300 2653 4364 transilui,
2693 4311 2846 4356 ratus
2873 4300 3122 4356 eamdem
3151 4299 3340 4356 afl‘crri
3385 4300 3724 4358 solutionem.

2121 4395 2189 4451 de
2221 4395 2510 4466 prodentia
2544 4393 2718 4449 nostri
2751 4393 3183 4466 Historiographi
3203 4435 3222 4462 ,
3270 4393 3360 4465 qui
3394 4395 3448 4449 in
3485 4393 3592 4450 hoc
3619 4407 3728 4456 suo

2122 4488 2283 4544 brevi
2313 4503 2477 4559 opere
2503 4502 2598 4544 res
2630 4495 2710 4542 tot
2751 4486 3042 4544 retroactis
3077 4487 3292 4544 smculis
3311 4495 3504 4558 gestas.
3525 4487 3722 4558 erupti-

2122 4588 2206 4635 ter
2227 4578 2523 4644 describit,
2550 4577 2874 4634 brevitatem
2899 4593 3076 4649 neque
3104 4578 3408 4636 obscuram,
3430 4593 3609 4650 neque
3634 4579 3720 4649 je-

2117 4673 2304 4744 junam
2327 4672 2626 4730 observans
2650 4711 2666 4737 ,
2699 4671 2803 4730 sed
2821 4685 2940 4741 quae
2961 4680 3166 4741 quanto
3205 4669 3561 4740 suppressior
3595 4677 3682 4728 est
3701 4711 3728 4736 ,.

2123 4776 2280 4822 tanto
2309 4775 2394 4822 est
2423 4766 2743 4836 prudentior
2765 4806 2782 4832 ,
2810 4773 2866 4821 et
2891 4765 3244 4824 luculentior.
3281 4766 3578 4823 Enimvero
3617 4782 3722 4837 ego

2119 4861 2239 4932 ipse
2264 4862 2450 4918 multis
2475 4861 2643 4918 rebus
2671 4861 3062 4928 subinvitatus,
3091 4861 3474 4918 adulescentes
3501 4873 3719 4934 specta-

416 4945 710 5017 doquidem
731 4949 1149 5020 conducibilius,
1171 4952 1556 5024 efficaciusque
1571 4954 1804 5010 docendi
1840 4968 2014 5026 genus
2042 4951 2089 5010 D
2118 4956 2314 5012 tissimi
2338 4999 2354 5020 ,
2377 4970 2474 5011 vos
2503 4970 2700 5012 moneo
2719 4997 2735 5022 ,
2769 4964 2826 5011 et
2870 4955 3086 5020 hortor,
3113 4963 3176 5010 ut
3203 4955 3718 5026 pra'stantissi-mutn

414 5055 514 5113 per
535 5043 805 5114 exempla,
829 5061 990 5116 quam
1019 5061 1114 5116 per
1133 5045 1458 5102 documenta
1486 5062 1632 5113 esse,
1659 5063 1820 5103 nemo
1847 5047 2011 5103 homo

417 5148 523 5190 non
568 5136 736 5190 novit.
770 5135 970 5192 Natura
998 5135 1142 5192 enim
1173 5149 1544 5208 comparatum
1576 5147 1694 5205 est,
1742 5147 1802 5194 ut
1829 5138 2012 5194 excel-

416 5226 644 5284 lentium
695 5229 937 5286 virorum
975 5230 1249 5300 exemplis
1293 5231 1625 5288 advocentur
1659 5231 1908 5288 homines
1943 5231 2014 5287 ad

414 5321 654 5379 studium
685 5323 903 5394 glorias:
951 5333 1008 5380 et
1047 5324 1257 5390 allecti,
1308 5339 1418 5381 non
1449 5325 1552 5381 nisi
1591 5341 1714 5398 quae
1751 5327 2018 5397 prmelara

417 5416 526 5472 sint
555 5425 613 5474 et
654 5420 902 5486 honesta,
951 5418 1034 5473 vel
1080 5418 1279 5474 imitari
1307 5419 1587 5485 smdeant,
1637 5420 1728 5474 vel
1772 5420 2009 5490 assequi.

415 5507 527 5566 Usu
555 5525 770 5580 quoque
799 5512 950 5567 venit
978 5519 1037 5565 ut
1061 5511 1419 5566 humanarum
1462 5527 1648 5566 rerum
1677 5511 2010 5568 vicissitudi-

416 5616 540 5657 nem
569 5602 1047 5673 contemplabundi
1077 5620 1090 5655 :
1119 5601 1338 5659 flantem
1365 5644 1380 5668 ,
1428 5603 1819 5674 reflantemqne
1852 5607 2012 5661 toties

414 5694 686 5752 fortunam
717 5697 926 5752 alterna
956 5697 1200 5752 velorum
1229 5697 1595 5770 eXplicatione
1629 5697 2006 5766 moderentur,

416 5788 696 5862 ipsiusque
740 5791 1001 5848 variantis
1049 5790 1278 5849 fortunae
1323 5791 1572 5851 incursus
1617 5792 1854 5851 solerter
1896 5793 2005 5851 cir-

2115 5049 2221 5107 hoc
2249 5066 2389 5122 opus
2423 5049 2585 5106 vobis
2611 5049 2932 5104 nominatim
2967 5048 3278 5104 dedicatum
3300 5091 3314 5114 ,
3347 5049 3510 5104 hilari
3540 5049 3716 5114 vultu,

2114 5153 2170 5201 et
2195 5161 2388 5201 serena
2421 5144 2599 5200 fronte
2619 5143 2928 5213 suscipiatis
2953 5160 2967 5197 :
3001 5143 3229 5198 multum
3257 5142 3383 5198 inde
3408 5142 3720 5214 jneuudita-

2117 5237 2206 5302 tis,
2233 5237 2460 5292 multum
2491 5236 2869 5300 emolumenti,
2904 5250 3006 5292 nec
3042 5236 3226 5291 minus
3250 5235 3602 5292 beatitudinis
3630 5250 3718 5292 re-

2118 5330 2405 5401 pet-laturi.
2449 5328 2596 5399 Opus
2649 5337 2736 5385 est
2785 5328 2935 5385 enim
2985 5345 3092 5384 non
3147 5329 3328 5386 minus
3367 5329 3710 5400 frugiierutn,

2118 5439 2278 5494 quam
2337 5421 2741 5492 voluptificum,
2797 5421 2884 5476 cui
2941 5419 3196 5491 equidem
3239 5421 3720 5482 annotatiunculaa

2116 5515 2403 5588 eimrtatitn
2433 5515 2487 5570 in
2526 5513 2866 5584 marginibus
2895 5513 3116 5582 ascripsi
3144 5552 3162 5578 ,
3193 5522 3248 5570 et
3269 5529 3462 5570 earum
3490 5527 3718 5584 consput-

2117 5609 2200 5662 sni
2222 5607 2546 5664 litterarium
2574 5605 2812 5664 indicem
2834 5646 2849 5672 ,
2884 5604 2940 5660 ui
2973 5605 3081 5660 illis
3111 5617 3434 5676 argumenta
3453 5621 3714 5664 occurro~

2116 5709 2242 5756 rent
2269 5701 2408 5757 scitu
2442 5700 2746 5771 patentiora
2773 5740 2786 5765 ,
2817 5696 2922 5752 hoc
2951 5711 3082 5751 veto
3125 5699 3320 5755 fierent
3349 5698 3594 5755 faciliora
3624 5713 3712 5755 re-

2115 5804 2304 5866 pertu;
2347 5795 2443 5852 fuit
2497 5793 2583 5850 hic
2628 5791 2782 5850 labor
2819 5804 2952 5849 sane
3000 5805 3109 5850 non
3159 5790 3492 5862 iniucundus
3539 5789 3710 5862 mihi,
