4062 6340
273 312 387 374 645

1176 319 1408 378 νΑΒιιΕ
1451 317 1956 381 DEDICATIONES
1999 317 2086 377 ET
2125 319 2645 383 Pii/EFATIONES.

3453 327 3562 389 (ιϐ

274 432 617 491 existimanti
648 432 751 491 hoc
781 444 939 508 pacto
971 449 1149 508 operae
1183 441 1413 509 pretium
1454 438 1716 494 facturum
1747 450 1862 507 me,
1893 437 1944 497 A
1974 447 2127 515 τρια)
2145 438 2320 495 immo
2348 440 2431 497 vel
2460 440 2554 496 tati
2579 439 2799 501 demum
2831 439 2948 497 orbi
2981 448 3303 513 putesceret,
3327 447 3565 511 sanctis-

274 524 439 598 idque
467 529 931 601 promulgaturum
962 571 977 598 ,
999 545 1107 607 quo
1138 540 1320 588 vestra
1349 531 1587 588 eruditio
1615 529 1864 586 nonnihil

269 618 625 688 adjuvantur
653 621 721 676 ad
752 623 1071 691 praeclarum
1100 632 1157 680 et
1181 623 1423 693 virtutis,
1456 632 1514 680 et
1544 624 1864 679 litteratura:

271 706 549 782 fastigium
596 711 1029 783 adipiscendum.
1066 714 1256 773 Valete
1300 723 1357 773 et
1400 716 1539 773 hanc
1586 715 1862 787 operulam

267 802 377 858 mei
419 803 473 859 in
519 819 617 860 vos
645 807 850 864 amoris
884 823 947 866 ac
995 810 1357 868 observantia:
1404 819 1596 871 testem
1638 808 1867 884 perenni

267 894 455 955 studio
488 895 843 958 confoveatis.

910 994 1251 1056 EPISTULA

442 1082 665 1144 JOANNIS
691 1085 925 1149 Cassa"
965 1106 1032 1157 an
1063 1090 1347 1150 Gsonctmt
1390 1109 1422 1151 Α
1461 1093 1651 1155 εειΝΑ.

262 1197 471 1275 illustri
501 1216 880 1275 generosoque
905 1205 1026 1262 viro
1053 1207 1288 1264 Domino
1312 1209 1557 1267 GEORGIO
1595 1226 1628 1266 Α
1672 1209 1858 1275 SBINA,

333 1272 638 1353 ett_i_nclyta
668 1285 723 1331 et
751 1272 1009 1353 praetora
1042 1282 1304 1353 comitum
1334 1297 1363 1353 ει
1395 1281 1751 1353 Vittgeustein
1785 1272 1860 1339 fa;

335 1344 487 1419 milia
515 1387 530 1413 ,
549 1344 559 1346 ’
578 1344 1017 1419 metropolitaua:
1049 1352 1292 1408 ecclesia:
1317 1344 1659 1410 ColoniEnsis
1687 1369 1853 1409 cano—

335 1414 476 1493 nico
528 1413 1064 1493 archigrammateo,
1120 1422 1372 1479 divorum
1428 1425 1662 1482 Patrocli
1718 1424 1859 1493 apud

331 1484 595 1571 803330!“
634 1484 774 1571 haud
805 1484 1409 1571 ignobile-Vestpitatite
1437 1496 1725 1571 oppidum,
1749 1484 1855 1551 Ce-

332 1564 633 1636 rcettis,_ac
664 1564 1045 1634 Apostolorum
1085 1564 1227 1636 apud
1257 1564 1538 1625 Coloniam
1582 1570 1733 1635 item,
1767 1583 1859 1622 ur-

337 1627 481 1708 bem
500 1627 762 1688 Ubiorum
801 1627 1326 1707 fantigeratissimatn
1350 1684 1364 1708 ,
1394 1627 1749 1696 ecclesiarum
1771 1655 1860 1693 ar-

331 1700 686 1769 chidiacono,
737 1700 1048 1783 praeposito,
1093 1708 1317 1783 domino
1353 1700 1431 1783 'et
1458 1719 1688 1783 patrono
1733 1725 1855 1777 suo,

621 1792 783 1848 quam
811 1778 1105 1847 plurimum
1133 1778 1497 1851 observando,

693 1894 929 1953 Joannes
957 1897 1257 1966 CESARIUS,
1287 1899 1345 1957 S.
1378 1900 1442 1955 D.

327 2007 503 2065 Divus
545 2010 798 2068 Aurelius
828 2013 1191 2085 Augustinus,
1243 2015 1327 2077 vir
1358 2023 1559 2086 prteter
1587 2015 1751 2071 animi
1781 2015 1857 2071 le-

254 2101 491 2157 nitatem
516 2142 533 2171 ,
567 2119 727 2176 quam
755 2103 867 2175 jam
898 2104 1026 2162 inde
1056 2122 1083 2160 a
1126 2107 1301 2178 prima
1331 2106 1701 2163 adolescentia
1743 2122 1855 2180 pra:

252 2208 313 2249 se
349 2194 478 2251 tulit
506 2211 745 2267 semper,
774 2213 837 2253 ac
867 2210 1129 2272 perpetuo
1153 2201 1410 2267 servavit,
1439 2210 1551 2257 tum
1572 2208 1630 2258 et
1654 2210 1853 2271 prmter

252 2290 391 2346 vita:
418 2292 834 2347 sanctimoniam
856 2334 871 2360 ,
902 2309 1005 2365 qua
1033 2308 1158 2350 mox
1188 2305 1307 2366 post
1353 2295 1471 2366 ejus
1496 2296 1563 2351 ad
1586 2294 1852 2352 Christia-

252 2388 499 2444 nismum
538 2391 959 2449 conVcrsionem
985 2433 1001 2459 ,
1035 2391 1400 2450 inclarescere
1442 2401 1682 2463 cmperat
1712 2391 1852 2463 apud

259 2481 444 2539 Deum
473 2494 529 2540 et
559 2484 829 2550 homines,
862 2501 924 2542 ac
944 2486 1141 2544 deinde
1171 2486 1455 2558 insigniter
1472 2489 1689 2554 claruit,
1721 2487 1851 2542 dum

251 2574 435 2647 vixit,
470 2577 652 2650 magni
699 2594 833 2635 sane
867 2578 1056 2649 judicii
1089 2579 1218 2648 fuit,
1262 2595 1386 2636 cum
1434 2580 1488 2635 in
1521 2578 1760 2651 profanis
1794 2586 1850 2633 et

252 2670 642 2740 aecularibus,
675 2680 785 2729 tum
819 2674 871 2728 in
906 2673 1103 2730 divinis
1125 2674 1398 2745 praecipue
1420 2682 1477 2730 et
1506 2673 1675 2729 sacris
1707 2672 1853 2727 litte-

252 2762 366 2828 ris,
392 2779 558 2836 quas,
590 2774 940 2837 posteaquam
973 2765 1189 2821 Christo
1220 2766 1272 2821 in
1300 2781 1457 2822 sacro
1484 2766 1630 2822 fonte
1653 2780 1849 2821 nomen

256 2854 512 2925 dederat,
547 2857 966 2933 diligentissime
990 2868 1259 2916 scrutatus
1277 2859 1564 2928 cst,voivit
1584 2867 1746 2928 atque
1767 2872 1852 2912 rc-

255 2947 454 3014 volvit,
493 2958 550 3005 et
586 2949 639 3005 iu
673 2951 758 3007 his
786 2951 1123 3008 elucidandis
1146 2952 1593 3024 exponendisque
1622 2966 1727 3006 non
1757 2964 1847 3007 sc-

250 3040 441 3112 guiter
462 3053 713 3101 versatus
740 3044 1059 3103 innumeros
1083 3062 1251 3119 prope
1281 3046 1451 3103 libros
1482 3061 1511 3100 a
1541 3060 1602 3103 se
1618 3045 1851 3116 scriptos

251 3135 499 3205 poSteris
524 3137 761 3211 reliquit.
789 3139 887 3195 llic
914 3140 1186 3214 (inquam)
1217 3156 1337 3197 cum
1365 3141 1507 3199 inter
1536 3140 1640 3196 alia
1669 3139 1846 3195 studia

252 3244 381 3301 qua:
423 3232 711 3303 tractabat,
745 3233 796 3289 in
828 3233 1079 3289 manibus
1120 3232 1346 3293 haberet
1385 3239 1844 3303 componeretque

252 3322 465 3395 grande
492 3324 622 3379 illud
671 3340 838 3397 opus,
882 3327 997 3384 sive
1024 3325 1469 3398 volumen,quod
1514 3324 1583 3381 de
1618 3321 1848 3379 Civitate

253 3414 355 3472 Dei
386 3415 687 3489 inscripsit,
706 3419 838 3475 etin
869 3419 1037 3477 libros
1067 3420 1256 3491 viginti
1280 3419 1415 3476 duos
1444 3417 1687 3490 digessit,
1715 3432 1847 3488 quo-

255 3523 380 3564 rum
413 3510 466 3566 in
496 3510 771 3582 prioribus
801 3512 1020 3590 quidem
1051 3512 1244 3570 decem
1271 3513 1583 3570 acutissime
1611 3512 1850 3582 disputat

253 3613 450 3662 contra
502 3605 793 3677 infideles,
844 3623 982 3680 quos
1030 3608 1191 3680 vulgo
1234 3621 1474 3680 paganos
1525 3613 1741 3673 vocant,
1795 3611 1853 3658 et

252 3698 552 3758 Christiani
575 3702 809 3760 nominis
831 3703 1037 3771 hostes,
1062 3703 1155 3777 qui
1179 3702 1413 3758 Romani
1443 3699 1655 3773 imperii
1675 3697 1852 3753 immi-

252 3802 479 3851 nentem
524 3793 760 3863 ruinam,
791 3804 851 3851 ut
885 3795 1030 3867 quod
1074 3810 1171 3866 per
1200 3794 1253 3850 id
1287 3793 1549 3865 temporis
1580 3790 1844 3847 inclinare

252 3894 500 3955 cmperat
521 3927 538 3953 ,
565 3885 891 3943 Cttristiatue
916 3887 1103 3957 pietati
1137 3886 1370 3958 fideique
1397 3895 1447 3941 ct
1467 3883 1718 3954 religioni
1745 3882 1848 3938 im-

253 3978 540 4047 putabant.
572 3979 630 4035 in
668 3981 866 4052 quibus
898 3980 1127 4052 proinde
1156 3980 1313 4035 libris
1351 3979 1436 4035 vir
1473 3977 1568 4034 ille
1597 3975 1853 4048 gravissi-

254 4070 360 4129 mis
390 4070 821 4151 certissimisque
851 4089 915 4130 ex
947 4073 1187 4147 probatis
1227 4072 1577 4129 historiarum
1621 4070 1852 4141 scripto-

256 4162 410 4219 ribus
452 4163 755 4237 desumptis
806 4167 1160 4235 testimoniis,
1202 4165 1327 4222 illos
1389 4165 1635 4222 confutat
1687 4172 1847 4234 atque

256 4257 552 4328 convincit,
582 4260 748 4317 immo
776 4259 1209 4319 luculentissime
1230 4259 1467 4316 ostendit
1488 4258 1851 4315 demonstrat-

256 4366 382 4421 que,
436 4368 547 4409 non
599 4369 797 4410 novum
842 4353 974 4425 fore,
1018 4363 1111 4410 aut
1145 4354 1307 4411 etiam
1347 4367 1444 4425 pro
1472 4349 1732 4409 miraculo
1760 4346 1849 4402 ha-

256 4443 523 4513 bendum,
555 4445 858 4504 Romanum
892 4449 1177 4522 imperium
1204 4449 1505 4506 desiturum
1533 4445 1844 4518 aliquando,

255 4550 345 4593 aut
367 4548 521 4596 certe
537 4538 915 4597 inclinaturum
937 4560 950 4597 :
974 4558 1094 4601 cum
1116 4542 1421 4600 clarissime
1445 4550 1678 4607 constet,
1699 4537 1839 4611 apud

256 4628 605 4690 historiarum
657 4636 1075 4709 annaliutnque,
1124 4636 1291 4693 immo
1332 4644 1388 4695 et
1441 4634 1842 4716 Chronicorum

256 4725 587 4797 scriptores,
628 4728 698 4786 ab
744 4727 1059 4801 eisdemque
1101 4730 1379 4786 memoria:
1429 4728 1705 4799 proditum
1750 4729 1847 4795 sit,

256 4832 424 4889 regna
444 4829 500 4874 et
534 4820 758 4891 imperia
791 4822 1020 4879 subinde
1048 4822 1130 4879 vel
1162 4823 1422 4879 subversa
1465 4821 1728 4889 funditus,
1757 4821 1846 4876 vel

260 4912 520 4970 translata
561 4914 728 4973 fuisse
758 4934 770 4970 :
800 4924 859 4972 ut
899 4915 948 4973 si
975 4917 1096 4989 quis
1120 4916 1363 4988 exempla
1396 4924 1561 4987 petat,
1595 4918 1844 4989 Assyrio-

258 5021 398 5073 rum,
426 5006 730 5075 Medorum,
753 5008 1068 5078 Persarum,
1099 5010 1449 5067 Macedonum
1481 5010 1596 5067 sive
1623 5010 1844 5067 Grteeo-

255 5115 396 5167 rum,
452 5101 616 5157 etiam
662 5102 766 5158 sub
815 5101 951 5159 falsa
995 5104 1088 5159 illa
1119 5104 1405 5174 rel‘gione,
1438 5119 1560 5175 quae
1586 5103 1679 5159 ditt
1719 5113 1843 5159 ante

253 5190 456 5249 Christi
499 5194 802 5252 Salvatoris
841 5197 1012 5254 nostri
1045 5197 1338 5253 adventum
1368 5196 1678 5253 universum
1705 5210 1842 5267 pene

253 5286 439 5343 orbem
464 5297 756 5359 occuparat
779 5298 941 5361 atque
974 5289 1242 5345 illuscrat.
1271 5290 1401 5356 Qutc
1427 5290 1679 5346 nimirum
1711 5289 1840 5362 quid

251 5377 395 5433 aliud
427 5377 659 5448 (quresol
692 5377 816 5446 fuit,
840 5395 1003 5451 quam
1042 5380 1300 5437 falsorum
1326 5380 1576 5446 deorttm,
1609 5381 1722 5437 sive
1750 5395 1841 5435 ve-

251 5473 363 5529 rius
392 5471 703 5528 dmmonum
728 5514 745 5540 ,
775 5472 949 5528 cultus
980 5473 1400 5530 exitiosissimus
1424 5473 1449 5528 7
1473 5473 1741 5532 Cat-terum
1769 5488 1838 5530 ne

250 5564 433 5636 impiis
471 5565 577 5623 illis
605 5575 661 5622 et
689 5565 1029 5637 blasphemis
1052 5564 1377 5621 Christiana:
1406 5565 1685 5638 religionis
1712 5580 1841 5620 oso-

250 5657 403 5714 ribus
448 5669 502 5715 et
547 5658 1006 5715 conviciatoribns
1041 5668 1355 5730 superesset
1383 5658 1699 5730 quidquam,
1731 5673 1840 5728 quo

250 5764 401 5807 suam
452 5749 602 5808 illam
630 5751 901 5808 vafritiam
950 5763 1004 5807 et
1052 5751 1392 5822 versipellem
1437 5751 1699 5806 malitiam
1757 5766 1822 5805 ac

252 5841 692 5904 maledicentiam
729 5843 992 5904 adversus
1016 5844 1357 5904 Christianos
1396 5847 1543 5918 ipsos
1572 5854 1838 5918 przctexe-

1874 3191 1925 3263 Ω

1970 532 2091 586 simi
2115 532 2233 602 ejus
2246 531 2347 588 viri
2370 541 2476 588 tam
2506 532 2654 605 pium
2680 532 2987 591 institutum
3015 552 3121 593 non
3141 552 3261 595 esse
3285 538 3558 609 frivolum,

1966 624 2272 681 inhortatus
2309 635 2392 682 est
2437 627 2580 682 idem
2621 627 2706 683 vir
2736 627 2961 685 Paulum
2991 627 3242 687 Orosium
3273 631 3556 706 presbyte-

1965 730 2105 785 rum,
2135 717 2339 785 virum,
2384 733 2481 789 per
2512 733 2578 777 ea
2610 728 2857 793 tempora
2905 720 3009 777 sibi
3044 723 3292 794 apprime
3326 723 3558 783 familia-

1964 806 2122 876 rem,
2153 818 2208 867 et
2256 810 2308 865 in
2342 810 2577 869 lectione
2615 812 2964 869 historiarum
2996 816 3563 888 exercitatissimum,

1965 910 2026 957 ut
2049 902 2116 957 ab
2146 903 2278 960 orbe
2308 904 2528 961 condito
2551 903 2820 962 Historias
2844 917 3140 966 contexere
3169 910 3560 982 aggrederetur

1897 1004 1906 1012 ‘
1964 997 2031 1053 ad
2057 1013 2153 1054 sua
2187 1013 2357 1067 usque
2382 1008 2652 1071 tempora,
2675 1002 2818 1058 unde
2843 1002 3058 1061 tandem
3083 1003 3331 1060 maledici
3356 1003 3432 1060 illi
3460 1004 3559 1063 hoe-

1964 1092 2142 1150 mines
2166 1093 2252 1150 vel
2287 1094 2438 1149 inviti
2486 1096 2848 1168 intelligerent
2901 1108 3407 1171 cognoscerentque
3449 1114 3558 1156 non

1963 1186 2325 1242 Chrisuanam
2352 1188 2667 1261 religionem
2701 1190 2753 1245 in
2781 1205 2943 1246 causa
2966 1205 3110 1258 esse,
3139 1190 3416 1262 quodjam
3442 1201 3554 1249 tum

1962 1276 2265 1335 Romanum
2306 1274 2597 1351 imperium
2629 1281 2896 1338 inclinare
2926 1282 3222 1353 videretur,
3252 1284 3347 1340 sed
3381 1283 3559 1341 homi-

1962 1387 2091 1429 num
2115 1374 2293 1444 potius
2314 1375 2495 1446 gravia
2521 1375 2895 1447 horrendaque
2922 1377 3131 1433 scelera
3156 1387 3316 1450 atque
3341 1377 3543 1449 ﬂagitia

1965 1465 2128 1536 idque
2174 1466 2314 1522 haud
2366 1466 2532 1524 dubie
2589 1466 2770 1523 divina
2819 1462 3163 1539 providentia
3233 1470 3313 1529 sic
3368 1468 3552 1541 dispo-

1963 1569 2127 1615 nente
2154 1570 2206 1614 et
2238 1559 2557 1616 moderante
2586 1560 2768 1617 omnia
2798 1575 2898 1631 pro
2926 1576 3026 1619 suo
3057 1569 3193 1618 nutu
3222 1561 3287 1618 ad
3307 1575 3557 1619 commu-

1962 1667 2084 1707 nem
2163 1667 2379 1722 semper
2440 1653 2661 1709 humani
2720 1655 2938 1726 generis
2989 1655 3263 1722 salutem,
3326 1655 3557 1727 ejusque

1965 1743 2426 1801 emendationem.
2456 1744 2684 1802 Orosius
2716 1745 2877 1818 igitur
2902 1746 3038 1801 tanti
3059 1746 3159 1802 viri
3193 1745 3433 1811 hortatui
3458 1761 3557 1805 seu

1884 1836 1934 1897 B
1960 1840 2138 1909 potius
2162 1845 2435 1910 praecepto
2462 1839 2621 1910 (utet
2647 1840 2763 1910 ipse
2790 1839 2858 1896 de
2880 1854 2938 1895 se
2960 1839 3014 1897 in
3040 1840 3223 1911 operis
3250 1838 3336 1905 sui
3362 1836 3555 1912 praefa-

1960 1936 2107 1989 tione
2137 1934 2373 2005 ingenue
2403 1934 2659 2003 testatur)
2701 1950 2809 1989 non
2837 1934 3075 1990 illubens
3100 1934 3306 2005 paruit,
3332 1933 3555 1991 tametsi

1961 2026 2015 2083 id
2057 2027 2161 2081 sibi
2198 2026 2417 2083 difficile
2439 2025 2730 2081 admodum
2773 2027 2891 2084 fore.
2924 2028 3177 2093 sentiret,
3218 2036 3280 2083 π
3310 2027 3558 2098 protinus

1958 2133 2253 2191 aggressus
2301 2118 2554 2174 historias
2594 2120 2943 2176 conscribere
2963 2161 2991 2185 ,.
3017 2135 3116 2190 per
3143 2119 3313 2177 libros
3343 2127 3557 2190 septem

1965 2212 2032 2267 ab
2059 2212 2267 2282 origine
2297 2213 2481 2269 mundi
2510 2228 2772 2281 exorsus,
2812 2214 3058 2271 collectis
3088 2214 3328 2286 undique
3360 2212 3442 2288 (ut
3466 2221 3552 2269 est

1969 2304 2289 2378 verisimile)
2321 2305 2630 2368 annalibus,
2656 2304 2979 2377 adjntttsqtte
3008 2305 3387 2377 proculdubio,
3416 2319 3561 2378 quos

1958 2408 2086 2455 ante
2115 2414 2177 2455 se
2213 2399 2428 2467 habuit,
2464 2398 2745 2455 historicis
2780 2400 3003 2456 minime
3047 2398 3364 2473 vulgaribus
3389 2440 3412 2469 ,
3453 2411 3551 2457 eos

1956 2489 2107 2560 ipsos
2132 2489 2301 2545 libros
2326 2498 2535 2561 septem
2565 2491 2615 2544 iu
2647 2506 2781 2562 opus
2809 2490 3037 2562 redegit,
3072 2489 3320 2562 profecto
3349 2501 3409 2546 ut
3439 2506 3549 2546 non

1957 2581 2257 2653 inelegans,
2294 2582 2363 2636 ita
2406 2597 2506 2638 nec
2546 2584 2757 2639 caneris
2799 2582 3150 2641 historiarum
3194 2581 3554 2654 scriptoribus

1957 2674 2115 2743 longe
2147 2672 2584 2742 postponendum
2619 2690 2631 2727 :
2673 2673 2802 2746 quin
2843 2673 3047 2729 eisdem
3079 2673 3134 2729 iu
3166 2673 3270 2731 hoc
3298 2672 3550 2730 fortassis

1955 2765 2375 2835 pra-ferendum,
2407 2764 2552 2835 quod
2581 2765 2777 2837 ubique
2798 2773 2989 2822 auctor
3010 2766 3129 2838 ipse
3156 2766 3210 2821 in
3233 2774 3352 2840 toto
3379 2780 3548 2838 opere

1954 2857 2048 2912 illo
2076 2872 2195 2921 suo,
2221 2871 2345 2912 cum
2372 2872 2555 2912 rerum
2583 2869 2859 2929 gestarum
2883 2859 3220 2923 narratione,
3246 2866 3557 2930 temporum

1956 2962 2332 3019 annorumque
2374 2948 2727 3003 collationem
2757 2989 2771 3015 ,
2827 2949 3378 3020 supputationemque
3421 2964 3553 3005 con-

1949 3043 2164 3115 junxit;
2197 3053 2463 3114 quatenus
2506 3058 2612 3099 non
2649 3042 2798 3114 parvi
2839 3042 3027 3109 refert,
3059 3042 3325 3117 eum,qui
3350 3058 3438 3099 res
3460 3042 3544 3099 di-

1953 3140 2129 3197 versis
2153 3149 2333 3213 gestas
2375 3140 2709 3210 temporibus
2747 3153 3077 3210 cognoscerc
3102 3136 3305 3205 studet,
3339 3145 3549 3209 tempo-

1954 3251 2074 3291 rum
2103 3251 2321 3308 quoque
2353 3234 2630 3306 ipsorum,
2659 3233 2859 3304 quibus
2898 3248 2988 3289 res
3028 3232 3136 3288 illa:
3176 3241 3344 3306 gesta:
3388 3240 3552 3302 sunt,

1951 3338 2157 3384 certam
2205 3327 2363 3383 simul
2407 3326 2677 3383 rationem
2717 3325 3269 3397 observationemque
3323 3325 3549 3382 habere.

1951 3422 2103 3491 Quod
2133 3421 2351 3497 quidem
2382 3438 2517 3492 Opus
2549 3421 2674 3492 quia
2699 3420 2810 3493 jam
2842 3419 3138 3492 aliquoties
3168 3433 3432 3478 excusum
3462 3434 3550 3477 ex-

1955 3514 2116 3583 stitit,
2160 3515 2258 3571 sed
2290 3514 2503 3571 mendis
2540 3513 2761 3569 interim
2789 3528 2896 3569 non
2926 3513 3111 3585 paucis
3152 3520 3393 3583 scatens,
3424 3512 3557 3570 licet

1958 3608 2121 3664 toties
2144 3615 2406 3664 tentatum
2430 3607 2498 3662 ab
2521 3606 2605 3662 his
2626 3605 2921 3662 emaculari
2944 3605 3373 3678 repurgarique:
3407 3620 3554 3663 nunc

1953 3702 2172 3758 demum
2200 3717 2331 3757 cura
2373 3712 2426 3757 et
2456 3699 2712 3773 expensis
2752 3699 2997 3773 magistri
3020 3699 3252 3757 Cotfridi
3290 3699 3549 3778 Hittorpii

1952 3795 2088 3851 civis
2115 3793 2455 3851 Coloniensis
2478 3808 2583 3849 non
2613 3792 2783 3848 intimi
2810 3791 3041 3860 ordinis,
3066 3792 3168 3848 viri
3197 3808 3284 3849 me
3314 3792 3541 3851 hercule

1952 3898 2008 3944 et
2050 3888 2299 3944 industrii
2348 3896 2404 3944 et
2450 3885 2697 3951 houeSIi,
2751 3884 2846 3942 sed
2886 3884 3225 3957 recognitum
3257 3885 3410 3956 prius
3434 3901 3541 3942 non

1953 3998 2114 4054 parva
2140 3982 2440 4055 diligentia,
2468 3970 2662 4052 partim
2693 3987 2901 4047 nostra,
2930 3979 3126 4050 partim
3152 3978 3382 4036 aliorum
3407 3995 3549 4055 quo-

1953 4075 2199 4133 rumdam
2220 4118 2234 4142 ,
2274 4085 2328 4131 et
2353 4076 2420 4131 ab
2457 4074 2798 4131 restantibus
2847 4073 3061 4129 mendis
3089 4085 3466 4146 repurgatum,
3495 4075 3550 4133 in

1955 4167 2134 4225 lucem
2158 4168 2353 4224 iterum
2388 4166 2592 4238 prodit,
2631 4166 2802 4221 multo
2826 4180 2957 4222 sane
2984 4166 3144 4223 aliter
3167 4181 3326 4237 quam
3368 4167 3551 4224 hacte-

1956 4275 2080 4325 nus,
2105 4257 2376 4331 simulque
2405 4267 2454 4314 et
2482 4257 2627 4331 typis
2657 4255 2949 4313 admodum
2973 4256 3360 4329 plausibilibus
3385 4254 3553 4317 Excu-

1952 4367 2096 4409 sum.
2126 4351 2392 4409 thterum
2442 4352 2581 4407 hanc
2610 4360 2853 4409 nostram
2895 4349 2950 4415 in
2979 4350 3082 4407 ltoc
3126 4360 3371 4417 navatam
3399 4351 3551 4411 lucu-

1954 4444 2258 4502 bratiouem
2288 4452 2452 4514 atque
2486 4457 2745 4514 operam,
2776 4458 2901 4499 cum
2925 4445 3035 4514 jam
3067 4442 3548 4517 circtunspiceretn

1954 4549 2275 4607 mecumque
2301 4534 2595 4605 cogitarem
2620 4576 2635 4602 ,
2670 4531 2885 4589 cuinam
2930 4548 3001 4597 ex,
3039 4532 3376 4609 principibus
3412 4534 3549 4591 viris

1926 4642 2323 4701 'nuncuparem
2368 4625 2818 4697 dedicaremque,
2855 4633 2913 4681 ut
2942 4625 3096 4697 cujus
3126 4627 3294 4682 tutela
3344 4626 3548 4684 nitere-

1958 4734 2078 4791 tur,
2123 4731 2213 4778 tua
2257 4719 2392 4776 mihi
2423 4733 2545 4774 cum
2574 4718 2764 4790 primis
2795 4718 2966 4790 gratia
3001 4717 3053 4774 in
3100 4729 3339 4776 mentem
3369 4719 3544 4788 venit,

1952 4818 2153 4890 inclyte
2182 4830 2245 4872 ac
2290 4827 2557 4887 generose
2586 4813 2813 4880 Comes,
2856 4827 2960 4868 nec
2996 4810 3046 4867 id
3073 4812 3287 4883 quidem
3318 4828 3450 4871 sane
3475 4815 3545 4870 ab

1961 4928 2044 4968 re.
2074 4910 2283 4980 Quippe
2320 4906 2473 4978 cujus
2510 4906 2753 4963 favorem
2802 4915 2856 4963 et
2885 4905 3320 4963 benevolentiam
3348 4908 3549 4979 smpius

1954 5006 2006 5061 in
2035 5021 2120 5062 me
2148 5012 2410 5074 expertus
2434 5018 2575 5068 sum,
2610 5016 2717 5057 non
2746 5001 2947 5072 absque
2976 5000 3151 5057 fructu
3181 5010 3232 5058 et
3258 5002 3548 5059 commodo

1951 5099 2135 5170 aliquo
2175 5113 2317 5153 meo.
2356 5096 2540 5168 Itaque
2577 5104 2633 5150 ut
2664 5093 3048 5166 gratitudinem
3080 5097 3275 5153 saltem
3304 5096 3545 5166 aliquam

1947 5208 2075 5265 erga
2109 5203 2159 5247 te
2185 5205 2363 5247 meam
2403 5198 2458 5244 et
2495 5186 2664 5242 animi
2714 5202 2838 5259 erga
2872 5196 2923 5244 te
2955 5188 3062 5245 mei
3093 5188 3542 5261 prepensionem,

1947 5301 2093 5341 nunc
2118 5274 2338 5339 tandem
2373 5283 2455 5337 vel
2500 5290 2792 5350 utcumque
2827 5280 3099 5337 declarent
3147 5280 3544 5353 ostendamque

1945 5381 2093 5450 (nam
2139 5376 2191 5431 id
2220 5379 2272 5431 in
2307 5374 2447 5429 votis
2472 5372 2789 5442 jamdudum
2835 5373 3020 5440 habui,
3055 5374 3137 5428 vir
3164 5373 3541 5430 cordatissitnc

1952 5466 2401 5542 diguissimeque)
2428 5510 2442 5536 ,
2473 5465 2576 5523 hoc
2612 5474 2718 5522 tua:
2742 5466 2926 5536 gratia:
2964 5480 3028 5523 ac
3053 5464 3438 5525 munificentia:
3478 5464 3535 5521 in

1948 5564 2241 5636 praesentia
2266 5559 2644 5615 munusculum
2669 5558 2839 5613 offero
2863 5556 3169 5629 dedicoque
3195 5574 3209 5613 :
3238 5572 3339 5613 nec
3353 5556 3542 5613 dubito

1948 5660 2077 5731 quin
2120 5667 2207 5714 tua
2245 5672 2374 5728 erga
2418 5669 2505 5711 me
2549 5652 2951 5719 benevolentia,
3003 5651 3137 5707 illud
3189 5651 3542 5727 quantulum-

1948 5766 2164 5821 cunque
2193 5749 2294 5817 sit,
2336 5762 2490 5820 mquo
2520 5747 2862 5819 benigneque
2901 5745 3084 5805 animo
3121 5745 3193 5801 sit
3219 5755 3535 5817 acceptura,

1949 5854 2008 5903 ut
2058 5843 2148 5917 qui
2185 5841 2366 5901 soleas
2408 5856 2509 5919 pro
2543 5849 2630 5899 tua
2680 5837 2999 5912 prudentia,
3038 5853 3144 5897 non
3169 5837 3237 5896 ad
3264 5854 3377 5898 rem
3411 5854 3533 5912 qua:
3594 5904 3595 5907 η
