4062 6340
491 311 594 370 617

1537 313 1807 373 PAULUS
1845 309 2142 370 OROSIUS
2179 309 2714 369 CllRONOLOGUS.

3682 274 3789 368 eis

488 433 728 489 donatur
758 429 1072 499 oll‘erturve,
1095 428 1192 487 sed
1224 428 1291 485 ad
1315 428 1556 486 animum
1582 429 1763 499 potius
1792 442 1898 499 quo
1920 425 2082 482 doua-
2107 427 2157 487 A
2186 423 2505 497 deperditis,
2565 421 2885 480 fidelissime
2934 419 3345 492 tranSsumpsit:
3376 422 3553 478 Porro
3602 418 3650 476 si
3697 422 3782 476 cui

492 536 581 581 tur
607 524 940 596 oﬂerturque
964 567 980 593 ,
1010 525 1304 595 respicere.
1338 523 1490 592 Quod
1521 532 1702 578 tamen
1726 521 1819 577 ubi
1842 520 1952 591 jam
1983 534 2081 591 pro

491 632 775 691 comperto
805 618 1065 686 habuero,
1111 634 1218 674 non
1252 626 1337 673 est
1381 631 1487 688 quo
1526 630 1633 671 non
1678 616 1797 685 ipse
1825 612 1954 669 mihi
1987 602 2082 668 no-

490 712 637 769 mine
664 714 855 785 gratia:
881 722 985 769 tua:
1013 712 1275 784 gratulari
1302 711 1499 767 merito
1524 709 1775 766 debeam.
1816 708 1963 764 Bene
1988 722 2085 762 va-

489 807 598 862 leat
624 819 714 864 tua
740 808 947 866 Gratia.
972 806 1212 865 Colonia:
1233 848 1249 876 ,
1277 804 1451 878 pridie
1490 803 1712 861 kalend.
1743 800 1949 860 mensis
1970 804 2085 859 Au-

492 900 656 970 gusti.

494 993 597 1063 εεε
1110 990 1448 1049 EPISTOLA

781 1108 1027 1168 GBRAnDl
1078 1107 1379 1164 BoLsumcs:
1419 1122 1487 1162 an
1536 1103 1785 1161 Douuvmt

925 1182 1187 1237 ARCHIEP.
1236 1180 1299 1234 Ι).
1342 1179 1646 1234 ιΙειιιιΑακι.

490 1315 812 1374 Reverendo
838 1315 892 1371 in
914 1315 1138 1371 Christo
1165 1315 1303 1382 patri
1335 1328 1402 1371 ac
1431 1313 1677 1379 domino,
1705 1309 1933 1367 Domino
1956 1306 2088 1382 Qui-

563 1388 716 1454 rino,
750 1387 846 1444 Dei
877 1396 932 1443 et
960 1380 1291 1463 Apostolica:
1317 1385 1467 1463 sedis
1488 1383 1662 1463 gratia
1696 1380 2089 1463 episcopotlyf

565 1453 758 1515 renen.
790 1453 1239 1515 reveretitlissimi
1266 1471 1331 1512 ac
1360 1453 1709 1511 illustrissimi
1740 1453 2002 1524 principis
2031 1458 2088 1507 et

565 1529 771 1605 domini
822 1530 1112 1605 nostri_|).
1166 1529 1500 1605 lignatum,
1537 1522 1755 1605 Sa_nc_ta£
1800 1522 2082 1605 colonica.

560 1601 822 1676 Ecclesia:
876 1600 1316 1676 archiprmsulis,
1363 1610 1417 1676 et
1468 1600 1619 1676 Sacri
1646 1596 1839 1676 limit;
1865 1594 2086 1676 Imperii

567 1688 665 1738 per
689 1672 897 1729 Italiam
924 1666 1416 1728 archi-cancellarii
1435 1711 1451 1736 ,
1483 1666 1751 1738 principis
1782 1666 2080 1738 Electoris,

562 1736 899 1811 Wesphaliae
918 1753 975 1799 et
996 1744 1245 1811 Angaria:
1274 1742 1448 1807 ducis,
1480 1736 1777 1810 Legatique
1804 1736 2082 1811 nati,_etc.

2186 534 2283 591 per
2311 520 2448 575 alias
2477 522 2615 575 forte
2663 518 3060 589 occupationes
3090 517 3324 573 liberum
3357 533 3465 571 non
3491 515 3563 571 sit
3592 530 3787 572 omnes

2185 611 2425 667 omnium
2457 610 2711 667 historias
2741 609 2998 667 evolvere
3021 650 3039 677 ,
3071 608 3163 664 hic
3194 608 3358 665 habet
3383 610 3533 665 velut
3558 607 3783 663 absolu-

2184 711 2298 759 tum
2354 703 2761 775 compendium,
2807 701 3166 759 selectissima
3226 716 3459 773 qumque
3509 700 3785 771 magisque

2187 794 2496 851 necessaria
2525 810 2593 851 es
2646 794 2900 850 omnibus
2944 793 3340 865 complectens,
3374 793 3517 865 quod
3563 793 3782 864 quidem

2185 895 2503 943 cunctarum
2533 887 2882 942 historiarum
2914 884 3086 942 instar
3125 901 3251 943 esse
3291 886 3487 957 possit.
3517 884 3785 942 Historia-

2187 994 2305 1038 rum
2333 993 2466 1035 vero
2495 980 2741 1055 ἒγκὼμιον
2790 993 2890 1050 pro
2918 978 3116 1034 merito
3143 976 3425 1034 celebrare
3460 986 3517 1032 ttt
3544 991 3784 1033 mearum

2189 1088 2297 1129 non
2323 1081 2408 1129 est
2436 1073 2629 1129 virium
2649 1115 2664 1139 ,
2693 1072 2766 1128 ita
2805 1072 2893 1127 hic
2941 1070 3095 1127 locus
3121 1070 3349 1128 minimc
3378 1069 3640 1137 admittit,
3670 1080 3787 1126 tan-

2189 1176 2302 1223 tum
2333 1166 2739 1223 detrectatores
2771 1168 2934 1223 unius
2954 1166 3239 1222 Ciceronis
3264 1165 3416 1222 dicto
3442 1165 3608 1221 veluti
3649 1166 3787 1223 fuste

2187 1258 2578 1331 comprimam:
2614 1257 2898 1332 lgnarare,
2930 1257 3126 1330 inquit,
3156 1257 3284 1331 quid
3331 1269 3610 1330 antequam
3634 1267 3787 1314 natus

2190 1353 2262 1409 sis
2282 1361 2459 1407 actum
2497 1370 2588 1408 seu
2609 1364 2811 1427 gestant
2832 1353 2921 1422 sit,
2951 1353 3051 1408 hoc
3076 1362 3155 1408 est
3183 1368 3386 1427 semper
3416 1370 3525 1409 esse
3543 1369 3785 1427 puerum.

2203 1445 2321 1502 Jam
2352 1462 2482 1503 vero
2510 1456 2774 1518 quantum
2804 1447 2908 1503 olei
2937 1445 3249 1513 laborisque
3294 1445 3421 1503 huic
3446 1445 3657 1502 auctori
3702 1461 3789 1502 re-

2190 1532 2477 1598 stituendo
2498 1542 2804 1613 impensum
2826 1543 2920 1610 sit,
2950 1557 3111 1599 nemo
3132 1540 3435 1613 pervidebit
3455 1542 3788 1613 jndicabitve

2190 1637 2459 1702 exactius,
2487 1653 2649 1709 quant
2672 1639 2764 1709 qui
2788 1636 2893 1694 hoc
2916 1637 3205 1709 exemplar
3230 1652 3353 1695 cum
3382 1636 3652 1706 prioribus
3669 1635 3789 1708 qui-

2190 1728 2381 1786 busvis
2408 1730 2572 1786 etiam
2607 1740 2716 1786 tam
2765 1730 2989 1801 scriptis
3016 1746 3178 1802 quam
3229 1730 3511 1801 impressis
3539 1728 3790 1786 contule-

561 1814 616 1871 in
649 1808 1048 1893 pontiﬁcalibus
1073 1808 1604 1893 Yicariogennerali}
1634 1808 1925 1868 Gsusnous
1950 1808 2082 1864 Boe-

2190 1821 2280 1877 rit.
2312 1820 2447 1877 Nam
2477 1821 2603 1893 quid
2635 1836 2954 1879 recenseam
2983 1837 3079 1879 seu
3118 1822 3293 1879 mavis
3341 1822 3628 1893 subjiciam
3652 1837 3784 1878 cen-

568 1902 760 1943 suuvoe
788 1884 1335 1943 Ret-keIinchusensis
1367 1884 1635 1940 Salutem.

560 2019 694 2077 Cum
728 2020 883 2077 multi
911 2028 1037 2077 sunt
1066 2018 1229 2076 hodie
1254 2062 1269 2089 ,
1315 2018 1618 2077 reverende
1647 2018 1807 2075 Pater
1831 2016 2085 2089 idemque

496 2112 812 2170 doctissime
832 2112 1063 2184 Prmsul,
1093 2113 1185 2184 qui
1214 2112 1267 2169 in
1299 2112 1654 2169 restituendis
1691 2122 1938 2169 veterum
1968 2126 2086 2167 mo—

487 2206 791 2277 numentis,
822 2206 890 2262 de
912 2222 972 2263 re
1005 2205 1266 2262 litterario
1310 2206 1557 2263 certatim
1583 2206 1725 2265 bene
1747 2205 1946 2263 mereri
1964 2213 2083 2261 stu-

489 2300 658 2357 deant
678 2346 694 2371 ,
722 2311 839 2357 tum
863 2304 944 2357 vel
973 2301 1029 2357 in
1056 2300 1250 2374 primis
1273 2301 1327 2357 in
1354 2317 1542 2360 eorum
1573 2302 1699 2359 albo
1727 2312 1813 2359 est
1842 2303 1927 2358 vir
1949 2317 2083 2358 can-

488 2392 808 2450 didissimus
842 2395 993 2464 juxta
1039 2402 1203 2466 atquc
1252 2394 1491 2466 optimus
1523 2393 1843 2465 Godefridus
1881 2392 2087 2448 [littor-

492 2486 611 2560 pius
633 2530 651 2555 ,
676 2487 768 2560 qui
814 2502 1110 2559 numquam
1144 2502 1253 2542 non
1283 2486 1489 2558 aliquid
1519 2496 1765 2543 veterum
1797 2486 2089 2543 elucubra-

492 2581 700 2635 tionum
731 2595 833 2636 suo
867 2579 1147 2651 impendio
1183 2578 1269 2634 vel
1299 2580 1579 2651 purgatius
1610 2579 1699 2635 vel
1727 2579 2002 2636 elimatius
2032 2578 2083 2634 in

488 2674 664 2729 lttcem
705 2673 956 2744 profert:
995 2682 1161 2746 atque
1198 2672 1339 2729 adeo
1370 2688 1545 2743 nuper
1586 2688 1797 2728 mecum
1834 2671 1976 2742 egit,
2027 2679 2089 2727 ut

487 2764 714 2821 Paulum
746 2765 896 2821 illum
926 2764 1179 2821 Orosittm
1209 2780 1333 2821 cum
1358 2764 1637 2821 veteribus
1659 2780 1723 2821 ac
1747 2763 2088 2834 manuscrip—

488 2857 556 2915 (is
585 2856 989 2937 exemplaribus
1021 2857 1281 2913 collatum
1301 2901 1316 2927 ,
1349 2873 1377 2911 a
1407 2864 1487 2912 tot
1514 2855 1838 2914 tuendorum
1881 2856 2084 2929 myria-

486 2947 650 3005 dibus
681 2966 780 3021 pro
809 2949 1015 3006 viribus
1057 2950 1424 3006 vindicarem:
1457 2950 1656 3022 quibus
1698 2950 1917 3023 quidem
1958 2951 2087 3008 bac-

489 3050 647 3098 tenus
674 3042 758 3097 vel
780 3043 1145 3100 somnolentis
1164 3085 1179 3110 ,
1204 3043 1291 3099 vel
1324 3043 1536 3113 ignavia
1563 3060 1661 3101 seu
1690 3044 1861 3101 mavis
1886 3044 2083 3102 inertia

489 3142 601 3190 tum
624 3134 962 3205 scribarum,
994 3143 1108 3192 tum
1139 3134 1667 3208 chalcographorum
1696 3135 1836 3194 adeo
1867 3137 2083 3194 mutila-

2189 1926 2300 1971 tum
2334 1916 2568 1988 amplius
2621 1932 2847 1982 versus,
2900 1917 3151 1973 mutilata
3205 1932 3402 1975 sensus
3452 1916 3784 1990 integritate,

2188 2011 2387 2081 passim
2422 2011 2817 2067 intermissos?
2846 2027 3076 2083 quorum
3108 2022 3311 2079 tamen,
3338 2027 3405 2068 ne
3432 2012 3552 2085 quis
3585 2027 3786 2068 vanum

2195 2118 2283 2158 me
2310 2110 2485 2174 putet,
2513 2119 2544 2159 e
2574 2104 2758 2161 multis
2811 2119 3011 2176 paucos
3059 2104 3330 2160 indicabo.
3364 2102 3551 2176 Itaque
3603 2105 3789 2160 conle-

2198 2206 2353 2256 ratur
2384 2198 2594 2255 initium
2620 2198 2811 2271 capitis
2842 2199 2987 2255 tertii
3012 2199 3136 2256 libri
3165 2215 3202 2256 tt
3228 2198 3321 2255 ubi
3348 2214 3411 2255 ea
3440 2198 3607 2257 verba
3637 2197 3787 2255 desi-
3849 2262 3862 2271 ,

2188 2293 2514 2350 derabantur
2542 2309 2558 2350 :
2590 2290 2689 2348 Cui
2718 2293 2990 2359 successit,
3032 2302 3089 2347 ut
3113 2292 3245 2360 dixi,
3275 2309 3410 2348 uxor
3434 2309 3532 2347 sua
3554 2291 3789 2349 Semira-

2187 2388 2304 2455 mis,
2328 2404 2443 2460 qua:
2462 2398 2644 2445 cumet
2669 2390 2780 2462 ipsa
2800 2389 2871 2445 42
2896 2388 3048 2444 annis
3075 2398 3336 2462 regnaret,
3358 2399 3467 2445 etc.
3496 2387 3627 2445 ltem
3655 2404 3783 2459 cap.

2189 2480 2257 2537 17
2289 2490 2345 2536 ut
2373 2480 2478 2537 alia
2528 2480 2976 2556 transeamplibri
3001 2497 3055 2549 v,
3086 2499 3179 2537 ses
3214 2481 3334 2553 plus
3364 2481 3545 2539 minus
3593 2496 3786 2538 versus

2188 2574 2334 2632 nulla
2381 2575 2585 2648 alioqui
2641 2584 2931 2633 constante
2983 2575 3253 2633 sententia
3311 2576 3733 2649 rcquirebantur
3763 2617 3781 2643 ,

2187 2683 2381 2740 nempe
2407 2666 2523 2723 ibi:
2563 2666 2663 2722 Die
2706 2667 2849 2722 dicta
2892 2685 2925 2723 a
2962 2669 3249 2741 suppositis
3276 2668 3511 2741 ejusdem
3538 2669 3784 2741 [actionis

2176 2762 2460 2834 judiribus,
2486 2780 2577 2835 per
2600 2762 2774 2818 scelus
2808 2764 3058 2819 innocens
3102 2762 3350 2819 Metellus
3387 2763 3692 2831 damnatus,
3726 2763 3780 2817 in

2184 2853 2428 2911 exsilium
2471 2870 2589 2908 cum
2634 2854 2792 2909 totius
2828 2854 2982 2911 Urbis
3030 2856 3210 2912 dolore
3254 2856 3527 2925 discessit;
3577 2864 3634 2913 et
3657 2871 3778 2927 qua:

2183 2956 2485 3018 sequuntur
2516 2961 2705 3017 usque,
2734 2946 3017 3019 infamibus
3045 2948 3278 3003 ausibus.
3314 2947 3514 3005 Itidem
3539 2963 3661 3020 cap.
3691 2962 3778 3021 sc-

2184 3040 2369 3111 quenti
2396 3038 2643 3109 ejusdem
2672 3037 2768 3094 lib.
2804 3054 2911 3095 non
2938 3041 3121 3096 minus
3149 3048 3260 3096 tres
3289 3041 3637 3112 ptmtermissi
3664 3043 3779 3096 fuc-

2191 3142 2335 3203 rant,
2364 3133 2435 3191 ibi
2465 3150 2479 3188 :
2511 3132 2752 3208 Namque
2778 3135 2853 3190 ita
2882 3146 2935 3190 ut
2964 3135 3178 3190 attoniti
3211 3136 3396 3192 timore
3420 3134 3646 3192 hostium
3677 3145 3779 3191 ste-

495 3238 580 3284 tus
600 3269 616 3295 ,
645 3241 965 3301 corruptus,
1013 3245 1079 3286 ac
1106 3206 1445 3301 deturpatus
1469 3229 1666 3299 fuerat,
1690 3238 1750 3286 ut
1775 3232 1858 3287 vel
1886 3230 2078 3289 doctos
2114 3206 2161 3271 ο
2193 3233 2384 3294 terant,
2406 3228 2499 3282 alii
2520 3206 2789 3300 stirpibus,
2813 3227 2908 3283 alii
2928 3229 3067 3285 saxis
3095 3228 3331 3296 reclines,
3371 3230 3467 3285 alii
3490 3231 3648 3286 armis
3669 3230 3778 3285 suis

487 3322 686 3379 nedum
710 3322 963 3379 rudiores
988 3338 1018 3377 a
1040 3322 1125 3379 sui
1154 3323 1389 3380 lectione
1412 3324 1607 3379 merito
1633 3322 1954 3380 deterreret.
1979 3322 2076 3380 Nec

485 3430 593 3485 que
641 3413 694 3470 id
724 3413 1068 3485 mehercule,
1111 3423 1371 3487 quantum
1414 3415 1482 3472 ad
1511 3423 1788 3473 auctorem
1836 3417 2076 3484 attinet;

488 3508 715 3565 sinistro
741 3509 946 3582 judicio
972 3526 986 3563 :
1018 3507 1290 3580 siquidem
1321 3525 1462 3566 unus
1486 3509 1580 3567 ille
1608 3509 1867 3578 Orosius,
1901 3511 1985 3566 vir
2020 3519 2081 3567 ut

487 3614 717 3678 apparet
743 3605 988 3662 omnium
1018 3604 1285 3662 bonarum
1312 3603 1619 3662 litterarum
1652 3602 1818 3661 etiam
1864 3604 2076 3661 divina-

491 3714 612 3756 rum
646 3700 1039 3772 peritissimus,
1072 3699 1117 3757 is
1145 3709 1226 3756 est
1249 3699 1339 3755 cui
1363 3700 1449 3755 vel
1477 3698 1580 3755 soli
1616 3700 1668 3754 in
1699 3696 1944 3756 historiis
1965 3714 2081 3757 me-

487 3793 595 3849 rito
625 3792 761 3850 fides
793 3792 980 3849 haberi
1010 3790 1230 3849 debeat.
1258 3791 1470 3863 Quippe
1500 3790 1592 3862 qui
1620 3790 1783 3847 homo
1814 3790 2083 3848 Christia-

487 3903 588 3943 nus
607 3928 620 3948 .
651 3902 789 3942 sano
816 3886 1143 3958 integreque
1166 3883 1378 3956 judicio
1406 3882 1701 3953 prmditus,
1734 3882 1925 3940 adha‘e
1948 3882 2083 3940 nulli

487 3980 736 4051 privatim
787 3978 1009 4035 factioni
1063 3977 1343 4046 addictus,
1374 3976 1511 4033 nulli
1557 3976 1767 4032 nationi
1808 3991 1906 4033 seu
1934 3975 2083 4047 genti

487 4066 704 4129 deditus
722 4113 737 4138 ,
760 4087 827 4126 ex
849 4071 1072 4143 eptiutis
1094 4069 1401 4142 quibusque
1435 4069 1680 4135 historiis
1706 4085 1770 4126 ac
1792 4068 2082 4125 annalibus

483 4166 595 4234 jam
628 4161 756 4220 inde
793 4162 864 4221 ab
913 4161 1144 4220 exordio
1185 4159 1407 4217 humani
1447 4161 1669 4233 generis
1723 4158 2079 4230 conscriptis,

487 4254 613 4312 divo
641 4269 860 4327 quoque
907 4252 1212 4326 Augustino
1264 4259 1489 4309 auctore
1519 4254 1906 4325 negotiumque
1933 4250 1985 4308 id
2031 4252 2084 4309 ei

490 4344 807 4417 injungcnte
837 4346 987 4417 (nam
1030 4342 1248 4415 utrique
1276 4342 1523 4401 eamdem
1569 4343 1828 4401 scribenti
1861 4358 2081 4401 causam

489 4437 659 4495 luisse
678 4446 927 4508 constat,
952 4437 1259 4512 Augustino
1284 4436 1440 4493 libris
1462 4435 1532 4493 de
1560 4436 1797 4493 Civitate
1826 4436 1916 4494 Dei
1943 4451 2080 4504 xm,

488 4531 687 4588 Urosio
716 4532 801 4589 his
829 4542 1038 4603 septem
1064 4531 1228 4587 falsas
1241 4544 1574 4603 paganorum
1602 4545 1700 4587 seu
1734 4528 2074 4587 ethnicorum

2182 3319 2476 3388 innitentes,
2505 3330 2612 3378 etc.
2654 3320 2793 3390 Quid
2832 3320 3006 3378 dicam
3040 3321 3109 3379 de
3135 3332 3214 3378 tot
3234 3322 3467 3380 millibus
3492 3326 3775 3381 verborum

2181 3413 2267 3469 vel
2290 3413 2554 3471 restitutis
2574 3415 2659 3471 vel
2684 3416 2734 3471 itt
2760 3414 2933 3472 locum
2957 3414 3245 3486 repositis?
3267 3416 3347 3472 Ad
3372 3432 3532 3489 quam
3561 3416 3775 3490 quidem

2181 3522 2298 3565 rem
2330 3524 2436 3565 non
2467 3523 2656 3581 parum
2679 3511 2942 3568 momenti
2962 3510 3123 3567 nobis
3144 3510 3447 3568 attulerunt
3474 3511 3573 3567 tria
3599 3521 3779 3567 vetus-

2183 3600 2392 3659 tissima
2417 3602 2746 3677 exemplaria
2779 3603 3009 3676 scripta,
3039 3620 3269 3677 quorum
3300 3621 3466 3662 unum
3499 3605 3587 3661 vis
3617 3605 3780 3662 hodie

2181 3692 2759 3767 netisautlcgibilibus
2783 3696 3093 3753 litterarum
3126 3696 3315 3769 ﬁguris
3336 3696 3673 3770 descriptum
3703 3697 3782 3753 bi-

2180 3787 2453 3846 bliotheca
2496 3788 2721 3861 majoris
2752 3789 3017 3849 Ecclesia:
3052 3791 3348 3848 Colonien.
3395 3778 3799 3863 wppeditavit.‘

2182 3882 2344 3955 Atqui
2381 3886 2568 3955 quanti
2601 3882 2803 3953 negotii
2835 3897 2928 3940 res
2955 3882 3119 3939 fuerit
3150 3884 3203 3939 in
3237 3893 3382 3940 tanta
3413 3883 3662 3941 codicum
3691 3900 3783 3938 va-

2183 3976 2449 4048 riegantia
2478 3991 2575 4033 seu
2623 3974 2966 4046 dissidentia,
2996 3978 3089 4035 ubi
3127 3978 3319 4050 scripti
3346 3980 3416 4036 ab
3463 3978 3766 4050 impressis,

2183 4080 2239 4129 et
2256 4071 2471 4144 utrique
2500 4070 2644 4127 inter
2666 4086 2728 4127 se
2753 4086 2911 4143 quam
2942 4072 3177 4129 maxime
3198 4070 3607 4140 discordabant,
3635 4070 3779 4143 judi-

2183 4180 2308 4221 care
2352 4163 2481 4237 quid
2535 4163 2873 4222 credendum
2925 4182 3020 4223 seu
3063 4164 3487 4240 relinquendum
3520 4208 3535 4233 ,
3583 4167 3781 4238 quidve

2193 4256 2354 4314 etiam
2380 4256 2816 4315 substituendum
2844 4257 3030 4327 fuerit,
3063 4258 3153 4316 vix
3195 4259 3469 4332 quispiam
3517 4261 3620 4317 nisi
3665 4261 3783 4331 ipse

2194 4356 2450 4420 expertus
2465 4349 2673 4405 credat.
2697 4349 2970 4407 Praeterea
2994 4351 3081 4407 cui
3112 4351 3376 4424 ignotum,
3408 4368 3570 4425 quam
3595 4350 3780 4409 indoc-

2184 4447 2240 4496 te
2271 4455 2338 4497 ne
2368 4440 2544 4498 dicam
2578 4441 2719 4499 ftede
2746 4459 2843 4514 per
2870 4440 2988 4521 ὅρον
3014 4442 3175 4519 λύρας
3204 4444 3483 4517 quondam
3520 4447 3608 4504 hic
3638 4446 3695 4501 lit
3716 4463 3779 4504 er

2184 4531 2347 4591 fuerit
2372 4533 2426 4589 in
2450 4535 2625 4606 capita
2653 4533 3143 4603 dissectusiadeo,
3175 4545 3235 4593 ut
3272 4554 3379 4594 non
3409 4537 3587 4594 solum
3628 4540 3779 4597 nullo

492 4622 831 4695 suspiciones
859 4640 924 4681 ac
949 4623 1252 4698 calumnias
1302 4620 1622 4693 depellenti)
1656 4637 1720 4678 ea
1769 4622 2072 4694 collegerit,
2103 4594 2161 4659 D
2183 4622 2371 4681 habito
2401 4636 2655 4697 respectu
2695 4624 3039 4683 diversarum
3068 4642 3249 4683 rerum
3282 4636 3375 4684 aut
3401 4628 3775 4702 historiarum,

490 4719 785 4791 sedulaque
811 4717 1074 4790 aperaad
1103 4726 1351 4788 posteros
1380 4716 1764 4785 transmiserit,
1799 4734 1919 4791 qua:
1940 4718 2079 4775 citra

488 4814 925 4870 controversiam
957 4812 1026 4868 ab
1077 4810 1224 4867 omni
1253 4810 1450 4867 alfectu
1479 4812 1822 4883 vanitateque
1866 4814 2080 4871 seclusa

489 4922 713 4978 prorsus
738 4916 900 4977 atque
925 4904 1170 4977 seiuncta
1200 4904 1516 4961 viderentur
1539 4946 1555 4974 ,
1588 4906 1846 4964 adhibitis
1877 4909 2078 4979 passim

486 5007 542 5057 ct
570 4999 624 5055 in
670 5000 790 5056 loco
839 4998 1060 5070 optimis
1107 4997 1591 5069 saluberrimisque
1635 4998 1930 5057 Christiani
1957 5016 2083 5072 pec-

489 5092 624 5149 toris
647 5091 1035 5160 condimentis,
1064 5107 1185 5164 qtta:
1214 5089 1363 5163 pium
1408 5105 1471 5147 ac
1502 5090 1782 5148 curdatum
1813 5093 2076 5151 lectorem

488 5201 596 5242 non
627 5184 807 5242 minus
857 5183 1127 5255 profecto,
1157 5198 1317 5255 quam
1349 5182 1483 5255 ipsa:
1515 5181 1758 5239 historia:
1785 5183 2076 5256 juvabunt.

485 5276 711 5334 Accedit
742 5275 826 5332 his
854 5291 1072 5349 queque
1099 5275 1241 5348 quod
1269 5275 1460 5347 optimi
1490 5273 1651 5348 hujus
1673 5276 1775 5332 viri
1807 5277 2079 5336 beneﬁcio

487 5384 577 5427 res
608 5368 853 5442 profecto
904 5372 1201 5425 innumera:
1255 5378 1310 5425 et
1343 5366 1490 5423 haud
1516 5383 1784 5441 quaquam
1815 5385 2081 5441 spernen-

496 5466 582 5523 da:
611 5464 814 5522 clarius
841 5465 998 5521 nobis
1025 5464 1223 5522 dentur
1254 5462 1526 5535 pervideri
1558 5479 1826 5536 :quarum
1870 5465 2081 5523 scilicet

483 5556 712 5629 perditis
740 5556 1054 5630 archetypis
1080 5557 1169 5613 vix
1195 5554 1326 5612 alibi
1359 5556 1520 5613 hodie
1550 5556 1839 5628 vestigium
1888 5573 2081 5629 super-

488 5657 596 5706 est.
648 5650 801 5719 Quod
830 5665 1001 5722 gcnus
1029 5657 1159 5705 sunt
1184 5648 1355 5707 multa
1394 5664 1519 5720 qua:
1560 5649 1764 5720 optima
1793 5649 1899 5708 lide
1928 5667 1993 5708 ex
2019 5652 2084 5708 li-

488 5738 785 5797 delissimis
810 5739 1050 5797 Livianae
1080 5738 1364 5797 industria:
1383 5739 1775 5809 monumentis,
1809 5740 1923 5813 jam
1946 5743 2078 5801 olhn

491 5831 685 5905 injuria
734 5842 1037 5907 temporum
1075 5846 1171 5894 seu
1213 5830 1396 5907 petius
1447 5828 1765 5907 ignavorum
1798 5833 2076 5896 hominum

2183 4732 2370 4774 verum
2401 4734 2511 4775 non
2543 4734 2668 4775 raro
2698 4718 2752 4774 in
2783 4719 2977 4776 mediis
3018 4721 3292 4792 periodis,
3324 4721 3491 4779 immo
3519 4737 3777 4779 sensuum

2185 4810 2402 4867 interim
2441 4810 2704 4868 clausulis
2753 4815 3036 4871 orationes
3065 4813 3377 4873 divaricarit
3408 4826 3569 4889 atque
3598 4818 3782 4886 sejun-

2183 4907 2347 4974 xerit,
2385 4921 2713 4978 rursumque
2758 4906 2849 4962 ubi
2897 4908 3136 4964 maxime
3185 4908 3534 4981 disscpienda
3573 4910 3783 4980 disjun-

2182 4997 2430 5069 gendavc
2474 4998 2721 5067 fuerant,
2762 5000 3091 5057 concluserit
3126 5016 3190 5058 ac
3214 5003 3617 5074 conglutinarit.
3644 5003 3779 5061 Tum

2186 5104 2347 5161 quam
2386 5088 2591 5147 insulsa
2618 5106 2807 5162 quatso
2832 5100 2888 5149 et
2915 5092 3098 5165 inepta
3128 5093 3373 5165 nihilque
3402 5093 3467 5151 ad
3499 5111 3611 5152 rem
3645 5112 3773 5168 per-

2188 5184 2414 5243 tinentia
2440 5185 2718 5258 adjecerat
2743 5190 3116 5260 argumenta?
3145 5186 3432 5247 Postremo
3460 5206 3624 5264 quam
3657 5208 3776 5262 pcr-

2185 5294 2372 5352 peram
2403 5295 2568 5352 quam
2614 5280 2764 5337 nullo
2813 5281 3020 5353 judicio
3043 5282 3311 5342 hactenus
3342 5283 3485 5341 idem
3523 5285 3611 5341 hic
3643 5286 3779 5342 liber

2186 5372 2628 5431 circumferretur
2650 5374 2972 5446 distinctus,
3002 5378 3273 5434 neminem
3308 5378 3477 5437 credo
3504 5384 3651 5447 esse,
3682 5380 3776 5453 qui

2187 5468 2351 5524 modo
2378 5469 2593 5541 legerit,
2631 5469 2723 5540 qui
2776 5469 3009 5542 ignoret.
3058 5471 3266 5538 Quibus
3295 5472 3547 5530 omnibus
3573 5473 3622 5529 si
3651 5473 3778 5546 quid

2186 5570 2372 5618 nostra
2400 5562 2579 5635 opella
2607 5562 2797 5620 sedula
2829 5563 2999 5636 magis
3026 5580 3187 5637 quam
3218 5568 3424 5627 efficaci
3455 5567 3779 5627 subventum

2185 5661 2289 5721 est,
2319 5668 2440 5709 cum
2475 5654 2703 5711 studiosi
2730 5654 2894 5712 velim
2924 5671 3117 5713 omnes
3145 5662 3287 5729 mqui
3315 5660 3549 5733 bonique
3576 5676 3778 5716 consu-

2186 5746 2325 5817 lant,
2358 5755 2473 5805 tum
2519 5747 2774 5821 quidquid
2806 5749 2910 5807 hoc
2940 5749 3040 5807 fuit
3070 5751 3270 5809 laboris
3302 5753 3433 5824 tibi,
3464 5752 3672 5811 Pnasul
3700 5754 3778 5810 in-

2187 5841 2501 5915 tegerrime,
2544 5840 2806 5915 dicatum,
2861 5858 2928 5902 co
2980 5845 3125 5902 vultu
3175 5845 3469 5922 animoque
3516 5844 3777 5921 accipias,
