4062 6340
293 250 392 311 659

1177 244 1416 304 nam
1454 227 1961 304 DEﬁICATIONES
1999 240 2087 301 er
2126 217 2654 300 pnmrs'rmms.

3470 238 3578 297 650

285 382 392 436 quo
441 365 570 422 olim
613 365 908 421 Persarum
935 361 1030 419 ille
1054 375 1148 418 rex
1174 361 1505 417 Artaxerxes
1557 356 1876 432 pauperculi
1907 360 1952 418 A
1981 357 2231 413 veritatis
2270 356 2544 413 cancellos
2589 357 2660 411 ita
2699 355 2800 410 sibi
2833 353 3284 422 circumdedisse,
3335 367 3387 413 ut
3421 371 3582 416 extra

285 457 565 528 cujusdam
587 455 842 512 frivolum
863 453 1084 526 quidem
1112 451 1207 508 sed
1231 450 1461 522 simplex
1483 465 1703 520 munus,
1730 465 1884 506 nem-

285 565 350 621 pe
375 564 572 622 aquam
625 547 966 619 complicatis
1020 546 1273 602 inanibus
1302 561 1331 600 e
1361 544 1608 616 proximo
1661 543 1884 598 flumine

283 645 536 700 haustam
562 643 738 701 fertur
760 641 1094 713 suscepisse,
1122 640 1459 697 voluntatem
1484 653 1548 694 ac
1573 637 1738 693 animi
1763 651 1886 706 pro-

282 739 628 810 pensionem,
664 753 770 794 non
802 753 914 793 rem
948 735 1121 807 ipsam
1154 733 1510 808 permetiens.
1563 731 1755 788 Valeat
1779 730 1886 786 Re-

280 831 526 888 verentia
557 841 646 888 tua
671 830 926 888 feliciter.
958 827 1204 890 Colonia:
1225 869 1241 897 ,
1265 827 1423 884 Anno
1455 825 1595 884 1526
1623 824 1755 896 ipsis
1784 822 1887 880 idi-

281 924 382 981 bus
409 924 582 981 Junii.

925 1013 1268 1073 EPISTOLA

397 1125 590 1168 FRANC.
633 1125 862 1168 FABRICII
901 1122 1279 1167 IARCODUBANI
1317 1122 1385 1164 AD
1439 1121 1493 1164 D.
1539 1120 1779 1162 JOANNEII

936 1195 1274 1238 ULAT’I'ENUH.

278 1274 637 1344 Amplissimo
681 1270 1307 1346 ornatissimequeviro
1364 1270 1427 1326 Ι).
1466 1270 1658 1346 Ionam
1700 1267 1888 1346 Unu-

355 1341 499 1432 Isuo
527 1391 543 1415 ,
597 1349 889 1432 pragposito
934 1341 1171 1429 Aquensi
1198 1385 1229 1427 ._
1267 1341 1749 1432 C‘ranenburg‘ensi
1777 1381 1804 1432 ,Ι
1834 1346 1891 1432 et

352 1410 614 1491 Qarpettsi
647 1439 663 1475 :
692 1410 967 1474 iilustriss.
999 1410 1262 1491 principis
1288 1412 1566 1471 Guilielmi
1593 1410 1755 1491 Ducis
1777 1410 1885 1466 Jul.

353 1483 494 1545 Cliv.
530 1489 696 1545 Mont.
744 1501 852 1546 etc.
875 1483 1237 1554 cancellario,
1262 1496 1492 1554 patrono
1520 1499 1642 1552 suo,
1681 1483 1889 1540 Fame.

357 1562 649 1618 FABRICIUS
688 1561 1123 1618 Μιιιισουυιιλιιυε
1160 1556 1220 1615 S.
1264 1557 1329 1614 D.

354 1680 494 1735 Cum
523 1694 752 1746 omnes,
800 1679 894 1750 qui
941 1691 1032 1734 res
1061 1691 1090 1732 a
1123 1691 1184 1734 se
1225 1677 1314 1736 vel
1348 1675 1600 1733 inventas
1629 1674 1889 1748 primum,

1987 452 2110 509 illos
2139 465 2435 523 numquam
2466 451 2573 506 sint
2615 448 2844 520 egressi,
2896 449 3042 504 nulla
3081 450 3279 520 gratia,
3330 452 3474 506 nulla
3506 453 3584 508 si-

1986 546 2215 602 multate
2246 546 2302 601 in
2334 543 2633 601 scribendo
2658 544 2770 598 sint
2800 543 3056 614 permoti.
3090 542 3245 612 Quod
3272 544 3491 616 quidem
3526 555 3588 602 ut

1986 639 2056 694 de
2097 638 2265 694 Paulo
2317 637 2511 694 Orosio
2551 637 2605 692 in
2657 635 3050 706 hoe,tempore
3099 636 3343 707 pluribus
3405 636 3586 692 verbis

1986 731 2207 804 planum
2235 731 2455 796 faciam,
2483 728 2855 786 necessnrium
2885 742 3008 783 esse
3038 742 3146 783 non
3186 726 3425 783 arbitror
3449 745 3462 782 :
3488 728 3587 784 sed

1987 838 2050 880 ea
2072 839 2193 895 qum
2220 821 2609 878 adolescentes
2636 819 2705 876 de
2733 819 2836 875 hoc
2865 829 3054 874 nostro
3080 829 3305 875 auctore
3333 817 3475 875 scire
3507 819 3587 874 la-

1989 915 2282 981 borabunt,
2308 913 2532 969 minime
2562 911 2998 984 praetermittam.
3031 910 3153 966 Vita
3173 911 3291 982 ejus
3313 911 3584 983 descripta

1989 1010 2230 1067 breviter
2255 1024 2287 1066 a
2316 1007 2603 1065 Gennadio
2632 1007 2686 1063 in
2717 1007 2978 1079 Catalogo
3005 1006 3302 1064 Illustrium
3334 1007 3587 1063 Virorum

1990 1110 2170 1160 exstat
2206 1119 2218 1154 :
2258 1116 2380 1173 qua:
2419 1101 2584 1157 etiam
2626 1100 2680 1155 in
2719 1099 2939 1172 scriptis
2978 1100 3384 1172 exemplaribus
3429 1100 3588 1157 initio

1990 1196 2246 1252 Historiae
2289 1196 2588 1264 invenitur,
2622 1195 2766 1250 sicut
2792 1210 2824 1250 a
2868 1179 3026 1251 nobis
3053 1203 3138 1252 est
3185 1194 3351 1251 edita.
3386 1195 3513 1251 Fuit
3542 1197 3610 1252 ise

1991 1289 2361 1357 Christianus,
2397 1287 2452 1343 in
2486 1285 2743 1357 Hispania
2773 1295 2936 1342 natus
2965 1296 3021 1342 et
3046 1285 3336 1356 educatus,
3369 1286 3466 1342 sed
3506 1285 3591 1342 di-

1992 1381 2179 1440 scendi
2206 1379 2460 1452 cupidus,
2498 1394 2630 1436 suos
2660 1377 3002 1450 patriamque
3042 1377 3300 1450 reliquit;
3333 1385 3500 1449 atque
3531 1387 3591 1434 ut

1992 1490 2080 1542 ea,
2105 1488 2228 1544 qua:
2253 1473 2307 1528 in
2337 1471 2606 1543 religione
2623 1470 2914 1527 enodatius
2942 1471 3083 1527 scire
3115 1472 3394 1542 cupiebat,
3429 1471 3590 1542 plane

1993 1573 2370 1638 cognosceret,
2415 1564 2468 1620 in
2508 1562 2749 1619 Africam
2791 1561 2860 1618 ad
2893 1561 3174 1635 Aurelium
3221 1561 3590 1633 Augustinum

1995 1657 2229 1730 trajecit.
2245 1656 2372 1713 Fuit
2393 1655 2500 1712 hoc
2521 1655 2666 1712 circa
2689 1669 2892 1710 annum
2914 1654 3118 1711 Christi
3140 1653 3266 1712 400.
3290 1653 3426 1710 Cum
3447 1654 3592 1725 apud

279 1771 366 1827 vel
400 1769 602 1828 deinde
632 1769 883 1827 excultas
922 1783 986 1824 ae
1032 1769 1336 1825 illustratus
1368 1768 1569 1824 litteris
1599 1746 1888 1838 consigna-

1998 1749 2352 1822 Augusﬁnum
2383 1756 2552 1816 esset,
2587 1747 2862 1804 consuluit
2888 1761 3012 1803 eum
3039 1746 3110 1803 de
3135 1747 3592 1815 Priscillianistis,

279 1873 446 1931 runt,
478 1863 621 1921 bene
645 1863 1068 1936 deposteritate
1097 1871 1229 1918 sunt
1258 1863 1474 1932 meriti,
1506 1862 1591 1917 vir
1617 1860 1890 1932 amplissi-

280 1975 372 2014 me
407 1976 419 2011 :
479 1968 595 2016 tum
651 1959 794 2015 ltaud
848 1959 967 2014 scio
996 1975 1064 2015 an
1093 1957 1192 2013 ulli
1224 1958 1449 2025 melius,
1481 1971 1641 2028 quam
1674 1956 1763 2026 qui
1799 1970 1888 2010 res

276 2065 466 2124 gestas
511 2053 755 2110 historiae
799 2052 1154 2123 mandarunt,
1199 2050 1588 2121 memoriaeque
1624 2063 1889 2120 propaga-

279 2153 434 2201 rnnt.
467 2146 647 2217 Magni
680 2144 839 2213 fiunt,
866 2154 926 2202 ut
949 2145 1148 2201 merito
1177 2143 1297 2200 fieri
1337 2143 1560 2207 debent,
1590 2156 1716 2212 quae
1764 2155 1892 2211 gra-

278 2238 494 2298 vissimi
521 2239 626 2295 viri
645 2240 928 2304 Socrates,
956 2238 1140 2307 Plato,
1170 2235 1515 2300 Aristoteles,
1546 2232 1747 2304 aliique
1770 2231 1891 2302 phi-

278 2331 500 2404 losophi
535 2331 606 2389 de
645 2331 952 2404 appetenda
985 2331 1208 2396 virtute,
1247 2327 1699 2402 aspernantlaque
1728 2326 1888 2381 vitio-

278 2429 445 2484 sitate
473 2427 674 2482 litteris
721 2424 1084 2496 prodiderunt
1115 2441 1130 2478 :
1164 2438 1287 2494 qua:
1335 2431 1516 2478 tamen
1546 2418 1884 2487 Herodotus,

278 2516 665 2591 Thucydides,
703 2516 1117 2586 Theopompus,
1162 2513 1439 2583 Ephorus,
1483 2521 1538 2568 et
1566 2511 1751 2567 caeteri
1778 2508 1887 2563 his-

279 2612 439 2667 torici
467 2609 819 2666 monimentis
846 2606 1121 2663 annalium
1165 2606 1582 2676 consignarunt,
1618 2601 1886 2674 majorem

277 2703 386 2759 vim
415 2702 485 2758 ad
519 2717 612 2759 res
666 2701 956 2771 prirclaras
986 2697 1299 2767 sectandas,
1341 2697 1756 2768 contrariasque
1793 2694 1890 2750 de-

277 2796 564 2853 clinandas
615 2795 840 2858 habere,
887 2809 1055 2850 nemo
1095 2793 1347 2858 inficias,
1380 2791 1596 2862 opinor,
1641 2789 1762 2844 ibit.
1805 2787 1888 2844 Illi

277 2891 425 2946 enint
456 2889 588 2962 quid
618 2905 778 2961 agere
807 2887 1058 2944 homines
1085 2887 1347 2948 debeant.
1393 2884 1449 2940 hi
1476 2884 1598 2955 quid
1627 2881 1888 2953 prmclare

277 2987 519 3058 egerint,
542 2984 743 3041 docent
772 3003 786 3039 :
819 2983 895 3039 illi
924 2983 991 3039 de
1021 2981 1249 3039 colenda
1275 2979 1509 3053 justitia,
1545 2975 1887 3042 fortitudine,

279 3079 645 3152 temperantia
672 3077 842 3135 multa
871 3085 1150 3150 praecepta
1181 3075 1487 3138 dederunt;
1519 3072 1595 3142 hi,
1631 3069 1889 3142 qnisjus-

1995 1850 2054 1900 et
2077 1843 2143 1898 de
2169 1838 2493 1913 quibusdam
2513 1837 2762 1909 Origcnis
2783 1837 3053 1895 sensibus.
3080 1837 3179 1894 Cui
3203 1839 3594 1895 consultationi

1994 1937 2087 1993 ille
2128 1933 2415 2007 respondit
2456 1932 2620 1999 libro,
2659 1932 2750 2002 qui
2791 1940 2974 1988 exstat
3003 1930 3070 1987 ad
3102 1931 3358 1988 Orosium
3399 1940 3594 1988 contra

1992 2026 2433 2086 Priscillianistas
2455 2033 2511 2080 et
2531 2023 2884 2095 Origenistas.
2917 2024 3144 2096 Capitur
3174 2024 3389 2080 interim
3418 2024 3596 2080 Roma
3671 2029 3675 2034 '

1992 2137 2023 2177 a
2052 2122 2358 2179 Gothorum
2389 2132 2517 2190 rege
2549 2117 2792 2184 Alarico,
2826 2127 2882 2173 et
2911 2133 3163 2189 magnam
3206 2117 3438 2173 Romani
3483 2117 3599 2173 cla-

1992 2216 2116 2272 dem
2154 2214 2440 2285 accipiunt
2472 2229 2486 2266 :
2528 2225 2858 2282 causamque
2889 2210 3073 2267 hostes
3114 2211 3438 2266 Christiana:
3465 2210 3596 2266 reli-

1993 2307 2175 2379 gionis
2195 2306 2250 2362 in
2273 2320 2392 2362 eam
2418 2305 2744 2370 conferunt;
2775 2302 2894 2358 advr
2913 2315 3037 2360 rsua
3064 2302 3186 2359 illos
3216 2314 3328 2358 tum
3358 2303 3591 2360 Orosius

1994 2398 2289 2471 Augustini
2314 2397 2472 2469 jussu
2496 2395 2598 2452 hos
2625 2404 2836 2466 septem
2871 2397 3040 2453 libros
3067 2397 3430 2452 Historiarum
3465 2411 3599 2452 con-

1993 2493 2234 2565 scripsit.
2263 2491 2339 2547 De
2356 2491 2554 2562 quibus
2582 2489 2833 2546 Gelasius
2856 2490 3066 2560 primus
3093 2504 3217 2546 cum
3249 2505 3357 2545 Lxx
3383 2489 3599 2561 episeo-

1994 2588 2079 2659 pis
2097 2587 2426 2644 sententiam
2451 2584 2596 2651 tulit,
2627 2584 2856 2654 ejusque
2877 2583 3085 2640 decreti
3108 2583 3272 2639 verba
3299 2581 3599 2639 sunthaec:

1997 2681 2278 2745 Orosium,
2320 2679 2486 2734 virum
2529 2677 2975 2746 eruditissimum,
3023 2676 3424 2744 collaudamus,
3472 2679 3598 2747 quia

1993 2776 2144 2831 ualde
2167 2773 2463 2830 necessaria
2492 2772 2738 2826 adversus
2767 2787 3093 2843 paganorum
3118 2769 3416 2824 calumnias
3445 2769 3596 2824 ordi-

1994 2871 2156 2939 navit,
2201 2869 2438 2939 miraque
2477 2867 2722 2922 brevitate
2757 2865 3040 2920 contexuit.
3073 2863 3363 2935 Augustini
3392 2863 3594 2919 deinde

1993 2965 2224 3022 consilio
2244 3004 2259 3032 .
2303 2971 2365 3018 ut
2387 2963 2506 3033 ipse
2535 2960 2602 3016 ad
2637 2959 2901 3016 Evodium
2927 2959 3138 3027 scribit,
3173 2958 3400 3014 Orosius
3431 2957 3595 3014 Beth-

1995 3060 2230 3116 lcetnum
2267 3057 2337 3113 ad
2368 3056 2562 3112 Divum
2593 3055 2987 3128 Hieronymum
3017 3051 3295 3125 profectus
3333 3061 3437 3120 est,
3469 3066 3594 3107 cum

277 3181 363 3240 te,
396 3147 647 3240 fortiter,
678 3147 964 3228 moderate
1000 3147 1240 3234 vixerit,
1265 3168 1667 3225 demonstrant.
1707 3163 1892 3235 Neque
1917 3147 1964 3212 C
1998 3155 2103 3211 hac
2133 3154 2249 3224 ejus
2275 3149 2759 3208 commendatione
2791 3167 2804 3202 :
2842 3148 2978 3203 Ecce
3007 3148 3143 3202 venit
3172 3148 3242 3201 ad
3270 3163 3350 3201 me
3383 3147 3598 3217 religio-

279 3280 412 3322 vero
441 3264 538 3336 qui
563 3264 630 3320 ad
662 3262 931 3334 justitiam
964 3259 1295 3327 hortabitur,
1325 3259 1450 3330 plus
1491 3256 1771 3313 Socratica
1806 3270 1892 3311 ra-

278 3365 452 3430 tiunc,
508 3376 672 3432 quam
713 3357 994 3425 Aristidis,
1041 3355 1302 3421 Fabricii,
1343 3363 1400 3409 et
1437 3352 1672 3409 aliorum
1722 3349 1893 3405 docu-

279 3455 482 3512 mentis
511 3451 738 3508 efficiet.
774 3450 945 3506 Recte
978 3448 1142 3520 igitur
1172 3445 1444 3502 Antonins
1494 3444 1636 3516 apud
1666 3443 1893 3499 Cicero-

281 3563 405 3615 nem
437 3545 728 3601 historiam
757 3543 871 3600 suis
911 3541 1169 3597 laudibus
1211 3551 1491 3596 exornans
1513 3579 1528 3606 ,
1574 3552 1696 3593 eam
1732 3549 1892 3591 ιιιιςι-

279 3656 459 3697 ετιιλιι
498 3655 634 3695 νιτ.ε
683 3637 968 3702 nominat;
1023 3648 1216 3705 estque
1246 3647 1437 3700 magna
1483 3628 1654 3701 gratia
1709 3641 1891 3683 rerum

279 3743 562 3804 gestarum
591 3730 958 3801 scriptoribus
988 3726 1266 3793 habenda,
1293 3725 1385 3796 qui
1422 3739 1524 3780 suo
1551 3721 1733 3777 studio
1760 3719 1894 3776 elle-

281 3836 480 3886 cerunt
504 3870 520 3895 ,
558 3834 620 3882 ut
649 3825 820 3882 rebus
868 3821 1169 3896 praeteritis
1209 3817 1631 3890 cognoscendis,
1667 3814 1797 3885 quid
1839 3813 1892 3868 in

284 3921 401 3977 vita
451 3918 733 3975 hominum
770 3916 1025 3972 laudetur
1058 3924 1153 3969 aut
1197 3912 1564 3984 vituperetur,
1595 3907 1722 3978 quid
1767 3920 1895 3977 pro-

284 4015 452 4072 betur
475 4023 570 4068 aut
597 4010 858 4076 oifendat,
903 4019 1176 4079 tamquam
1208 4007 1260 4062 in
1279 4003 1506 4075 Speculo
1529 4003 1891 4057 intuerentur.

286 4109 759 4179 Quamquamnon
780 4103 971 4160 eodem
995 4103 1338 4164 locoomnes,
1357 4097 1447 4168 qui
1474 4094 1737 4152 historias
1765 4090 1893 4148 seti-

289 4213 541 4275 pserunt,
572 4197 876 4266 habendos,
900 4194 1335 4268 nequecamdem
1363 4192 1654 4248 utilitatem
1676 4202 1744 4242 ex
1773 4201 1892 4241 om-

291 4299 442 4354 nium
489 4297 708 4352 illorum
760 4291 984 4360 scriptis
1035 4286 1486 4360 exspectandam,
1521 4296 1682 4339 nemo
1712 4294 1894 4336 rerum

291 4393 432 4448 adeo
448 4392 800 4462 ignarus,aut
821 4403 850 4442 a
869 4386 1068 4443 litteris
1085 4385 1159 4439 ita
1177 4382 1387 4438 alienus
1411 4388 1517 4447 est,
1550 4378 1640 4448 qui
1664 4373 1894 4431 nesciat.

293 4485 400 4542 Sed
426 4500 552 4542 cum
576 4498 765 4540 eorum
791 4481 879 4536 alii
908 4494 1088 4535 rerum
1109 4477 1412 4548 priscarum
1437 4468 1778 4534 narratione,
1802 4482 1868 4520 an
1884 4497 1896 4505 -

1996 3266 2088 3304 sus
2107 3246 2331 3321 juvenis,
2357 3244 2615 3300 catholica
2642 3259 2768 3315 pace
2791 3243 2980 3313 frater,
3013 3248 3168 3296 relate
3200 3241 3363 3308 ﬁlius,
3398 3241 3596 3293 honore

1997 3340 2380 3412 compresbyter
2409 3345 2604 3406 noster,
2651 3335 2893 3401 Orosius,
2945 3333 3066 3405 vigil
3109 3333 3334 3412 ingenio,
3383 3336 3598 3401 paratus

1998 3436 2225 3505 eloquio,
2257 3435 2489 3505 ﬂagrans
2511 3429 2706 3497 studio,
2737 3429 2865 3482 utile
2888 3444 2976 3480 vas
3003 3427 3055 3482 in
3079 3426 3232 3480 domo
3261 3411 3470 3480 Domini
3490 3443 3600 3481 esse

1998 3529 2320 3594 desiderans,
2345 3523 2415 3578 ad
2441 3522 2752 3595 refellendas
2778 3522 2941 3592 falsas
2963 3519 3379 3591 perniciosasque
3406 3518 3602 3573 doctri-

1998 3636 2114 3686 nas,
2139 3633 2254 3688 qua:
2279 3617 2481 3670 animas
2516 3613 2874 3684 Hispanorum
2912 3612 3075 3665 multo
3117 3609 3402 3682 infelicius,
3442 3627 3600 3682 quam

2000 3730 2222 3784 corpora
2248 3711 2548 3767 barbaricus
2576 3708 2786 3782 gladius
2812 3706 3167 3772 trucidarunt,
3210 3711 3321 3760 etc.
3356 3703 3476 3759 Non
3505 3705 3596 3760 hic

1998 3806 2470 3871 commemorabo,
2518 3819 2679 3875 quam
2710 3817 2878 3872 smpe,
2917 3815 3188 3872 quamque
3232 3799 3465 3854 libenter
3498 3799 3601 3854 ho-

2000 3902 2179 3958 mines
2206 3899 2430 3969 eruditi,
2465 3897 2624 3968 hujus
2649 3894 2934 3965 scriptoris
2967 3893 3295 3950 auctoritate
3341 3902 3398 3948 et
3445 3895 3598 3948 testi-

2001 3993 2190 4051 monio
2213 4001 2458 4060 utantur,
2482 4005 2644 4062 quam
2677 3987 2972 4043 multarum
3015 4001 3198 4042 rerum
3225 3985 3489 4040 memoria
3543 3986 3595 4040 in

2000 4086 2202 4142 Orosio
2235 4092 2444 4150 exSIet;
2485 4099 2606 4154 qua:
2643 4079 2790 4152 apud
2834 4079 2975 4135 alios
3007 4089 3130 4149 post
3169 4086 3375 4132 tantam
3428 4077 3596 4148 Livii,

2001 4177 2198 4243 Taciti,
2234 4183 2398 4247 atque
2425 4174 2656 4229 aliorum
2687 4171 3075 4226 historicorum
3100 4170 3368 4239 jacturam
3398 4168 3600 4225 factam

2003 4288 2114 4329 non
2148 4271 2517 4328 inveniantur.
2555 4267 2668 4323 Hoc
2707 4267 2853 4332 dico,
2891 4263 3186 4320 dolendum
3233 4262 3420 4332 fuisse,
3463 4265 3597 4319 tanti

2003 4369 2111 4424 viri
2141 4376 2248 4423 tarn
2278 4365 2614 4420 fructuosam
2647 4360 2936 4416 historiam
2963 4358 3102 4414 adeo
3133 4357 3393 4413 mendose
3419 4357 3603 4414 hacte-

2005 4476 2108 4516 nus
2138 4461 2192 4516 in
2219 4458 2470 4514 manibus
2495 4455 2729 4512 versari.
2763 4453 3085 4510 Ccntulerat
3105 4466 3224 4508 eam
3251 4466 3375 4506 cum
3395 4450 3604 4521 aliquot

294 4588 606 4637 restantum
624 4543 1890 4650 quasivoluptateq-uadamperfundere,verbo-
1924 4544 1978 4606 Ι)
2005 4551 2398 4622 manuscriptis
2447 4547 2850 4618 exemplaribus
2889 4553 3018 4602 ante
3065 4557 3240 4599 annos
3281 4544 3352 4598 35
3392 4543 3599 4599 Gerar-

294 4688 523 4744 rumque
547 4669 822 4727 illecebris
848 4676 1071 4738 captare
1100 4661 1397 4728 voluerint,
1429 4659 1520 4715 alii
1551 4673 1638 4715 res
1676 4656 1896 4727 sapien-

297 4773 402 4833 ter,
449 4767 618 4837 juste,
668 4763 780 4836 pie,
812 4760 1050 4825 fortiter,
1100 4756 1488 4826 moderateque
1531 4759 1736 4822 gestas,
1786 4749 1896 4804 sint

297 4857 581 4930 splendida
603 4865 658 4912 et
687 4853 886 4911 illustri
914 4852 1164 4910 oratione
1187 4849 1460 4922 persecuti
1492 4864 1505 4900 :
1529 4845 1619 4901 alii
1646 4843 1897 4915 neglecto

300 4951 602 5006 verborum
633 4957 830 5004 ornatu
853 4961 964 5012 res,
1009 4945 1170 5000 utiles
1205 4943 1327 4999 illas
1357 4939 1602 5012 quidem,
1635 4938 1732 4993 sed
1774 4951 1901 4993 ora-

300 5043 465 5100 tionis
488 5042 782 5099 luminibus
813 5056 922 5097 non
958 5039 1266 5097 illustratus
1296 5033 1681 5108 proposuerint
1709 5050 1724 5087 :
1762 5031 1900 5088 deli-

299 5135 459 5206 gendi
490 5142 622 5191 sunt
655 5132 924 5202 imprimis
955 5129 1214 5201 omnique
1237 5127 1418 5186 studio
1449 5125 1776 5194 evolvendi,
1806 5123 1900 5196 qui

301 5245 409 5285 non
457 5226 620 5283 modo
662 5225 900 5297 linguam
945 5223 1232 5288 excolere,
1277 5235 1465 5276 verum
1495 5220 1659 5274 etiam
1713 5224 1902 5287 pectus

301 5321 664 5392 plurimarum
702 5327 760 5374 et
789 5317 1148 5372 maximarum
1194 5328 1379 5370 rerum
1424 5312 1584 5380 copia
1627 5310 1904 5366 instruere

303 5424 554 5486 possunt.
577 5411 733 5483 Quod
762 5409 809 5469 si
837 5419 1018 5466 tamen
1053 5422 1149 5464 eos
1182 5423 1290 5464 non
1321 5420 1702 5475 aspernamur,
1731 5418 1758 5456 a
1783 5401 1906 5473 qui-

304 5509 406 5565 bus
437 5518 637 5580 prieter
664 5505 960 5562 verborum
991 5511 1244 5559 ornatum
1276 5498 1414 5556 nihil
1446 5498 1672 5552 omnino
1703 5510 1905 5567 suppe-

305 5605 528 5671 ditatur,
564 5612 713 5658 certe
734 5599 892 5656 valde
914 5597 1049 5654 lauti
1077 5605 1226 5662 sunt,
1254 5595 1345 5667 qui
1365 5595 1434 5650 ab
1456 5593 1564 5649 illis
1581 5591 1904 5658 abhorrent,

306 5698 398 5767 qui
431 5678 580 5752 brevi
602 5693 950 5765 simplicique
975 5691 1229 5746 oratione
1251 5703 1339 5744 res
1362 5688 1678 5758 c0gnitione
1702 5684 1907 5755 dignis-

308 5789 474 5850 simas
501 5783 1074 5858 comprehenderunt,
1107 5781 1421 5864 prmsertitn
1453 5778 1499 5838 si
1529 5785 1766 5847 constet,
1812 5790 1908 5836 eos

756 5881 1034 5944 ΡΑτιιοι..
1089 5872 1335 5937 XXXI.

2005 4648 2110 4704 dus
2140 4644 2434 4714 Bolsuinge
2473 4659 2488 4698 :
2535 4639 2806 4698 laboravit
2849 4638 3050 4695 deinde
3095 4637 3150 4694 in
3187 4641 3378 4693 eadem
3416 4651 3604 4691 emcn—

2007 4743 2188 4800 danda
2220 4739 2445 4797 doctiss.
2479 4737 2565 4794 vir
2604 4738 2848 4792 Joannes
2878 4722 3148 4791 Caesarius
3177 4751 3192 4790 :
3222 4734 3319 4789 sed
3359 4733 3604 4804 profecto

2009 4848 2238 4892 necesse
2283 4842 2389 4897 est,
2437 4841 2495 4885 nt
2535 4830 2619 4884 vel
2650 4844 2838 4884 eorum
2869 4828 3200 4898 exemplaria
3247 4843 3357 4882 non
3403 4827 3605 4882 fuerint

2009 4927 2308 4997 diligenter
2340 4923 2474 4979 satis
2513 4922 2812 4991 descripta,
2855 4921 2941 4976 vel
2973 4919 3074 4991 ipsi
3120 4935 3312 4990 parum
3349 4928 3606 4975 accurate

2010 5034 2151 5091 opus
2194 5014 2610 5090 perspexerint,
2659 5023 2738 5069 tot
2773 5012 2970 5069 menda
3009 5012 3200 5068 relicta
3241 5011 3312 5068 ab
3358 5011 3469 5068 illis
3509 5010 3606 5066 de-

2010 5108 2302 5185 prehendi,
2332 5116 2622 5180 postquam
2647 5120 2840 5162 corum
2868 5105 3041 5161 libros
3069 5119 3194 5160 cum
3219 5105 3394 5159 tribus
3416 5117 3607 5158 manu-

2009 5205 2232 5277 scriptis
2276 5201 2532 5260 conferre
2567 5200 2732 5272 cmpi.
2767 5199 2954 5269 Neque
2979 5213 3114 5254 vero
3151 5197 3286 5253 satis
3317 5195 3482 5252 habui
3514 5211 3610 5251 ve-

2012 5309 2189 5355 tustos
2217 5296 2387 5352 libros
2416 5294 2483 5350 ad
2517 5293 2676 5364 hujus
2709 5301 2815 5347 tam
2841 5291 3121 5363 praeclara:
3144 5288 3390 5346 historim
3421 5303 3610 5368 emen-

2013 5390 2293 5446 dationem
2324 5386 2592 5444 advocare
2618 5402 2634 5440 :
2661 5384 2759 5442 sed
2780 5399 2904 5440 cum
2930 5382 3282 5455 jampridem,
3313 5373 3611 5437 multorum

2016 5485 2335 5541 Gratcornm
2364 5490 2420 5536 et
2448 5479 2768 5536 Latinorum
2797 5487 3083 5533 auctorum
3117 5475 3438 5542 collatione,
3463 5473 3611 5530 didi-

2016 5578 2240 5644 cissem,
2287 5576 2438 5646 ipsos
2485 5573 2660 5629 libros
2706 5572 2943 5642 scriptos
2991 5569 3172 5625 multis
3210 5583 3358 5639 serpe
3401 5567 3615 5623 mendis

2018 5672 2253 5728 itedatos
2285 5683 2430 5733 esse,
2463 5664 2727 5730 conduxi,
2759 5673 2813 5720 et
2840 5663 2991 5735 quasi
3027 5662 3326 5718 convocavi
3362 5660 3414 5716 in
3448 5675 3613 5716 unum

2021 5769 2200 5826 locum
2233 5775 2449 5834 onmes,
2480 5773 2616 5838 quos
2646 5757 2715 5820 de
2742 5756 2827 5818 his
2857 5757 3042 5824 rebus,
3075 5770 3213 5828 quas
3241 5753 3465 5813 Orosius
3489 5752 3617 5814 atti-

3017 5849 3093 5914 21
