3962 6336
502 219 604 282 651

1541 221 1816 284 PAULUS
1853 222 2144 287 OROSiUS
2184 228 2720 294 CIIRONULOGUS.

3660 239 3750 299 052

505 339 606 410 git,
629 337 917 408 scripsisse
937 337 1142 410 aliquid
1171 338 1322 409 potui
1344 337 1646 398 recordari.
1669 340 1771 409 Qui
1797 348 1979 398 autem
2008 341 2107 408 illi,
2139 346 2184 407 Α
2213 346 2356 424 Ante
2381 351 2510 409 licet
2540 351 2724 424 populi
2753 350 2922 408 fuerit
2948 351 3161 410 delatus
3198 355 3261 412 ίη,
3282 368 3398 420 οη,

509 445 566 490 ct
595 444 728 506 quot
759 433 985 501 fuerim.
1019 449 1088 490 ex
1118 433 1580 490 Annotationibus
1627 433 1836 491 nostris
1880 449 2108 506 appare-

511 529 593 586 bit
619 541 634 579 :
665 527 720 584 in
754 527 954 598 quibus
983 541 1092 584 non
1125 536 1332 583 tantum
1372 527 1513 583 itane
1542 526 1840 584 editionem
1879 528 2068 585 fulcire
2089 569 2105 593 ,

507 623 605 679 scd
633 631 689 678 et
716 621 1014 678 Historiam
1046 621 1351 678 Romanam
1386 621 1668 679 illustrare
1695 635 1816 678 sum
1844 633 2102 679 conatus:

510 725 570 772 ut
592 716 992 780 adolescentes,
1025 717 1119 788 qui
1146 724 1410 785 cuperent
1447 730 1537 783 ea,
1567 731 1694 787 qua:
1721 716 1950 773 Orosius
1976 718 2104 774 bre-

507 811 647 866 viter
672 810 990 880 complexus
1015 817 1121 874 est,
1155 809 1372 878 plenius
1402 819 1759 879 cognoscere,
1791 809 1894 865 hac
1922 819 2105 866 nostra

507 902 882 958 admonitione
912 901 1158 956 instructi
1190 903 1418 965 scirent,
1465 901 1611 956 unde
1649 901 1743 958 illa
1795 913 1976 958 essent
2011 915 2105 972 pe—

506 996 690 1063 tenda,
717 1009 1020 1066 eorumque
1047 994 1282 1050 lectione
1312 996 1460 1050 sitim
1491 1007 1645 1051 suam
1675 996 1980 1066 explerent.
2013 1001 2106 1053 Λι-

411 1081 450 1123 ?
503 1104 610 1160 que
641 1087 746 1143 hoc
786 1088 1006 1158 quidem
1055 1101 1160 1157 ego
1198 1102 1396 1159 magno
1429 1095 1640 1144 conatu
1658 1088 1946 1159 studioque
1974 1093 2100 1160 egi:

505 1181 634 1250 quid
669 1194 800 1236 vero
832 1179 934 1236 sim
976 1188 1332 1247 consecutus,
1373 1181 1611 1238 aliorum
1651 1181 1858 1252 judicio
1911 1183 2104 1241 lubens

503 1272 784 1344 permitto.
813 1272 871 1328 In
900 1273 1100 1344 quibus
1121 1289 1263 1328 unus
1289 1285 1368 1340 ttt,
1393 1273 1630 1330 Patrone
1655 1276 2014 1346 amplissime,
2043 1293 2104 1333 es

507 1365 642 1422 mihi
685 1366 862 1422 instar
892 1367 1159 1420 omnium.
1191 1366 1302 1420 Tua
1333 1366 1471 1422 mihi
1509 1366 1918 1435 benevolentia,
1952 1380 2100 1427 tuum

503 1459 770 1528 judicium
799 1459 996 1514 harum
1037 1459 1344 1530 vigiliarum
1375 1460 1583 1517 fructus
1611 1463 1718 1518 erit
1765 1463 2099 1520 uberrimus.

503 1551 681 1609 iiahui
721 1550 978 1622 equidem
1019 1551 1074 1606 in
1122 1550 1285 1621 hujus
1323 1552 1531 1608 laboris
1569 1569 1675 1609 non
1709 1553 1872 1610 modo
1919 1571 2104 1612 susce-

502 1644 713 1714 ptione,
742 1658 931 1699 verum
971 1645 1137 1699 etiam
1183 1644 1467 1701 molitione
1495 1660 1558 1701 ac
1605 1646 1968 1717 perfectione,
2000 1664 2102 1718 pu-

501 1738 702 1795 blicam
721 1737 1027 1808 juventutis
1050 1737 1336 1794 utilitatem
1369 1740 1502 1794 mihi
1535 1741 1892 1811 propositam,
1923 1743 2018 1799 sed
2049 1744 2104 1800 in
2133 1742 2183 1804 B
2211 1777 2268 1834 Ε,

503 1844 558 1888 te
605 1832 780 1903 ipsum
828 1831 990 1886 simul
1035 1845 1162 1886 cum
1209 1832 1407 1888 Oresio
1450 1845 1676 1905 Operam
1729 1835 1942 1904 darem,
1975 1854 2095 1895 cum

503 1933 656 1993 grata
689 1923 920 1993 quadam
965 1923 1360 1980 beneﬁciorum
1391 1932 1608 1982 tuorum
1648 1928 1699 1982 in
1725 1943 1811 1984 me
1842 1932 2099 1988 recorda-

499 2016 651 2070 tione
676 2014 938 2086 spectavi,
965 2030 1063 2071 nec
1086 2015 1137 2070 id
1160 2016 1278 2072 sine
1299 2031 1460 2072 causa
1487 2034 1500 2072 :
1525 2018 1581 2074 Si
1605 2020 1751 2075 enim
1773 2023 1842 2075 ab
1865 2037 1931 2077 eo
1959 2034 2095 2079 tem-

500 2121 654 2178 pore,
697 2121 805 2177 quo
847 2122 935 2162 me
966 2108 1197 2177 primum
1249 2110 1570 2179 complexus
1612 2127 1692 2180 es,
1729 2114 1826 2168 tibi
1874 2117 2052 2171 omnia
2079 2157 2095 2182 ,

497 2216 620 2270 qua:
641 2215 669 2254 a
697 2215 785 2254 me
812 2200 1309 2270 proﬁciscerentur,
1343 2203 1532 2260 deberi
1559 2207 1746 2272 statui,
1771 2221 1976 2280 quanto
2004 2225 2098 2265 cu-

498 2294 756 2350 mulatior
797 2309 943 2350 nunc
980 2308 1065 2350 ea-
1095 2296 1347 2354 voluntas
1391 2312 1512 2355 esse
1553 2299 1739 2369 debet,
1809 2315 2093 2376 postquam

494 2385 666 2440 tilium
697 2401 876 2442 meum
901 2402 931 2441 a
957 2397 1309 2443 sacrosancto
1333 2389 1659 2460 baptismate
1681 2395 1961 2466 suscipere
1988 2412 2098 2453 ma-

492 2476 638 2532 xima
667 2477 1068 2534 benevolentiae
1096 2480 1498 2550 signiﬁcatione
1527 2483 1788 2542 voluisti?
1816 2488 1968 2557 Quod
2002 2506 2097 2544 ne-

493 2567 851 2626 cessitudinis
871 2569 1171 2636 vinculum.
1200 2573 1418 2642 quando
1440 2572 1728 2630 Justiniaui
1753 2577 2096 2648 imperatoris

493 2662 780 2719 sanctione
805 2664 1169 2722 arctissimum
1195 2665 1446 2735 habetur,
1469 2683 1572 2739 ego
1600 2670 1696 2726 ilio
1717 2674 2092 2740 gravissimum

493 2768 637 2812 Onus
697 2756 1063 2813 observantia:
1111 2758 1242 2814 mihi
1305 2760 1619 2831 impositum
1662 2774 1864 2820 statuo.
1923 2767 2094 2837 Cujus

491 2857 689 2905 testem
717 2847 972 2908 Orosium
1005 2850 1109 2907 hoc
1140 2858 1390 2922 tempore
1417 2853 1484 2908 ad
1517 2865 1568 2910 te
1599 2855 1799 2912 mitto:
1841 2874 2000 2926 quem
2036 2860 2093 2916 in

493 2949 586 2998 tuo
613 2942 832 2998 nomine
858 2943 1057 2998 merito
1081 2958 1346 3014 apparere
1371 2945 1648 3017 existimo,
1693 2949 1839 3020 quod
1875 2960 1952 3017 tu,
1985 2953 2080 3023 qtti

495 3051 770 3092 summam
800 3035 958 3094 istam
990 3037 1359 3108 prudentiam,
1395 3055 1499 3111 qua
1530 3039 1584 3096 iu
1615 3041 1886 3100 altissimo
1911 3045 2093 3116 digni-

2285 421 2401 498 lfion
2427 421 2628 498 tamen
2643 436 2840 498 exutus
2869 425 3120 482 sordibus
3149 428 3266 498 ipse
3293 427 3411 494 iuit,

2211 489 2320 576 Sed
2357 496 2520 576 veluti
2551 497 2750 576 malum
2777 489 3292 576 roseo_plerumque
3319 489 3516 576 colore,

2286 563 2508 621 Brachia
2535 566 2678 637 quod
2709 569 2900 622 matris
2925 563 3133 626 deserit
3160 563 3285 625 ante
3313 569 3471 634 diem,

2210 635 2324 714 Qua
2349 635 2602 705 coquitur
2624 639 2828 693 Pbmlm
2844 641 3003 714 cutis
3025 642 3183 697 alma:
3207 642 3400 712 linquit
3421 642 3685 714 honorem,

2281 708 2648 783 Cmterapars
2687 713 2853 766 veteri
2887 713 3044 783 plena
3078 714 3265 782 vigore
3292 708 3503 771 t'uanet:

2211 777 2448 854 Sichinc
2479 780 2727 854 Orosium
2757 777 2955 837 inultus
2986 777 3313 842 labefecerat
3339 800 3508 854 error,

2283 850 2433 906 lliiuc
2473 867 2502 906 a
2533 853 2759 907 maculis
2787 855 3160 911 scmirefcctus
3187 865 3323 911 erat.

2211 919 2595 1002 Euntibiuunc
2627 924 2805 1002 posito
2838 927 3016 1002 labum
3046 928 3321 1002 squalore,
3344 929 3568 1002 situque,

2284 992 2522 1050 Fabricii
2553 996 2712 1050 tlocto
2739 997 2880 1056 fetus
2914 992 3120 1056 honore
3145 992 3315 1056 venit.

2207 1063 2261 1118 Si
2286 1076 2526 1144 possunt
2556 1065 2780 1144 veteres
2798 1069 3044 1144 aliquem
3072 1073 3342 1130 meruisse
3369 1071 3634 1144 favorem,

2332 1080 2526 1122 essunt.
2561 1080 2780 1124 veteres
2811 1080 3044 1137 aliquem
3072 1087 3342 1130 meruisse
3369 1080 3517 1132 favor

2280 1080 2378 1203 δή
2416 1144 2593 1192 tamen
2617 1136 2860 1194 illSitti‘itu
2893 1143 3106 1197 vincula
3134 1158 3277 1208 Sil'ilc
3309 1145 3520 1202 levant:

2207 1206 2323 1286 Non
2359 1209 2537 1277 placet
2565 1209 2790 1286 Orosius
2819 1211 2944 1286 litua
2971 1213 3078 1286 jam
3105 1206 3323 1270 vindice
3349 1231 3522 1286 rasus,

2278 1278 2376 1344 Qui
2401 1296 2497 1334 sua
2530 1297 2626 1351 pro
2649 1279 2864 1337 Chrism
2892 1278 3108 1339 fortiter
3135 1299 3282 1340 arma
3317 1286 3472 1342 tulit?

2207 1349 2340 1428 Nam
2371 1349 2541 1428 simul
2561 1368 2624 1408 ac
2652 1351 2856 1428 flueret
2875 1353 3121 1428 Romana
3150 1361 3390 1428 potentia
3419 1368 3590 1426 retro,

2277 1421 2547 1506 Plehsque
2577 1425 2700 1508 mali
2727 1423 3010 1507 Christum
3036 1421 3241 1508 diceret
3270 1445 3392 1508 esse
3423 1421 3605 1508 caput,

2205 1491 2405 1548 Texuit
2431 1491 2657 1550 annales
2685 1509 2713 1550 a
2745 1500 2917 1564 primo
2940 1497 3148 1552 semine
3178 1501 3394 1566 mundi,

2279 1565 2508 1646 Semper
2535 1565 2766 1646 humum
2778 1578 3090 1646 maristrans
3107 1571 3355 1646 cladibus
3377 1565 3496 1630 esse
3521 1585 3756 1646 gravem:

2205 1637 2377 1713 Ac_ut
2403 1637 2642 1713 dilueret
2665 1640 2846 1698 stolidi
2880 1643 3159 1699 mendacia
3182 1643 3349 1713 vulgi,

2280 1707 2414 1787 Qua;
2441 1705 2642 1787 Christi
2675 1718 2927 1787 poterant
2952 1705 3313 1787 obtencbrare
3334 1705 3520 1787 'jubar,

2277 1779 2470 1857 ριιξιιίι.Δ
2504 1779 2889 1857 m_ira_fraudes
2916 1783 3182 1841 brevitate
3213 1779 3468 1842 refellens
3489 1832 3503 1857 ,

2276 1849 2505 1907 Romula
2537 1853 2902 1927 Oliristiatium
2930 1865 3142 1927 sceptra
3176 1859 3355 1914 virere
3384 1849 3506 1915 ﬁde'.

2205 1923 2339 2001 lliuc
2370 1940 2470 1979 nos
2496 1925 2586 1995 qui
2621 1925 2850 2001 tegimur
2873 1923 3039 2001 densa
3064 1943 3164 1984 ceu
3195 1931 3336 2000 nube
3363 1929 3636 2001 dolorum,

2276 1995 2504 2070 Setupcr
2533 1999 2874 2070 Cl‘a'l‘ttillills
2902 1999 3054 2054 turba
3083 1995 3531 2070 septtlta'sumus,

2203 2062 2566 2143 Inpia-istum
2601 2067 2832 2143 fugimus
2857 2085 3053 2143 causas
3077 2062 3329 2143 torquere
3359 2062 3636 2142 malorum,

2275 2135 2627 2215 Discimus_et
2655 2135 3031 2215 cladesferre,
3058 2135 3262 2212 subire,
3301 2149 3432 2215 pati.

2202 2206 2345 2290 Ergo
2360 2223 2502 2290 cape
2533 2210 2785 2290 Orosinm
2813 2212 2931 2268 vitii
2959 2206 3029 2270 de
3062 2206 3280 2284 pulvere
3301 2206 3540 2290 raptum,

2271 2277 2326 2334 Si
2355 2287 2406 2334 te
2434 2296 2591 2350 parva
2617 2284 2691 2338 tui
2725 2292 2947 2354 tangere
2967 2277 3094 2341 cura
3124 2297 3327 2356 potest.

2200 2348 2519 2432 Nonvanus
2546 2357 2716 2432 pariet
2745 2348 2844 2432 tibi
2879 2357 3033 2432 taedia
3067 2348 3248 2416 sermo
3291 2361 3540 2432 legendi,

2273 2420 2484 2493 Eloqnii
2517 2420 2688 2479 currit
2710 2430 2877 2494 gratia
2909 2429 3030 2483 viva
3055 2433 3158 2484 sui.

2197 2489 2316 2576 Non
2343 2489 2752 2576 ιθίιιιιιιεξιγι-ιιιῇΔ
2766 2498 2879 2576 jam
2911 2501 3064 2557 triste
3098 2503 3400 2576 morabitur
3428 2517 3633 2576 agmen,

2267 2565 2506 2644 Quorum
2541 2565 2782 2644 Fabricii
2804 2586 3026 2627 munere
3061 2573 3237 2640 prodit
3261 2590 3454 2644 egens.

2195 2632 2253 2691 Si
2272 2651 2382 2718 qua
2412 2638 2748 2718 videbuntur
2778 2645 2938 2718 circis
2969 2632 3216 2718 immersa
3245 2632 3506 2718 tenebris,

2267 2707 2615 2784 Qmenequit
2644 2709 2844 2782 ingenii
2873 2724 3065 2784 captus
3104 2716 3241 2771 inire
3267 2721 3339 2772 tui
3373 2735 3387 2772 :

2196 2776 2328 2853 Haec
2363 2779 2477 2853 ιιιιι
2501 2776 2782 2853 ϐγιιιιιιιέἱί
2817 2785 2903 2838 lux
2939 2776 3302 2843 illustris-ima
3331 2791 3504 2847 nostri

2271 2848 2595 2908 Frauciscus
2623 2854 2817 2910 scitulii
2851 2857 2998 2912 clara
3033 2858 3209 2916 nitore
3233 2857 3386 2916 facit.

2196 2917 2477 3016 inquibus
2507 2933 2570 3016 ut)
2590 2928 2838 2994 sequitur
2869 2939 3112 3016 veterum
3146 2934 3481 3016 menimenta
3505 2939 3761 3016 virorum,

2269 2992 2359 3048 Sic
2389 2993 2509 3049 loca
2539 2996 2605 3052 de
2637 2992 2818 3054 rerum
2853 3001 3036 3055 nubila
3071 3011 3228 3057 nocte
3259 2992 3446 3066 trahit.

2198 3060 2434 3152 Cuﬁrtibi
2467 3068 2512 3120 si
2543 3070 2752 3152 possint
2785 3071 2944 3152 lutjus
2985 3073 3252 3142 placuisse
3283 3060 3524 3152 labores,

496 3127 624 3183 tatis
655 3128 826 3199 gradu
858 3127 1087 3198 positus,
1123 3129 1313 3198 patriai
1359 3132 1740 3203 tranquillitati
1782 3135 1919 3192 bene
1959 3153 2090 3195 con-
2119 3129 2164 3193 C
2202 3205 2228 3209 η
2270 3136 2335 3190 Ει
2363 3127 2560 3209 sensus
2596 3141 2818 3209 dempto
2847 3127 2955 3198 ﬁne
2986 3127 3396 3206 amicam};

497 3222 632 3278 sutis
657 3231 712 3276 et
737 3220 1018 3290 praesides,
1055 3230 1105 3276 te
1131 3221 1493 3284 ilistoriarum
1523 3225 1840 3296 cognitione
1865 3243 1892 3283 a
1919 3230 2091 3300 prima

495 3321 660 3368 {etate
703 3312 1013 3378 inchoasse,
1059 3312 1286 3382 aluisse,
1333 3315 1586 3384 auxisse,
1631 3333 1695 3374 ac
1727 3321 2086 3380 conﬁrmasse

496 3402 818 3472 meministi,
861 3421 928 3461 ne
956 3421 1101 3462 nunc
1131 3406 1373 3477 quidem,
1427 3423 1550 3465 cum
1591 3425 1688 3481 per
1731 3414 2089 3483 gravissimas

491 3497 651 3568 Reip.
676 3499 1065 3568 occupationes
1091 3499 1241 3568 licet,
1269 3500 1651 3561 historicorum
1684 3506 1974 3565 lectionem
2006 3526 2090 3566 re-

488 3592 680 3662 fugere
707 3591 1076 3650 consuevisti:
1105 3593 1248 3662 quod
1276 3609 1402 3652 cum
1437 3612 1544 3652 non
1571 3602 1960 3671 cognoscendi,
1991 3605 2088 3662 sed

491 3672 768 3741 recolendi
801 3683 973 3754 gratia
1019 3683 1210 3754 facias,
1262 3688 1398 3746 nulli
1429 3693 1770 3750 commodius
1802 3695 2085 3767 leguntur,

489 3791 654 3847 quam
695 3776 785 3847 qui
815 3779 866 3833 ἐν
887 3779 1104 3854 ἐπιτομῇ
1136 3794 1224 3834 res
1251 3789 1434 3850 gestas
1461 3785 1735 3842 clarorum
1761 3785 2002 3846 virorum
2025 3807 2089 3846 ac

492 3867 818 3938 populorum
849 3869 1213 3940 scripserunt.
1247 3871 1304 3927 id
1339 3888 1468 3929 vero
1487 3889 1608 3931 cum
1637 3877 1863 3935 Orosius
1881 3883 2090 3952 gravis-

490 3960 754 4016 simorum
779 3960 1018 4017 virorum
1048 3964 1362 4021 testimonio
1381 3983 1593 4026 summa
1623 3969 1726 4027 ﬁde
1749 3975 2084 4042 prmstitcrit,

492 4067 631 4123 opus
661 4067 784 4108 esse
815 4069 921 4109 non
959 4055 1222 4121 arbitror,
1257 4067 1316 4113 ut
1356 4058 1458 4114 hoc
1489 4061 1736 4132 pluribus
1783 4065 1968 4124 verbis
2001 4067 2088 4125 hic

491 4135 864 4202 demonstrem
900 4164 911 4200 :
948 4162 1049 4204 nec
1088 4147 1298 4214 dubito,
1343 4153 1472 4221 quin
1516 4155 1610 4210 tibi
1651 4158 1782 4213 satis
1809 4174 2087 4218 commeo-

491 4237 653 4292 datus
682 4238 755 4293 sit
780 4239 847 4308 is,
883 4241 973 4310 qui
1001 4240 1292 4298 Historiam
1330 4245 1400 4300 ab
1429 4246 1585 4302 initio
1613 4252 1799 4306 mundi
1828 4270 2082 4326 exorsus,

489 4329 556 4382 ad
597 4343 692 4383 sua
727 4338 973 4400 tempora
1005 4349 1100 4404 per
1129 4336 1370 4407 quinque
1420 4340 1590 4397 millia
1619 4359 1888 4403 annorum
1922 4365 2084 4420 supra

490 4435 556 4476 nc
585 4421 697 4478 fere
729 4422 956 4480 deduxit
987 4445 1000 4481 :
1030 4427 1246 4483 confido
1280 4433 1442 4487 etiam
1473 4443 1527 4489 te
1551 4447 1799 4494 nostrum
1835 4443 2081 4499 laborem

489 4516 926 4588 approbaturum
955 4539 965 4572 :
999 4520 1167 4589 unde,
1207 4533 1262 4578 ut
1305 4524 1627 4586 Timanthes
1658 4511 2083 4602 Agamemnonis

487 4607 760 4679 dolorem,
800 4612 880 4668 sic
921 4628 1022 4668 nos
1062 4629 1308 4672 amorem
1337 4626 1394 4674 ct
1417 4621 1826 4682 observantiam
1859 4644 1988 4700 erga
2032 4642 2086 4688 tc

489 4710 733 4757 nostram
781 4705 1156 4763 aestimandam
1206 4709 1588 4784 relinquimus.
1636 4716 1914 4778 Christum
1955 4724 2079 4792 Opt.

490 4796 635 4854 Max.
678 4813 989 4867 precamur,
1035 4811 1094 4862 ut
1124 4811 1178 4859 te
1203 4806 1415 4875 patrim,
1464 4808 1726 4882 nobisque
1751 4814 1842 4872 diu
1876 4817 2082 4876 incolu-

490 4903 633 4944 mem
656 4903 969 4949 conservet.
990 4891 1142 4964 Vale,
1177 4906 1404 4966 patrone
1433 4899 1564 4960 mihi
1596 4901 1650 4959 in
1679 4907 1870 4976 primis
1893 4909 2080 4968 obser-

481 4981 676 5039 vaude.
721 4984 1118 5060 Dusseldorpii,
1169 4994 1434 5062 postridie
1482 4995 1606 5055 idus
1644 4998 1802 5058 Mart.
1839 5006 1997 5062 Anno
2043 5022 2073 5064 a

480 5071 703 5132 CitriSto
725 5087 856 5132 nato
881 5079 1040 5136 1561.

1012 5172 1106 5228 AD
1146 5173 1539 5250 Lecroaen,

719 5277 985 5322 PROLOGUS
1007 5280 1156 5324 ιωιι.
1191 5285 1499 5332 ιιυιιειιοιωι
1528 5289 1808 5338 praetrem.

475 5374 534 5432 Si
549 5375 709 5462 juvat
737 5368 1229 5462 catt-emascriptis
1255 5387 1324 5442 ab
1352 5390 1569 5462 origine
1596 5398 1784 5453 mundi

547 5448 768 5529 [flauius
795 5452 1060 5529 historiis,
1093 5448 1267 5513 lector
1293 5448 1491 5529 amice,
1522 5448 1668 5522 fruit

470 5517 618 5617 Qlili‘t-l'
639 5522 882 5617 nit-niser
1200 5517 1461 5617 mutilata
1477 5517 1986 5617 volum‘inaApendes
2005 5589 2020 5617 ,

538 5590 975 5668 Qttzeneqttcuttt
1004 5596 1112 5650 ulla
1147 5609 1301 5668 parte
1327 5601 1513 5659 levare
1539 5590 1780 5666 famem?

469 5659 724 5749 Ethl't‘tlil
752 5659 1201 5749 Orosius-tenues
1229 5675 1463 5749 emissus
1497 5677 1548 5730 in
1573 5659 1765 5749 auras,

548 5731 776 5791 Lumine
810 5735 1086 5797 Francisci
1116 5742 1486 5812 Splendidiore
1513 5731 1716 5808 nitens".

2192 3205 2370 3292 θνρεῙί
2403 3225 2626 3292 sumas,
2657 3205 3119 3292 lectorstudiose,
3153 3205 3402 3292 libellos,

2263 3279 2410 3346 Quos
2441 3280 2548 3337 fert
2575 3281 2662 3339 hic
2690 3283 2873 3341 studio
2902 3279 3248 3356 gratificautc
3277 3279 3396 3348 tibi:

2813 3391 3173 3493 EPISTOLA,

2191 3543 2316 3585 ANB.
2349 3545 2625 3589 SCIIOT'I'US
2654 3551 2922 3594 ANTUEBP.
2963 3553 3007 3594 8.
3053 3556 3090 3596 ι.
3134 3557 3308 3599 ητιιο
3334 3559 3599 3617 εποιιηο,
3623 3563 3766 3605 ΠΡΟ·

2368 3619 2577 3662 ϐΙΙΔΡΠΟ
2603 3622 2844 3665 COLONIAE
2872 3627 3186 3682 ΑϐΒΙΡΡΙΝΛΕ,
3218 3632 3270 3672 ΙΝ
3297 3633 3461 3686 UBIIS,
3488 3636 3606 3678 9η.
3627 3694 3636 3700 _

2258 3717 2360 3786 Qui
2393 3718 2462 3775 de
2492 3719 2719 3793 legenda
2750 3724 2998 3794 historia,
3029 3728 3309 3787 hominum
3342 3734 3474 3791 vita:
3504 3736 3656 3807 longe
3677 3734 3769 3790 uti~

2189 3807 2418 3879 lissima,
2447 3823 2633 3884 utpote
2657 3831 2865 3872 morum
2893 3821 3169 3890 magistra,
3196 3836 3470 3898 praecepta
3501 3837 3767 3898 parentum

2189 3906 2468 3962 memoria:
2491 3909 2855 3981 tradiderunt,
2883 3913 2917 3968 ii
2946 3913 3062 3972 fere
3082 3915 3152 3970 ab
3174 3919 3434 3989 epitomis
3461 3929 3620 3993 atque
3642 3937 3771 3976 cont-

2191 3996 2402 4066 pendiis
2430 3999 2796 4058 inchOandum
2821 4019 2960 4074 esse,
2988 4009 3326 4066 commodius
3358 4014 3607 4070 arbitrati
3636 4021 3769 4079 sunt,

2187 4088 2601 4165 ducendamque
2647 4106 2876 4153 censent
2931 4099 3170 4171 initium,
3216 4104 3299 4159 vel
3342 4119 3374 4160 ιι
3423 4106 3488 4163 L.
3539 4106 3767 4162 Floroin

2186 4181 2344 4238 Rom.
2376 4186 2637 4258 ilistoria,
2671 4192 2757 4246 vel
2798 4207 2828 4248 a
2856 4193 3126 4265 scriptore
3155 4196 3224 4254 de
3267 4198 3411 4256 Viris
3443 4199 3767 4264 illustribus;

2190 4277 2274 4331 vel
2305 4276 2544 4350 denique
2583 4281 2638 4337 in
2684 4282 2874 4341 Graeca
2925 4286 3228 4360 Latineque
3271 4290 3509 4349 historia
3557 4294 3625 4348 ab
3675 4293 3766 4346 hoc

2189 4367 2363 4426 Paulo
2397 4372 2587 4430 Orosio
2626 4380 3018 4448 auspicandum
3061 4385 3398 4457 existimant,
3444 4389 3774 4462 gradumque

2188 4465 2444 4533 paulatim
2475 4467 2779 4527 faciendum
2810 4476 2877 4529 ad
2901 4489 3083 4534 vastos
3111 4478 3235 4536 illos
3266 4481 3588 4548 historicos,
3619 4484 3774 4554 majo-

2188 4573 2306 4613 rum
2342 4561 2584 4631 gentium
2619 4564 2876 4622 Romana!
2905 4570 3062 4641 Reip.
3094 4573 3418 4645 scriptores,
3451 4579 3517 4634 Τ.
3555 4578 3770 4642 Livium,

2186 4653 2504 4747 Dionysium
2529 4659 3024 4737 l-lalicarnasseum,
3053 4668 3428 4741 Plutarchum,
3453 4674 3770 4747 Appianum,

2186 4746 2434 4839 Dionem,
2467 4751 2770 4826 Polybium,
2804 4771 2866 4814 ac
2887 4770 3138 4820 czeteros.
3178 4765 3253 4821 De
3284 4767 3557 4839 Epitomis
3592 4769 3654 4826 L.
3685 4770 3772 4826 Ιιιι-

2185 4838 2316 4895 lium
2360 4841 2611 4912 Florum,
2659 4847 2772 4905 sive
2809 4849 2855 4906 is
2886 4851 2948 4907 L.
2990 4854 3183 4912 Annaei
3233 4838 3463 4916 Senecas
3502 4861 3656 4917 labor
3697 4868 3773 4916 est

2185 4932 2275 5003 (ut
2309 4933 2536 4992 Vinetus
2567 4947 2738 5007 putat,
2759 4950 2814 4998 et
2837 4944 3173 5003 membrana:
3195 4963 3393 5010 nomen
3419 4951 3557 5007 illud
3583 4950 3772 5023 prtefe-

2183 5026 2355 5099 runt),
2387 5029 2676 5088 doctorum
2701 5032 2979 5093 hominum
2998 5042 3380 5099 commentarii
3412 5045 3773 5107 iliusnarunt,

2178 5120 2406 5178 Joannis
2432 5121 2722 5193 (iatnertis,
2759 5129 2891 5184 tiliae
2930 5130 3131 5200 Vineti,
3159 5133 3246 5190 Jo.
3281 5136 3492 5202 Stadii,
3529 5137 3772 5203 Gruteri,

2181 5210 2474 5284 Electaque
2501 5215 2639 5272 Justi
2691 5218 2858 5288 Lipsii
2893 5221 2958 5277 V.
2987 5223 3050 5278 C.
3097 5224 3154 5280 in
3201 5237 3480 5285 auctorem
3526 5229 3597 5286 de
3642 5228 3772 5285 Viris

2180 5307 2493 5367 lllustribus
2523 5312 2674 5368 urbis
2716 5313 2936 5386 Romae,
2991 5307 3290 5393 utcumque
3337 5332 3601 5382 notarunt
3648 5324 3770 5379 olim

2178 5399 2492 5457 θοιηίιιίςιιι
2535 5400 2914 5475 Maeliana-us,
2957 5409 3244 5484 Philippus
3273 5415 3618 5475 Puneherius
3643 5416 3771 5473 etin

2168 5489 2462 5548 Germania
2505 5494 2883 5568 Lycostbcnes
2921 5518 2936 5558 :
2983 5518 3085 5560 nos
3114 5505 3353 5578 denique
3381 5509 3544 5566 Corn.
3589 5509 3771 5582 Nepoti

2168 5597 2388 5640 manum
2431 5585 2767 5659 addidimus,
2811 5595 3084 5652 voluimus
3123 5601 3341 5671 quidem
3385 5611 3572 5669 certe,
3617 5603 3770 5656 ador-

2167 5676 2370 5734 nando.
2407 5678 2466 5735 In
2501 5681 2746 5738 Orosium
2791 5701 2942 5756 vero,
2976 5680 3138 5768 quem
3163 5692 3276 5762 jam
3306 5703 3560 5764 quartum
3591 5703 3681 5748 aut
3709 5709 3769 5749 eo

2163 5771 2418 5843 amplius,
2447 5775 2650 5847 optimc
2677 5775 2931 5853 Cboline,
2965 5783 3070 5844 tuis
3099 5786 3245 5860 typis
3274 5788 3552 5848 excudere
3581 5803 3766 5862 paras,
