4062 6340
282 229 386 289 653

1141 235 1419 298 NOTITIA
1471 239 1842 299 GALLANDH
1886 240 1962 300 IN
2000 241 2284 304 PAULUM
2321 247 2654 308 OROSIUM.

3477 260 3584 318 654

282 353 341 399 ιιι
368 344 501 402 mihi
532 359 629 418 per
657 348 946 419 epistolam
979 351 1176 425 Myllus
1202 365 1391 412 noster
1417 357 1768 428 signiﬁcavit,
1797 359 1869 415 ita
1897 361 1955 424 Α
1981 359 2152 418 Orosii
2215 365 2449 423 Ilistoria
2507 367 2768 439 inscripta
2820 366 2987 427 fuerit
3057 369 3292 428 Ormesia
3343 375 3528 430 mundi
3563 392 3582 431 :

284 449 365 497 est
386 456 415 496 a
445 441 642 499 Franc.
672 443 946 513 Fabricio,
975 445 1197 505 homine
1219 449 1610 518 eruditissimo,
1639 452 1881 509 illustra-

287 542 368 588 tus
395 532 835 604 Commentario,
870 547 929 595 ut
961 555 1066 595 non
1113 542 1274 597 modo
1316 543 1482 599 Paulo
1519 543 1750 614 Oresio,
1783 547 1878 604 sed

286 629 541 686 Historia:
567 630 708 688 adeo
739 635 1007 690 universa:
1033 635 1375 705 Graecorum,
1398 637 1881 712 Romanorumque

289 723 465 780 lucem
501 728 808 794 praetulisse
839 729 1110 788 videatur.
1141 733 1251 789 Eos
1285 743 1462 791 tamen
1494 735 1661 792 libros
1689 752 1761 792 vn
1781 735 1880 792 de-

289 833 393 872 nuo
425 817 489 870 ad
520 818 866 876 membranas
897 828 1020 877 tuas
1042 831 1097 878 ct
1125 821 1538 882 Coloniensium
1577 827 1880 885 Ludovicus

289 909 511 966 Lautius
540 911 703 984 Belga
731 912 864 969 olim
887 915 1139 971 contulit.
1163 915 1309 984 Quas
1336 916 1508 975 Notas
1539 928 1632 975 tuo
1662 921 1881 991 potissi-

287 1018 436 1057 mum
464 1012 654 1073 rogatu
684 1007 954 1074 recensui,
999 1017 1055 1064 et
1083 1024 1330 1080 magnam
1377 1020 1584 1081 partem
1628 1023 1881 1070 constare

286 1093 526 1166 comperi
556 1095 791 1154 Fabricii
817 1097 993 1167 Notis,
1016 1116 1150 1172 quas
1173 1101 1380 1159 idcirco
1405 1104 1708 1175 scgregavi,
1735 1119 1804 1161 ne
1826 1114 1882 1162 et

285 1187 370 1246 bis
416 1188 606 1245 eadem
652 1189 824 1248 lector
863 1207 988 1247 cum
1028 1192 1190 1249 taedio
1239 1194 1421 1266 legere
1464 1207 1784 1267 cogeretur;
1825 1209 1881 1257 et

285 1282 476 1338 alienis
533 1292 725 1339 ornata
791 1284 1307 1354 pennis'rEsotiica
1369 1289 1644 1345 cornicula
1710 1290 1878 1346 risum

284 1385 548 1443 moveret,
577 1377 675 1433 sed
701 1379 923 1450 propria
947 1379 1025 1436 illi
1051 1381 1296 1450 attribui,
1322 1382 1586 1454 mittoque
1604 1382 1672 1439 ad
1695 1391 1770 1450 te,
1799 1391 1879 1452 ut,

282 1471 326 1526 si
355 1470 646 1539 videbitur,
671 1472 895 1545 reliquis
909 1473 1192 1547 adjungas,
1215 1489 1338 1532 cum
1360 1478 1676 1536 accessione
1697 1477 1881 1550 aliqua

281 1565 544 1623 variantis
595 1567 900 1638 scripturae.
926 1568 1070 1625 Nam
1107 1586 1246 1640 qua),
1271 1585 1372 1627 nos
1407 1571 1585 1628 obiter
1627 1571 1878 1642 legendo,

279 1669 440 1730 atque
468 1659 818 1717 emendando
844 1661 909 1717 ad
928 1676 1081 1718 oram
1113 1665 1487 1736 ascripsimus,
1518 1666 1647 1722 dum
1686 1665 1878 1722 Fustos

1984 455 2198 524 vitiose,
2222 469 2278 513 ut
2300 459 2552 528 equidem
2575 461 2834 529 arbitror,
2854 477 2919 521 ac
2941 464 3165 521 Barbari
3185 465 3370 522 saeculi
3396 468 3582 538 culpa,

1985 566 2108 607 cum
2139 567 2244 607 nou
2277 553 2487 610 Graeca:
2518 555 2680 611 modo
2712 557 2942 626 litteras,
2969 555 3066 614 sed
3097 567 3155 614 et
3182 557 3424 626 Latinae.
3449 573 3581 628 per-

1984 659 2276 714 paucorum
2303 647 2583 703 hominum
2609 658 2830 717 essent,
2851 650 3134 721 jaeerent,
3162 667 3228 708 ac
3260 661 3422 707 muta:
3454 665 3587 708 con-

1987 736 2325 794 ticescerent.
2362 737 2692 796 Orchestram
2732 743 2876 798 enim
2924 743 3331 799 inscribendum
3380 745 3581 815 potius,

1984 830 2480 902 nominandumque
2533 833 2744 902 primus
2812 833 2950 889 vidit
3021 835 3373 890 doctissimus
3440 835 3586 892 idem

1984 923 2209 995 Pighius
2233 925 2284 980 in
2317 925 2547 982 Hercule
2575 927 2851 994 Prodicio,
2876 928 2967 999 qui
3004 929 3146 984 liber
3167 937 3253 984 est
3281 928 3350 984 de
3377 929 3583 998 optima

1985 1014 2255 1088 Principis
2282 1018 2620 1075 institutione
2648 1027 2702 1075 et
2729 1019 2834 1075 iter
2860 1019 3108 1076 continet
3126 1020 3356 1076 Romam
3392 1035 3584 1077 versus

1985 1107 2162 1164 Caroli
2204 1109 2360 1166 ducis
2408 1111 2598 1167 (Silvia:
2647 1127 2712 1169 ac
2759 1112 2916 1169 Julia;
2964 1111 3086 1180 lilii,
3139 1129 3284 1170 anno
3332 1115 3583 1170 saeculari

1982 1217 2142 1258 sacro
2179 1204 2337 1270 1575,
2386 1219 2493 1276 quo
2534 1218 2677 1261 anno
2724 1206 2777 1260 in
2827 1206 3115 1277 complexu
3167 1206 3417 1278 Gregorii
3463 1207 3586 1264 XIII

1983 1293 2174 1351 Romae
2203 1295 2452 1367 princeps
2488 1296 2578 1352 ille
2613 1312 2842 1354 summa:
2867 1299 2982 1370 spei
3022 1301 3352 1371 exspiravit,
3381 1299 3576 1358 condi-

1985 1397 2179 1460 tnsque
2214 1389 2361 1460 jacet
2402 1390 2454 1445 in
2481 1389 2599 1445 mde
2624 1389 2690 1445 Β.
2723 1389 2913 1447 Maria:
2937 1391 3252 1448 Animarum
3275 1434 3290 1460 ,
3331 1395 3582 1464 proxime

1984 1481 2052 1538 sd
2085 1482 2351 1538 tumulum
2389 1480 2614 1538 Adriani
2651 1481 2719 1539 Vl
2753 1483 2930 1554 Belga:
2969 1483 3127 1539 Pont.
3156 1485 3302 1540 Max.
3339 1484 3446 1542 Sed
3477 1500 3580 1540 cur

1989 1575 2290 1642 Orchestra,
2321 1576 2568 1648 inquies?
2595 1579 2676 1632 An
2717 1579 2842 1649 quia
2873 1576 3043 1633 veluti
3086 1577 3358 1634 theatrum
3392 1593 3577 1634 rerum

1984 1677 2260 1740 gestarum
2284 1668 2678 1739 repraesentat?
2703 1683 2772 1724 an
2797 1669 2924 1740 quia
2948 1683 2978 1724 a
2998 1669 3183 1724 mundi
3205 1668 3576 1739 descriptione

278 1751 717 1822 Ilagistratuum,
749 1754 1098 1825 Annalesque
1146 1755 1304 1812 liom.
1338 1757 1580 1828 integros
1612 1758 1876 1829 Stephani
1975 1763 2232 1821 orditur?
2259 1763 2398 1831 Quid
2421 1773 2599 1820 autem
2631 1762 2908 1818 Orchestra
2929 1764 3024 1829 sit,
3067 1764 3121 1818 in
3160 1761 3576 1832 Amphitheatre

282 1844 509 1901 Vinandi
540 1845 715 1917 Pighii
746 1848 886 1919 typis
927 1847 1138 1906 edimus
1185 1849 1565 1916 Plantinianis,
1611 1866 1706 1907 eas
1735 1852 1874 1923 :rqni

1982 1870 2083 1912 suo
2123 1855 2286 1912 docet
2312 1854 2530 1926 Lipsius
2572 1864 2760 1912 noster
2797 1871 2920 1927 cap.
2965 1857 3034 1912 14
3061 1865 3117 1912 et
3144 1856 3197 1910 in
3225 1856 3579 1912 Onomastico

277 1935 512 2008 bonique
533 1947 589 1992 ut
617 1937 808 2006 facias,
839 1939 1103 2012 majorem
1134 1943 1186 1998 in
1217 1945 1436 1999 modum
1479 1960 1613 2016 rogo
1653 1922 1871 2016 quaeso-
1905 1922 1954 1983 Β
1977 1949 2156 2006 Julius
2178 1922 2494 2007 Polluxtlib.
2518 1963 2570 2006 tv
2594 1963 2717 2020 cap.
2740 1949 2828 2007 I9.
2847 1922 2998 2018 vale,
3025 1951 3096 2004 mi
3119 1949 3372 2014 Gholinc,
3397 1958 3454 2005 et
3473 1947 3575 2004 hac

276 2044 400 2099 que.
431 2028 570 2085 Illud
600 2029 821 2087 interim
850 2034 1128 2092 coronidis
1164 2035 1283 2092 vice
1310 2037 1697 2110 adjungemns,
1724 2041 1870 2108 quod

277 2121 500 2178 istorum
550 2125 756 2182 nemini
804 2127 861 2182 in
907 2137 1152 2186 mentem
1201 2131 1385 2199 venit,
1429 2147 1530 2189 cur
1577 2133 1694 2191 haec
1737 2134 1867 2192 olim

1981 2052 2162 2102 nostra
2213 2044 2265 2098 in
2318 2042 2570 2100 Orosium
2628 2042 2812 2100 fruere
2859 2044 3242 2115 qualicumque
3283 2043 3569 2100 industria.

1977 2135 2295 2206 Antucrpite
2325 2133 2485 2190 1614.

280 2290 3561 2324 _______________________________________________________

587 2414 1070 2504 NOTITIA
1138 2421 1786 2509 .GALLANDII
1859 2422 1882 2504 ]

2059 2417 2565 2504 PAULUM
2641 2416 3230 2507 OROSIUM.

1709 2591 2128 2604 ———-

351 2661 554 2721 Pautus
596 2665 815 2722 Orosius
847 2657 1140 2740 presbyter
1166 2710 1184 2738 ,
1235 2669 1459 2729 natione
1505 2671 1781 2746 Ilispanus
1821 2683 1876 2729 et

281 2758 418 2813 civis
447 2757 919 2829 Tarraconensis,
963 2760 1156 2816 claruit
1193 2772 1422 2819 extremo
1472 2782 1603 2836 pene
1646 2765 1874 2822 Honorii

281 2852 608 2920 imperatoris
631 2864 877 2928 tempore,
898 2865 954 2912 ut
976 2857 1168 2914 scribit
1191 2857 1506 2916 Gennadius
1523 2860 1622 2933 (a).
1643 2861 1875 2919 Gentem

279 2962 430 3003 suam
455 2963 518 3004 ac
542 2950 769 3018 patriam
797 2951 977 3021 prodit
998 2952 1431 3022 ipsemetauctor
1453 2955 1728 3012 hisverbis
1752 2955 1828 3028 (b)
1854 2972 1869 3013 :

275 3037 501 3094 Exstant
547 3040 720 3096 adhuc
752 3059 843 3114 per
870 3043 1094 3099 diversas
1143 3046 1432 3118 provincias
1473 3047 1528 3102 in
1567 3064 1873 3118 magnarum

275 3131 482 3186 urbium
512 3133 678 3188 ruinis
708 3151 880 3205 parva:
905 3145 954 3190 et
984 3152 1236 3205 pauperes
1262 3139 1438 3206 sedes,
1471 3140 1620 3209 signa
1643 3140 1873 3194 miseria-

274 3243 388 3280 rum
419 3237 466 3280 et
496 3227 764 3282 nominum
806 3228 1000 3284 indicia
1029 3239 1321 3286 servantes:
1343 3247 1405 3287 ea:
1427 3233 1611 3302 quibus
1634 3250 1726 3287 nos
1746 3249 1875 3304 quo-

273 3336 374 3389 que
401 3334 453 3372 IN
493 3319 743 3375 HISPANIA
783 3320 1147 3378 Tannacoxeu
1179 3337 1422 3379 nosrnsu
1459 3325 1527 3378 ad
1556 3323 1874 3379 consolatio-

1979 2686 2070 2743 per
2107 2668 2270 2724 Deum
2320 2667 2506 2723 missus
2551 2681 2720 2722 sum:
2751 2666 2816 2721 de
2859 2676 2907 2721 te
2953 2684 3044 2740 per
3073 2683 3190 2723 eum
3218 2685 3368 2743 spero
3393 2713 3409 2738 ,
3461 2672 3585 2726 dum

1978 2760 2247 2818 considero
2274 2758 2496 2829 qualiter
2521 2767 2694 2813 actum
2721 2768 2818 2826 est,
2845 2759 2986 2830 quod
3007 2759 3109 2816 huc
3142 2763 3387 2818 venirem.
3417 2762 3588 2838 Agno-

1979 2875 2065 2914 sco
2089 2873 2179 2911 cur
2204 2856 2419 2911 venerim
2443 2872 2462 2922 ;
2490 2855 2602 2908 sine
2631 2855 2894 2908 voluntate
2911 2895 2926 2920 ,
2953 2855 3067 2909 sine
3093 2857 3400 2910 necessitate
3419 2899 3434 2922 ,
3471 2859 3582 2913 sine

1981 2967 2252 3012 consensu,
2285 2947 2349 3002 de
2377 2949 2544 3018 patria
2581 2963 2815 3019 egressus
2845 2963 2990 3010 sunt,
3033 2946 3236 3002 occulta
3275 2948 3501 3017 quadam
3531 2950 3578 3002 ri

1983 3053 2150 3108 actus,
2180 3042 2342 3097 donec
2369 3041 2423 3094 in
2451 3041 2601 3094 istius
2626 3049 2775 3094 terra:
2804 3039 2948 3094 littus
2973 3038 3169 3094 allatus
3195 3057 3334 3096 sunt.
3367 3040 3468 3102 llic
3489 3042 3580 3097 de-

1983 3153 2123 3191 munt
2167 3137 2222 3190 in
2265 3150 2382 3189 eum
2423 3132 2618 3202 resipui
2658 3131 3001 3202 intellectum,
3045 3132 3185 3202 quod
3214 3133 3284 3187 ad
3327 3142 3375 3188 te
3415 3134 3586 3189 venire

1985 3228 2296 3283 mandabar.
2329 3225 2692 3298 [mpudentem
2716 3241 2818 3280 non
2840 3227 3084 3298 judices,
3118 3226 3164 3280 si
3190 3227 3387 3298 accipis
3418 3227 3587 3298 conﬁ-

1987 3335 2268 3382 tentem...
2290 3321 2578 3378 Dilacerati
2607 3322 2814 3394 gravius
2836 3337 2867 3375 a
2894 3320 3195 3377 doctoribus
3214 3322 3412 3394 pravis,
3433 3339 3589 3392 quant

276 3426 392 3465 nem
449 3413 672 3465 miserim
722 3414 939 3468 recentis
985 3415 1324 3472 ostendimus.
1380 3415 1458 3472 Ex
1512 3416 1770 3488 Hispania
1821 3417 1874 3473 in
1906 3415 1951 3480 C
1981 3438 2014 3476 a
2046 3419 2418 3475 cruentissimis
2439 3416 2674 3472 hostibus
2705 3433 2900 3472 sumus.
2938 3416 3054 3472 Nos
3079 3418 3388 3488 conﬁtentur
3415 3416 3588 3486 o/I'en-

276 3503 520 3559 Africam
554 3520 619 3560 co
653 3505 873 3562 nomine
895 3507 1400 3578 peregrinationem
1441 3513 1721 3581 suscepit,
1767 3526 1876 3582 quo

277 3596 681 3660 co:.tribnlibu,s
709 3599 840 3665 suis,
870 3601 1054 3670 pravis
1081 3600 1462 3658 haereticorum
1489 3603 1776 3659 erroribus
1799 3606 1880 3659 in-

277 3687 457 3754 lectis,
492 3689 760 3746 medelam
793 3706 856 3748 ac
878 3692 1114 3748 salutem
1149 3709 1213 3749 ex
1243 3705 1432 3749 sancto
1453 3694 1753 3766 Augustino
1793 3712 1878 3751 rc-
1954 3761 1956 3764 ν

276 3781 470 3837 ferret.
508 3781 559 3836 Id
585 3797 756 3854 porro
795 3799 920 3839 cum
949 3785 1017 3839 ab
1041 3785 1160 3854 ipso
1190 3796 1384 3842 sancto
1401 3785 1655 3854 doctore,
1685 3795 1800 3842 tum
1825 3788 1878 3843 in

278 3878 472 3948 primis
499 3877 567 3932 ab
597 3875 1002 3932 eodcmOrosio
1033 3878 1351 3934 edoccuiur.
1389 3879 1454 3934 Et
1475 3879 1563 3935 illc
1589 3881 1803 3950 quidem
1826 3882 1878 3936 in

278 3971 508 4039 epistola
522 3971 588 4025 ad
607 3979 852 4025 sanetum
872 3971 1258 4044 Hieronymum
1288 3973 1390 4042 :(c)
1408 3971 1560 4039 Ecce,
1588 3975 1780 4046 inquit,
1794 3989 1881 4029 ve-

279 4065 352 4118 nit
389 4064 458 4116 (ιιι
488 4079 566 4116 me
616 4063 886 4137 religiosus
931 4066 1173 4138 juvenis,
1224 4065 1480 4121 catholica
1509 4084 1636 4139 pace
1687 4071 1879 4140 frater,

279 4169 432 4212 actate
450 4158 617 4227 ﬁlius,
647 4158 847 4214 honore
867 4160 1250 4232 compresbgter
1273 4173 1462 4228 noster,
1498 4163 1736 4228 Orosius,
1760 4163 1886 4237 vigil

280 4249 514 4320 ingenio,
549 4260 821 4318 promptus
839 4249 1063 4322 eloquio,
1093 4255 1324 4324 ﬂagrans
1341 4253 1538 4320 studio,
1567 4255 1690 4309 utile
1713 4271 1802 4308 vas
1832 4256 1881 4309 in

280 4343 434 4396 domo
460 4340 670 4396 Domini
691 4359 800 4398 esse
823 4343 1142 4412 desiderans,
1170 4345 1239 4398 ad
1262 4345 1570 4416 refellendas
1597 4345 1757 4417 falsas
1778 4363 1888 4415 per-

278 4436 605 4508 niciosasque
617 4436 878 4491 doctrinas
896 4454 1010 4508 qua:
1029 4454 1092 4491 an
1102 4438 1228 4490 imas
1257 4437 1616 4507 Hispanorum
1638 4438 1797 4494 multo
1813 4440 1889 4494 in-

281 4529 508 4599 felicius,
534 4546 687 4598 quam
713 4547 932 4602 corpora
954 4530 1252 4588 barbaricus
1270 4531 1499 4604 gladius,
1525 4533 1890 4588 trucidarunt!

283 4622 424 4677 Nam
468 4622 590 4677 inde
617 4624 685 4678 ad
713 4641 806 4679 nos
832 4641 992 4696 usque
1021 4624 1084 4678 ab
1116 4625 1296 4679 oceani
1349 4625 1521 4680 littore
1563 4627 1887 4699 praperavit,

281 4717 423 4786 [antu
448 4718 671 4786 excitus,
699 4715 839 4788 quod
865 4735 896 4772 a
920 4735 998 4773 me
1026 4727 1196 4790 posset
1218 4719 1280 4772 de
1311 4719 1391 4774 his
1420 4735 1533 4790 qua:
1562 4722 1693 4774 scire
1720 4720 1886 4785 vellet,

1981 3528 2094 3568 sam
2125 3527 2144 3567 :
2169 3521 2225 3566 tu
2254 3509 2484 3580 pervides
2513 3510 2760 3583 plagam:
2783 3510 2923 3581 quod
2959 3510 3130 3566 solum
3158 3520 3412 3584 superest,
3438 3513 3595 3586 adju-

1981 3615 2132 3659 vante
2159 3601 2408 3670 Domino,
2433 3602 2625 3675 largire
2652 3601 2988 3658 medicinam.

2056 3699 2134 3754 Ex
2165 3698 2362 3770 quibus
2385 3712 2515 3767 ergo
2549 3697 2712 3768 plane
2741 3695 3068 3764 coniicitur,
3104 3712 3199 3753 cos
3247 3711 3438 3753 errare
3475 3697 3592 3753 sive

1947 3781 1954 3832 ξ
1983 3789 2073 3861 qui
2102 3789 2353 3845 Orosium
2380 3789 2448 3844 ab
2471 3786 2740 3857 Fu'rOpio
2763 3797 2816 3842 et
2845 3787 3038 3853 Paulo,
3066 3788 3324 3858 Ilispanis
3348 3798 3408 3843 ιιι
3437 3788 3588 3844 vide-

1986 3892 2076 3938 tur
2093 3881 2365 3953 episcopis
2393 3880 2485 3952 (f),
2520 3880 2572 3934 in
2601 3878 2833 3936 Africam
2858 3880 2924 3936 ad
2956 3890 3203 3936 sanctum
3223 3882 3584 3952 Augustinum

1988 3978 2155 4034 fuisse
2179 3977 2414 4048 legatum
2449 3985 2736 4042 asserunt;
2784 3975 2898 4031 sive
2929 3976 3018 4046 qui
3051 3976 3120 4030 ab
3162 3976 3367 4032 tlerote
3395 3985 3452 4033 et
3481 3974 3588 4030 La-

1987 4086 2117 4126 zaro
2149 4069 2449 4126 Galliarum
2505 4069 2838 4141 prtcsnlibus
2881 4068 3134 4124 eumdem
3186 4068 3316 4124 illuc
3359 4069 3588 4124 missum

1990 4162 2327 4219 existimant.
2365 4161 2512 4217 Duos
2541 4160 2762 4233 quidem
2793 4160 3007 4233 priores
3031 4161 3306 4217 antistites
3325 4171 3594 4217 memorat

1991 4253 2218 4313 Orosius
2247 4253 2325 4327 (g)
2358 4272 2370 4309 :
2404 4253 2500 4310 sed
2526 4269 2592 4309 ex
2619 4253 2738 4323 ejus
2770 4253 2949 4309 verbis
2981 4253 3014 4308 ii
3044 4253 3296 4310 videntur
3332 4254 3422 4310 vel
3466 4263 3594 4309 ante

1992 4346 2170 4418 ipsum
2194 4346 2247 4401 in
2267 4345 2504 4402 Africam
2530 4345 2856 4416 perrexisse,
2884 4345 2967 4400 vel
2991 4345 3186 4402 saltem
3204 4359 3327 4401 cum
3351 4360 3418 4401 eo
3432 4344 3594 4401 simul

1993 4439 2196 4496 ibidem
2228 4437 2536 4504 exstitisse;
2568 4452 2676 4509 quo
2715 4436 2956 4504 scilicet,
3005 4436 3146 4493 haud
3183 4452 3338 4493 secus
3370 4452 3434 4493 ac
3478 4438 3596 4508 ipse

1993 4529 2245 4599 Orosius,
2277 4546 2376 4603 pro
2406 4531 2774 4602 Hispanorum
2800 4529 2975 4585 salute
3004 4545 3033 4583 a
3075 4540 3266 4585 sancto
3295 4529 3596 4600 Augustino

1994 4624 2261 4680 auxilium
2277 4632 2597 4696 expeterent
2617 4622 3038 4694 acciperentque
3056 4640 3070 4678 :
3087 4623 3284 4694 quibus
3308 4632 3594 4694 propterea

2000 4716 2142 4773 idem
2173 4727 2398 4782 sanctus
2431 4726 2584 4788 pater
2608 4716 2807 4772 librum
2836 4715 2900 4770 de
2913 4714 3242 4786 Perfectione
3258 4715 3488 4788 justitiar
3507 4715 3600 4770 ho-

278 4809 535 4879 quidquid
563 4810 731 4876 vellet,
763 4810 969 4865 audire.
1014 4812 1077 4866 Et
1123 4812 1317 4866 iterum
1351 4812 1418 4868 ad
1471 4813 1738 4869 Evodium
1771 4813 1887 4885 cpi-
1920 4827 1971 4888 ι)
1996 4810 2152 4865 minis
2175 4809 2452 4880 inscripsit
2480 4805 3083 4880 (h).Posterioresvero
3107 4805 3602 4878 episcopiGallica-

285 4918 512 4975 scapum
535 4906 784 4960 scribens
811 4905 913 4976 (ά),
941 4906 1190 4962 meminit
1209 4907 1523 4962 sanctissimi
1539 4924 1603 4961 ac
1615 4908 1892 4962 studiosis-

284 4995 400 5048 simi
411 4995 626 5068 juvenis
653 4995 934 5066 presbyteri
963 4996 1158 5065 Orosii,
1179 4998 1270 5069 qui
1295 4998 1366 5052 ad
1391 5014 1507 5066 nos,
1539 4997 1634 5067 ait,
1673 5001 1738 5053 ab
1767 4997 1891 5054 ulti-

286 5104 368 5142 ma
401 5087 684 5158 Hispania,
733 5089 789 5142 id
831 5099 902 5144 est
928 5090 992 5144 ab
1018 5091 1200 5145 oceani
1227 5091 1418 5159 littore,
1451 5089 1563 5148 solo
1592 5101 1889 5147 sanctarum

287 5179 682 5253 Scripturarum
697 5183 883 5238 ardore
909 5185 959 5238 in
966 5185 1287 5256 ﬂammatus,
1311 5185 1540 5242 advenit.
1561 5186 1688 5244 11ωο
1709 5187 1893 5259 Augu-

286 5274 481 5330 stinus.
512 5273 739 5330 Orosius
769 5290 900 5330 vero
927 5276 978 5330 in
1022 5276 1270 5332 eamdem
1304 5278 1654 5347 sententiam,
1706 5277 1888 5350 ipsum

285 5367 570 5439 alloquens
600 5375 844 5423 sanctum
893 5367 1197 5436 doctorem,
1231 5368 1346 5426 hrec
1376 5370 1539 5427 habet
1571 5370 1645 5443 (ε)
1683 5388 1697 5426 :
1731 5373 1813 5426 Ad
1840 5380 1893 5426 te

361 5530 440 5606 (ᾳ)
483 5529 730 5606 Qennad.
753 5531 961 5606 tleYir.
988 5534 1187 5591 Illttstr.
1213 5550 1334 5606 cap.
1366 5535 1457 5593 '59.

359 5603 434 5676 (Ab)
479 5600 632 5676 Oros.
671 5604 808 5661 llisl.
833 5605 929 5676 lib.
957 5622 1052 5673 vn,
1080 5600 1300 5676 eapﬂi'.

361 5674 435 5750 (ch)
477 5673 610 5750 .flug.
638 5677 797 5750 epist.
824 5675 948 5750 166,
977 5694 1123 5734 num.
1142 5673 1199 5746 Ξ,
1223 5695 1350 5750 opp.
1384 5688 1492 5736 tom
1515 5680 1578 5743 11,
1604 5697 1724 5750 pag.
1743 5682 1875 5739 585.

361 5747 441 5824 (ιι)
474 5743 745 5824 ζςιζριιὶξι.
780 5747 906 5824 16λὲ),
933 5765 1079 5824 ttutn.
1115 5743 1202 5814 13,
1235 5743 1372 5824 ibid.
1409 5767 1532 5824 pig.
1563 5743 1694 5810 698.

360 5818 432 5891 (e)
476 5817 625 5874 Oros.
659 5820 902 5877 Consult.
933 5820 1001 5875 ad
1021 5820 1255 5893 August.
1283 5822 1313 5895 §
1345 5826 1360 5880 Ι
1387 5864 1400 5878 .

2001 4903 2080 4970 ni,
2112 4901 2344 4958 Herotes
2370 4913 2424 4956 et
2451 4900 2711 4966 Lazarus,
2737 4914 2861 4955 cum
2887 4899 3050 4955 ambo
3070 4899 3185 4954 suis
3205 4899 3346 4969 pulsi
3376 4897 3600 4954 sedibus

2001 4994 2061 5051 in
2097 4995 2447 5052 Palmatinam
2497 4993 2910 5050 contendissent
2957 4990 3284 5063 Pelagianos
3321 5005 3600 5062 oppugna-

2002 5091 2132 5154 turi,
2182 5091 2362 5162 ibique
2391 5088 2593 5144 dudum
2625 5095 2880 5159 agentem
2903 5085 3182 5156 Orosium,
3206 5094 3266 5140 ut
3287 5101 3418 5141 mox
3441 5086 3593 5143 dice-

2003 5197 2150 5248 mus,
2181 5197 2243 5237 ea
2286 5181 2401 5251 ipsa
2433 5179 2502 5237 de
2530 5194 2696 5236 causa
2728 5177 3222 5250 deprehendissent
3242 5193 3259 5246 ;
3283 5177 3463 5234 eidem
3488 5178 3599 5250 jam

1999 5278 2113 5348 jam
2161 5276 2213 5331 in
2251 5273 2489 5330 Africam
2535 5275 2936 5347 regressionem
2969 5273 3250 5331 meditanti
3292 5273 3508 5331 litteras
3536 5274 3604 5329 ad

2001 5369 2291 5428 concilium
2319 5367 2769 5442 Carthaginiense
2783 5367 3012 5440 dedere,
3034 5377 3171 5426 teate
3184 5369 3485 5443 Augustino
3502 5369 3568 5442 (i)
3587 5385 3602 5423 :

2075 5536 2158 5610 (Γ)
2185 5536 2390 5593 Tillem.
2416 5543 2550 5592 tom.
2574 5534 2714 5604 XIII,
2738 5551 2860 5609 pag.
2885 5534 3045 5603 1006,
3065 5543 3179 5593 not.
3204 5533 3273 5591 57
3301 5548 3396 5592 sur
3411 5533 3470 5592 S.
3500 5534 3611 5591 Au-

2007 5613 2249 5684 gustin.“
2398 5679 2426 5684 _
2568 5680 2583 5684 _
2662 5680 2674 5684 _
3483 5636 3494 5643 -

2087 5681 2166 5752 (ρ)
2210 5680 2361 5736 Oros.
2388 5679 2632 5736 Consult.
2662 5680 2775 5752 l_c.

2089 5743 2170 5819 (ult)
2213 5754 2345 5823 Aug.
2375 5766 2505 5822 Opp.
2536 5762 2666 5823 tom.
2697 5749 2774 5818 X,
2805 5765 2933 5823 pag.
2964 5749 3086 5806 167.

2097 5826 2162 5897 ti)
2202 5819 2482 5898 [diepisn
2511 5822 2643 5893 175,
2661 5819 2897 5897 ιιιιιιιζι,
2921 5837 3053 5896 opp.
3074 5830 3204 5881 tom.
3235 5819 3304 5893 II,
3336 5835 3459 5897 pag.
3484 5821 3619 5894 617,
