3962 6336
493 257 601 318 655

1529 254 1800 314 PAULUS
1835 253 2131 313 OHOSIUS
2167 249 2700 314 CIIRONOLOGUS.

3649 256 3740 321 656

492 385 558 432 ut
581 380 872 446 propterea
897 372 1081 431 nullus
1109 387 1178 431 ex
1202 373 1433 431 laudatis
1464 374 1737 446 episcopis
1757 380 1952 430 auctor
1974 373 2090 432 lue-
2115 377 2167 440 Α
2192 373 2287 431 iret
2332 375 2568 431 hortatus
2611 391 2746 431 sum.
2793 374 2963 446 quue
3005 373 3134 431 alibi
3177 382 3436 446 prmterea
3479 377 3659 447 tradit,
3685 382 3743 438 ad

496 471 570 525 rit
624 467 900 524 Africanas
964 467 1427 540 peregrinationis
1481 467 1702 533 Orosii;
1749 467 1952 539 quippe
1997 467 2092 538 qui

491 561 606 616 sine
631 559 930 626 voluntate,
962 559 1072 614 sine
1093 561 1419 626 necessitate,
1448 560 1560 615 sine
1596 575 1871 626 consensu,
1910 559 1974 615 de
1998 575 2094 631 pa-

495 655 600 708 tria
642 669 910 725 egressus,
957 654 1163 710 occulta
1191 654 1419 724 quadam
1456 655 1506 708 vi
1547 665 1693 708 actus
1722 653 1850 709 illuc
1897 652 2090 720 fuerit,

496 743 959 816 quemadmodum
1016 759 1142 800 cum
1192 745 1504 816 loquentem
1547 745 1711 800 modo
1762 743 2090 800 audivimus.

499 839 688 907 Neque
712 850 845 892 vero
872 835 998 893 huic
1024 835 1310 892 Orosiana:
1339 837 1631 893 assertioni
1672 851 1734 893 ea
1762 836 1982 893 obstare
2011 837 2095 891 vi-

498 934 721 1002 dentur,
750 946 872 1005 qua:
903 931 1020 1002 ipse
1049 931 1178 986 alibi
1220 942 1402 986 narrat
1431 927 1509 1002 (a)
1537 928 1609 987 de
1633 930 2014 1000 persecutione
2038 929 2092 984 in

499 1026 623 1084 solo
651 1025 828 1096 patrio
857 1042 888 1079 a
918 1023 1166 1080 barbaris
1194 1023 1299 1080 sibi
1329 1023 1500 1092 illata,
1529 1039 1638 1094 quo
1659 1031 1910 1094 tempore
1936 1023 2096 1080 nimi-

498 1136 622 1178 rum
669 1119 832 1177 Gothi
881 1133 947 1175 ac
1003 1117 1170 1176 Suevi
1211 1117 1500 1190 Hispanias
1544 1119 1862 1174 invaserant
1893 1134 1909 1176 :
1940 1117 2097 1189 cujus

499 1213 735 1285 proinde
777 1212 1176 1284 persecutionis
1229 1210 1569 1268 declinanda:
1615 1225 1816 1278 causa,
1863 1209 2096 1284 quadam

507 1307 812 1363 necessitate
831 1305 1148 1377 compulsus
1175 1304 1281 1360 sibi
1305 1305 1427 1376 luga
1447 1303 1841 1360 consulendum
1859 1303 2094 1360 duxerit.

497 1402 636 1459 Nam
656 1402 1058 1474 persecutionis
1084 1399 1306 1473 quidem
1348 1397 1647 1454 barbarica:
1671 1396 1725 1454 vi
1753 1396 2006 1462 adactus,
2027 1410 2096 1452 ex

497 1495 778 1568 Hispaniis
838 1495 1036 1567 pedem
1089 1494 1303 1551 retulit.
1350 1491 1552 1548 Verum
1603 1490 1711 1547 alio
1759 1489 2099 1548 contendere

497 1605 661 1660 quam
692 1589 750 1646 in
773 1605 901 1646 oras
925 1588 1232 1657 Africanas,
1272 1589 1486 1659 integro
1509 1586 1694 1642 animo
1724 1585 1978 1642 aclibero
2001 1599 2100 1658 po-

500 1683 718 1750 tuisset,
753 1681 846 1738 ubi
878 1683 1050 1739 tutius
1079 1680 1508 1738 vitam-duceret
1538 1698 1551 1734 :
1584 1679 1830 1751 adeoque
1865 1680 1982 1735 sine
2009 1695 2102 1734 ne-

2198 470 2461 526 Evodimn
2493 469 2813 542 episcopum
2840 470 3087 526 scribens
3117 469 3215 543 (j).
3243 469 3537 541 Augustino
3565 487 3746 532 morem

2195 565 2366 634 gessit
2390 563 2644 631 Orosius;
2677 565 2769 635 qui
2799 574 3088 636 propterea
3113 564 3182 618 de
3213 579 3313 619 suo
3341 563 3564 621 adventu
3586 565 3633 621 in
3663 566 3749 623 Pa-

2198 660 2462 716 lzestinam
2483 659 2650 716 verba
2670 659 2898 726 iaciens,
2925 659 3043 715 bare
3066 658 3141 715 ait
3155 657 3232 728 (k)
3258 677 3270 712 :
3295 657 3531 714 Latebam
3551 661 3598 715 in
3615 659 3750 716 Beth-

2197 751 2381 818 leltem,
2415 753 2642 809 traditus
2666 770 2698 807 ιι
2728 763 2878 825 patre
2895 752 3212 824 Augustino,
3231 761 3287 805 ut
3309 751 3534 805 timorem
3565 751 3749 809 Domini

2196 847 2466 912 discerem,
2480 846 2660 900 sedens
2677 845 2744 899 ad
2755 845 2910 918 pedes
2922 843 3254 916 Hieronymi.
3271 843 3407 899 Hinc
3426 858 3582 916 porro
3596 845 3656 900 ad
3667 849 3753 902 An-

2196 939 2472 1010 gustinum
2499 939 2805 995 rescribeus
2826 939 3062 1009 ipsemet
3080 937 3519 1008 llieronymus(l)
3551 955 3563 989 :
3599 935 3755 994 Virum

2197 1034 2574 1097 Itonorabilem,
2596 1031 2797 1102 inquit,
2825 1033 3040 1103 fratrem
3069 1048 3262 1095 meum,
3289 1029 3455 1101 ﬁlium
3475 1031 3757 1102 dignationis

2199 1133 2321 1195 tuae,
2357 1123 2603 1180 Orosium
2628 1125 3000 1197 presbyterum,
3027 1133 3075 1178 et
3116 1123 3198 1177 sui
3228 1123 3408 1177 merito
3435 1132 3480 1178 et
3509 1133 3554 1177 te
3570 1122 3758 1194 jubente

2197 1218 2424 1288 suscepi.
2451 1215 2706 1288 Acceptis
2736 1215 2917 1285 itaque
2945 1215 3014 1272 ab
3032 1216 3338 1286 Augustino
3357 1214 3560 1270 duabus
3580 1215 3762 1286 episto-

2199 1308 2267 1364 lis
2293 1307 2366 1363 ad
2390 1291 2782 1381 Hieronymum
2802 1321 2971 1363 verno
2995 1315 3242 1377 tempore
3262 1306 3390 1362 anni
3411 1304 3514 1362 M5
3542 1307 3762 1376 scriptis,

2199 1399 2450 1471 Hippone
2485 1400 2713 1456 Solverit
2751 1399 2936 1455 statim
2977 1399 3208 1457 Orosius
3248 1405 3307 1454 et.
3349 1397 3404 1454 in
3453 1397 3764 1454 Palmstinam

2198 1495 2504 1568 porrexerit
2537 1512 2552 1550 :
2601 1494 2713 1551 illic
2742 1494 2888 1551 enim
2918 1509 3042 1550 eum
3068 1493 3183 1565 jam
3217 1492 3395 1566 egisse
3429 1507 3610 1550 mense
3642 1492 3767 1549 Julio

2199 1599 2438 1646 exeunte
2479 1589 2726 1661 ejusdem
2771 1591 2898 1647 anni
2938 1589 3046 1646 415
3076 1604 3143 1646 ex
3194 1605 3319 1646 mox
3356 1587 3599 1646 dicendis
3640 1603 3769 1645 cont-

2201 1697 2285 1754 pet
2303 1690 2414 1737 tum
2445 1682 2558 1738 liet.

496 1772 759 1839 cessitate,
783 1782 842 1828 ut
868 1772 989 1844 ipse
1020 1773 1096 1828 ait
1129 1789 1142 1826 :
1175 1787 1239 1828 ac
1268 1771 1442 1828 libens
1475 1787 1541 1827 eo
1569 1770 1790 1826 demum
1832 1769 2093 1841 ccnl'ugit.

2272 1777 2482 1833 Interea
2510 1775 2639 1832 dum
2666 1775 2806 1846 apud
2842 1775 3236 1849 Hieronymum
3263 1774 3634 1832 diversaretur
3653 1775 3772 1832 Oro-

500 1867 618 1934 Qua
654 1865 723 1922 de
749 1880 810 1922 re
833 1865 1009 1937 ipsum
1039 1865 1324 1922 audiamus
1354 1866 1430 1936 (ὁ)
1459 1882 1474 1919 :
1504 1862 1639 1919 Mihi
1659 1874 1852 1930 autem,
1889 1863 2096 1934 inquit,

500 1960 675 2030 prima
694 1960 1082 2032 qualiscumque
1109 1969 1280 2014 motus
1303 1958 1693 2029 perturbatione
1716 1957 1961 2029 fugienti,
1980 1958 2104 2030 quia

494 2055 569 2110 .de
593 2053 934 2126 confugiendi
961 2055 1187 2111 statione
1226 2069 1432 2121 securo,
1464 2053 1656 2124 ubique
1684 2054 1887 2122 patria,
1915 2053 2102 2122 ubique

501 2147 587 2202 lea:
609 2155 657 2202 et
683 2147 870 2220 religio
917 2163 1029 2203 mea
1065 2157 1138 2203 est
1168 2163 1187 2202 :
1218 2163 1354 2202 nunc
1382 2161 1463 2201 me
1500 2146 1683 2217 Africa
1722 2155 1828 2201 tam
1883 2145 2104 2202 libenter

505 2241 724 2314 excepit,
753 2257 912 2310 quant
933 2241 1256 2312 conﬁdenter
1281 2241 1472 2296 accessi
1495 2257 1514 2295 :
1538 2257 1676 2295 nunc
1707 2257 1818 2310 me,
1852 2240 2061 2312 inquam
2085 2281 2099 2304 ,

503 2333 610 2388 ista
622 2333 804 2404 Africa
833 2334 1033 2406 excepit
1060 2350 1189 2406 pace
1217 2333 1442 2405 simplici
1467 2377 1480 2402 ,
1521 2334 1641 2389 sinu
1693 2335 1906 2406 praprio
1926 2377 1940 2401 ,
1977 2337 2102 2406 jure

500 2426 783 2480 communi.
819 2426 887 2482 Et
931 2426 1164 2499 reliqua,
1199 2426 1362 2500 digna
1407 2442 1542 2484 sane
1570 2443 1693 2500 qua:
1735 2427 1878 2500 apud
1923 2428 2100 2500 ipsum

501 2527 780 2574 auctorem
820 2518 1194 2590 perlegantur.

573 2609 816 2665 Primum
840 2609 1023 2666 Orosii
1048 2611 1334 2682 appulsam
1367 2611 1420 2667 in
1441 2612 1682 2668 Africam
1713 2613 1832 2670 sive
1861 2623 1982 2684 post
2008 2613 2104 2670 ini-

516 2705 651 2759 tium
665 2704 791 2760 anni
809 2701 942 2773 M5,
959 2704 1076 2760 sive
1104 2716 1230 2760 ante
1255 2705 1497 2762 medium
1523 2705 1770 2777 ejusdem
1793 2708 1921 2764 anni
1937 2707 2104 2777 ligen-

502 2797 631 2852 dutn
653 2812 774 2853 cum
796 2797 927 2852 viris
957 2797 1136 2854 doctis
1157 2797 1232 2871 (c)
1261 2799 1509 2854 ducimus
1529 2817 1542 2853 :
1559 2814 1716 2856 secus
1735 2809 1903 2871 atque
1925 2801 2102 2856 visum

499 2888 718 2946 Norisio
741 2889 823 2961 (d)
848 2890 1076 2962 ejusque
1098 2891 1698 2966 assectatoriPagio(r),
1719 2909 1948 2964 quorum
1972 2893 2104 2950 utri-

502 3001 609 3057 que
629 2984 978 3058 praecedente
999 3001 1144 3044 anno
1172 2988 1277 3044 114
1299 2987 1352 3044 id
1381 2989 1700 3059 contigisse,
1719 2998 1964 3045 statuere
1985 2989 2102 3060 pla-

504 3079 635 3135 cuit.
654 3078 902 3150 Hippone
915 3079 1098 3150 itaque
1112 3079 1254 3150 apud
1269 3078 1624 3152 Augustinmn
1643 3081 1846 3152 degens
1857 3081 2100 3151 Orosius,

2202 1867 2349 1936 sius,
2397 1877 2699 1939 cunctaque
2729 1867 2799 1924 ibi
2833 1879 3151 1923 enarrasset
3177 1882 3303 1939 qua:
3330 1865 3653 1940 Carthagine
3692 1867 3773 1922 ad-

2203 1975 2397 2016 versus
2425 1960 2750 2032 Pelagianos
2775 1969 2994 2032 peracta
3024 1959 3240 2016 fuerant
3266 1977 3282 2028 ;
3313 1960 3402 2016 his
3421 1960 3617 2016 auditis
3639 1959 3777 2017 Joan-

2204 2069 2304 2110 nes
2331 2054 2859 2127 Ilierosolymitanus
2888 2055 2982 2126 qui
3007 2071 3037 2110 a
3081 2055 3300 2126 Pelagio
3330 2055 3449 2112 illic
3494 2055 3675 2112 itidem
3701 2055 3777 2111 de-

2203 2159 2365 2220 gente
2393 2148 2678 2219 deceptus,
2711 2163 2836 2204 eum
2857 2148 3021 2204 veluti
3047 2148 3413 2204 orthodoxam
3439 2148 3776 2216 existimabat,

2187 2257 2321 2321 rem
2366 2256 2529 2313 agere
2573 2240 2779 2310 judicio
2824 2239 3114 2313 decrevit:
3158 2239 3473 2311 indit-taque
3515 2248 3776 2311 propterea

2203 2335 2408 2390 urbana
2423 2333 2655 2405 synodo,
2675 2331 2742 2388 ad
2765 2347 2889 2389 eam
2909 2331 3164 2389 Orosium
3187 2333 3406 2389 accivit.
3424 2332 3526 2401 Qui
3546 2331 3780 2402 deinceps

2202 2428 2410 2484 dolosis
2443 2425 2887 2483 adversariorum
2943 2426 3157 2482 artibus
3205 2434 3483 2500 tamquam
3539 2426 3780 2483 harenae

2206 2519 2492 2590 pravitatis
2523 2527 2765 2574 assertor
2794 2525 3047 2588 notatus,
3083 2518 3282 2574 librum
3317 2517 3658 2590 postmodum
3683 2517 3781 2573 edi-

2204 2610 2287 2666 dit
2313 2610 2736 2682 apologeticum,
2775 2610 2865 2666 ubi
2895 2609 2979 2666 sui
3007 2609 3383 2666 delensionem
3413 2609 3648 2680 pluribus
3666 2622 3779 2682 pro:

2203 2713 2460 2773 secutus,
2502 2719 2671 2759 unum
2703 2704 3004 2760 insectatur
3034 2703 3338 2776 Pelagium.
3373 2704 3615 2775 Longum
3654 2713 3786 2760 esset

2204 2795 2284 2852 ire
2315 2811 2415 2867 per
2439 2795 2687 2866 singula,
2734 2810 2855 2868 quae
2901 2795 2994 2850 illo
3036 2794 3092 2850 in
3129 2809 3408 2852 conientu
3459 2804 3605 2866 gesta
3634 2793 3784 2850 fuisse

2205 2889 2593 2960 perhibentur.
2633 2888 2709 2944 Ea
2761 2903 2997 2961 namque
3031 2887 3202 2944 satius
3241 2888 3408 2945 luerit
3457 2887 3694 2945 ediscere
3727 2902 3786 2943 ex

2206 2983 2325 3053 ipso
2350 2983 2592 3038 auctoris
2625 2981 2798 3038 nostri
2828 2981 3208 3053 Apologetico,
3231 2998 3396 3054 quem
3419 2981 3557 3039 infra
3585 2981 3784 3038 exhibe-

2205 3090 2350 3130 mus.
2372 3074 2593 3131 Interim
2608 3090 2742 3132 vero
2759 3091 2921 3131 unum
2942 3074 3245 3131 alterumve
3261 3090 3360 3146 pro
3391 3074 3619 3132 instituti
3634 3074 3786 3131 nostri

503 3181 792 3243 postquam
823 3171 907 3227 sui
937 3187 1158 3230 causam
1189 3174 1399 3230 itineris
1426 3184 1614 3230 sancto
1634 3173 1844 3231 doctori
1874 3189 2101 3247 sugges-
2127 3166 2176 3230 C
2207 3168 2419 3224 ratione
2446 3167 2740 3225 advertere
2769 3167 3138 3239 opportunum
3163 3167 3438 3225 ducimus.
3475 3169 3544 3225 Et
3573 3169 3784 3239 primum

503 3264 692 3329 sisset,
716 3263 893 3320 eidem
918 3265 1262 3335 postmodum
1277 3266 1724 3322 Consultationem
1750 3282 1846 3322 seu
1863 3265 2106 3324 Cornuto-

500 3361 754 3414 nitorium
805 3359 1000 3416 obtulit
1059 3361 1320 3416 deerrare
1373 3359 1905 3416 Priscillianistarum
1949 3371 2104 3435 atque

506 3450 924 3523 Origenistarum
943 3494 958 3518 ,
995 3451 1064 3506 ab
1093 3467 1159 3506 eo
1189 3451 1357 3507 enixe
1379 3460 1574 3522 petens
1601 3450 1703 3524 (Ῑ).
1743 3462 1798 3506 ιιι
1825 3453 2104 3525 perspectis

503 3547 742 3603 omnibus
770 3547 961 3602 morbis
986 3546 1297 3602 medicinam
1315 3547 1565 3602 adhibere
1590 3547 1878 3618 festinaret.
1898 3548 2102 3604 Annuit

505 3643 703 3700 Orosio
746 3643 1120 3712 Augustinus;
1170 3643 1398 3714 ejusque
1427 3641 1824 3698 Consultationi
1873 3657 2099 3714 respon-

501 3737 674 3804 dens,
706 3735 906 3791 librum
946 3735 1125 3792 eidem
1159 3734 1434 3805 inscripsit
1470 3734 1571 3806 (g).
1603 3735 1896 3805 Utriusque
1921 3736 2101 3805 operis

504 3828 674 3884 semel
698 3828 1007 3898 iterumque
1033 3828 1514 3884 meminitsanctns
1541 3835 1698 3899 pater
1720 3827 1818 3900 (It).
1848 3826 2102 3895 Quando-

496 3919 718 3990 quidem
748 3935 880 3976 vero
920 3920 1065 3976 inter
1089 3919 1269 3976 Orosii
1298 3920 1630 3990 interrogata
1658 3929 1713 3974 et
1739 3919 1870 3975 illud
1902 3934 2099 3976 cense-

497 3989 660 4067 batur
699 4013 764 4068 de
801 4012 1004 4084 origine
1031 4012 1260 4080 animat;
1292 3989 1359 4066 ad
1391 4010 1530 4067 hanc
1575 4010 1949 4068 difﬁcillimam
1995 4011 2102 4067 sol-

496 4104 734 4160 vendam
768 4104 1128 4175 quaestionem
1158 4105 1420 4174 imparem
1459 4118 1520 4160 se
1569 4103 1850 4174 professus
1876 4113 2101 4160 sanctus

498 4196 875 4266 Augustinus,
937 4195 1318 4268 presbyterum
1379 4203 1626 4251 nostrum
1680 4195 1977 4266 Hispanum
2031 4195 2097 4252 ad

498 4288 888 4361 Hieronymum
910 4287 1195 4344 duetorem
1227 4288 1521 4344 maximum
1558 4289 1944 4345 remittendum
1969 4303 2099 4346 cen-

499 4380 642 4445 suit,
685 4395 811 4435 cum
840 4380 1050 4435 duabus
1093 4380 1237 4435 inter
1265 4389 1462 4436 canora
1504 4381 1753 4451 epiStolis
1788 4381 1967 4438 eidem
2017 4383 2100 4439 in-

501 4471 742 4541 scriptis,
766 4471 819 4526 in
845 4487 1074 4542 quarum
1107 4473 1286 4542 priore
1303 4473 1404 4528 sub
1427 4473 1767 4530 initinmhrec
1798 4475 1960 4530 habet
1988 4478 2052 4548 (ἱ)
2081 4495 2095 4534 :

2203 3261 2423 3332 quidem
2468 3263 2818 3319 statuendum
2850 3263 3101 3329 videtur,
3148 3264 3435 3334 pertinere
3480 3273 3786 3321 conventum

2201 3352 2353 3410 illum
2401 3353 2961 3426 Hicrosolymitannm
3023 3354 3092 3409 ad
3139 3369 3342 3410 annum
3390 3357 3527 3424 415,
3577 3371 3682 3426 quo
3726 3369 3785 3408 ex

2201 3449 2386 3507 Africa
2409 3466 2577 3507 verna
2627 3461 2956 3525 tempestate
2988 3453 3274 3510 discedens
3306 3455 3577 3523 Orosius,
3621 3456 3670 3510 in
3701 3455 3790 3511 Pa-

2201 3543 2467 3600 laestinam
2496 3545 2797 3611 contendit,
2829 3553 2888 3602 ut
2911 3547 3164 3616 superius
3190 3547 3452 3604 vidimus.
3488 3549 3636 3604 Diem
3671 3561 3789 3603 vero

2200 3649 2310 3705 quo
2339 3644 2645 3692 conventus
2670 3637 2814 3693 idem
2838 3647 3058 3694 coaetus
3089 3648 3194 3706 est,
3240 3639 3414 3696 fuisse
3443 3640 3516 3697 9.8
3535 3640 3696 3706 Julii,
3724 3654 3787 3695 ex

2202 3729 2440 3799 ipsumet
2485 3728 2680 3786 Orosiu
2709 3731 3012 3789 erudimur.
3059 3731 3285 3788 Constat
3331 3737 3483 3790 enim
3518 3736 3634 3807 (ut),
3678 3749 3788 3789 eum

2200 3831 2313 3894 post
2345 3822 2457 3877 dies
2483 3823 2832 3897 quadraginta
2859 3835 2912 3878 et
2940 3834 3136 3894 septem
3175 3825 3246 3881 aI)
3286 3824 3482 3883 habito
3509 3834 3790 3890 conventu,

2201 3915 2633 3987 Hierosolymam
2663 3915 2896 3973 rediisse
2927 3918 3098 3988 primo
3143 3917 3519 3974 Encwniorum
3557 3921 3639 3974 die
3665 3935 3682 3973 :
3711 3918 3789 3989 qni

2200 4006 2442 4075 quidem,
2469 4009 2588 4065 dies
2606 4021 2722 4064 erat
2755 4010 2820 4066 15
2845 4011 3188 4080 Septembris
3208 4053 3222 4074 ,
3249 4021 3308 4065 ut
3340 4012 3515 4067 tradit
3543 4011 3793 4083 Nicepho-

2203 4113 2294 4154 rus
2321 4098 2426 4171 (tt),
2457 4101 2847 4179 τρισκαιδεκάτῃ
2874 4101 2918 4159 δ’
2938 4101 2998 4163 ἦν
3035 4105 3384 4182 Σεπτεμϐρίου
3427 4107 3588 4180 μηνός
3618 4123 3632 4161 ε
3662 4105 3789 4174 τιυοιι

2201 4196 2368 4269 probe
2393 4195 2774 4253 animadvertit
2814 4197 3064 4253 Valesius
3091 4198 3194 4271 (ο),
3230 4214 3293 4254 ac
3328 4211 3455 4270 post
3487 4216 3613 4256 eum
3639 4199 3792 4256 Tille-

2201 4289 2439 4346 montius
2456 4289 2765 4359 (p).Verum
2790 4289 3037 4346 Norisius
3061 4290 3161 4362 (ιι),
3191 4291 3538 4348 Benedictini
3571 4293 3662 4361 (r),
3684 4292 3795 4346 νει.

2201 4381 2399 4436 larsins
2441 4380 2515 4454 (ε)
2547 4381 2750 4453 aliique
2780 4382 2848 4436 ab
2881 4383 3178 4454 interprete
3233 4384 3423 4454 Langn
3465 4385 3676 4456 decepti
3714 4384 3793 4456 qni

2199 4478 2347 4533 aliud
2367 4493 2530 4550 agens
2545 4479 2835 4550 Nicepltori
2867 4480 3030 4536 verba
3059 4481 3316 4549 reddidit,
3344 4481 3483 4538 Erat
3508 4484 3552 4539 is
3581 4482 3796 4536 decimus

501 4561 674 4618 Docui
709 4563 968 4620 hominem
1007 4563 1308 4639 (Orosium)
1339 4568 1476 4635 quod
1510 4567 1657 4636 potui
1673 4583 1690 4621 :
1741 4569 1881 4639 quod
1924 4578 2094 4624 autent
2123 4550 2178 4614 Ῑ)
2199 4585 2414 4644 quartus
2445 4574 2630 4628 mensis
2657 4573 2975 4647 Septembris
2999 4576 3128 4645 dies,
3163 4577 3396 4648 primum
3425 4576 3795 4633 Eucmniorum

497 4674 602 4712 non
627 4658 795 4730 potui,
826 4659 963 4715 unde
982 4659 1182 4714 discere
1202 4669 1374 4731 posset
1395 4659 1668 4728 admonui,
1699 4670 1854 4733 atque
1882 4671 1938 4717 ut
1963 4663 2031 4717 ad
2053 4673 2102 4717 te

596 4843 648 4910 η)
691 4843 842 4898 Oros.
873 4841 1010 4897 Hist.
1043 4840 1138 4896 lib.
1171 4855 1246 4906 ιιι,
1280 4855 1398 4912 cap.
1427 4840 1520 4897 20.

595 4912 648 4983 ὁ)
686 4913 774 4968 Id.
805 4913 936 4969 ibid.
969 4912 1065 4968 lib.
1098 4929 1152 4982 v,
1177 4926 1297 4983 cap.
1329 4914 1386 4967 2.

566 4983 640 5057 (c)
680 4985 796 5057 BB.
849 4985 1304 5057 Admonitttom.
1349 4984 1570 5057 x_opp.
1607 4983 1744 5056 Aug.
1779 5000 1902 5057 pag.
1958 4986 2087 5054 165,

569 5054 642 5132 st.
666 5054 1089 5132 ηιριΙλ-Βαιιεν.-
1113 5054 1346 5132 observ.
1387 5054 1493 5112 lib.
1517 5054 1560 5121 i,
1593 5054 1716 5129 cap:
1738 5054 1794 5126 4,
1823 5058 1851 5130 §
1879 5056 1934 5123 4,
1962 5075 2086 5132 pag.

528 5129 597 5184 65
624 5137 758 5182 tom.
788 5126 854 5183 IV
884 5140 1010 5198 opp.
1040 5125 1225 5198 μοι-13.

493 5198 862 5327 “ﬁnitimis.
882 5199 1020 5254 llist.
1038 5197 1227 5270 Pelag.
1257 5197 1352 5256 lib.
1376 5213 1414 5267 t,
1434 5212 1556 5271 cap.
1580 5197 1638 5266 6,
1661 5213 1714 5271 p.
1739 5199 1808 5257 68
1824 5213 1941 5274 seq.
1957 5216 2086 5276 opp.

557 5342 637 5414 (c)
678 5341 833 5414 Pagi.
867 5341 934 5414 ad
962 5356 1092 5414 ann.
1114 5340 1242 5414 “4,
1325 5341 1380 5397 6.

566 5413 650 5484 (f)
693 5411 847 5469 Oros.
875 5411 1123 5469 ConsuIt.
1161 5411 1230 5484 ad
1261 5411 1460 5484 Aug.§
1493 5413 1547 5484 4.

559 5482 642 5562 (ς)
679 5485 968 5562 ᾼιιθτρρι).
985 5492 1133 5562 _tom.
1165 5482 1304 5548 Vlll,
1334 5482 1456 5562 pag}
1483 5483 1612 5540 611.

557 5554 641 5632 (It)
681 5554 776 5632 Id.
797 5554 958 5632 Ιίιριιι
985 5554 1365 5632 Betraet_._cap.
1382 5554 1616 5632 44,_opp.
1638 5566 1770 5632 tom.
1786 5557 1827 5632 l,
1847 5571 1971 5632 pag.
1991 5558 2082 5629 57,

484 5641 543 5689 et
569 5625 629 5684 in
653 5627 817 5695 epist.
846 5625 973 5694 169,
1008 5642 1158 5682 nunt.
1195 5625 1282 5691 15,
1310 5635 1439 5680 ιοιιι.
1474 5625 1514 5680 ll
1548 5625 1671 5694 pag.
1705 5629 1830 5684 (508.

556 5700 620 5772 (i)
659 5698 796 5772 Aug.
825 5696 1151 5772 e_pist._l§6,
1183 5696 1419 5772 tttttn.__2,
1452 5703 1585 5751 tum.
1618 5697 1658 5772 II
1688 5714 1809 5772 pag,
1841 5700 1970 5760 584,

483 5832 496 5845 _
557 5766 630 5851 (j)
671 5766 756 5827 Id.
789 5768 951 5843 epist.
981 5767 1106 5840 166,
1137 5780 1286 5826 nutu.
1321 5766 1410 5839 15,
1440 5781 1561 5842 pag.
1595 5766 1720 5829 603,

2200 4666 2344 4723 diem
2375 4668 2428 4724 in
2461 4669 2526 4723 14
2563 4667 2903 4739 Septembris
2933 4668 3192 4728 incidisse
3227 4683 3516 4729 asserunt.
3553 4671 3795 4728 Erratunt

2269 4847 2351 4922 (ις)
2384 4847 2547 4922 ρῖοε-
2575 4847 2804 4922 Apolos-
2841 4848 2948 4922 §5-

2267 4919 2338 5002 ςιλ
2374 4918 2598 5002 Hieron.
2626 4918 2806 4992 ‘epist.
2837 4918 2962 4991 151,
2998 4937 3147 4978 num.
3179 4937 3220 4994 ι,
3251 4939 3381 4998 opp.
3415 4934 3556 4983 tom.
3594 4924 3638 4994 Ι,
3683 4937 3793 4996 pag.

2199 4989 2361 5054 1056,
2377 4989 2508 5045 edit.
2543 4989 2744 5048 Veron.

2270 5061 2368 5136 (nt)
2399 5061 2822 5136 _(_)_ros._Ap0It)g.
2849 5064 2878 5136 ᾗ
2913 5065 2969 5120 7.

2265 5131 2355 5204 (ιι)
2389 5131 2614 5206 Niceph.
2643 5131 2795 5190 Call:
2827 5131 2967 5194 Hist.
3018 5137 3159 5194 eccl.
3205 5137 3305 5195 lib.
3336 5154 3434 5196 vnt
3471 5180 3488 5207 ,
3537 5153 3660 5212 cap.
3692 5139 3794 5206 50,

2198 5211 2332 5260 tom.
2363 5203 2406 5262 I.
2437 5220 2563 5262 nae.
2591 5203 2720 5262 653.

2293 5220 2332 5260 ι.
2363 5220 2406 5266 ι.
2437 5220 2563 5276 pag.
2591 5220 2720 5262 nae.

2293 5273 2345 5355 ο)
2385 5275 2567 5355 gates.
2600 5276 2674 5355 ad
2700 5275 2902 5334 Euseb.
2924 5277 3044 5355 νει.
3086 5278 3279 5355 coast.
3303 5280 3400 5337 lib.
3446 5297 3527 5355 tr,
3557 5297 3680 5355 cap.
3708 5281 3791 5337 46.

2385 5346 2802 5424 [iucundiori]:
2820 5352 2956 5424 eccl.
2989 5361 3120 5424 tum.
3150 5352 3304 5419 XIII,
3332 5367 3465 5424 pag.
3495 5354 3627 5410 668.

2264 5417 2566 5496 (q)_l_Voris.
2601 5419 2740 5474 Hist.
2769 5419 2953 5490 Pelag.
2989 5421 3086 5478 lib.
3116 5438 3157 5492 ι,
3189 5417 3312 5496 οιιρ.
3333 5417 3574 5496 '7,'opp.
3604 5436 3732 5482 tom.
3757 5423 3796 5491 l,

2191 5489 2486 5704 pnigrﬂl‘iil.
2510 5561 2564 5616 in
2594 5561 2842 5631 Append.
2873 5519 2940 5647 ad
2969 5571 3101 5618 tom.
3149 5562 3199 5620 Χ
3223 5566 3358 5630 Aug.
3398 5580 3532 5638 pag.
3571 5567 3660 5634 7i,
3689 5576 3794 5623 not.

2200 5703 2217 5704 η
2285 5632 2333 5704 s)
2373 5631 2600 5704 Vallars.
2629 5636 2694 5686 ad
2718 5649 2845 5704 Opp.
2874 5636 3093 5690 Hieron.
3129 5645 3259 5690 tom.
3288 5637 3348 5700 II,
3384 5653 3515 5704 pag.
3544 5640 3673 5704 573,
3703 5639 3794 5694 sub

2285 5632 2333 5705 s)
2373 5631 2600 5708 Vallars.
2629 5636 2694 5708 ad
2718 5649 2845 5704 Opp.
2874 5636 3093 5708 Hieron.
3129 5645 3259 5690 tom.
3288 5637 3348 5700 II,
3384 5631 3515 5708 pag.
3544 5631 3673 5707 573,
3703 5639 3797 5694 sub

2190 5703 2284 5763 lin.
2312 5703 2372 5765 et
2397 5714 2528 5763 tom.
2559 5703 2599 5773 Ι,
2634 5703 2684 5761 in
2719 5703 2932 5765 recens.
2976 5707 3138 5781 epist.
3167 5722 3314 5765 num.
3347 5703 3477 5768 135.
