4062 6340
285 311 380 372 661
857 377 860 380 ,
1097 314 1310 374 R.\Tl0
1347 315 1911 380 0RTHOGR\PHIIE
1952 319 2019 382 ΙΝ
2057 319 2281 381 οιωδιι
2321 320 2592 395 CODICE,
2616 331 2722 382 etc.
3475 329 3588 394 θοι

283 439 367 487 cet
397 435 568 490 naivis
615 433 758 491 haud
805 443 985 492 careat
1022 434 1290 506 ejusmodi
1343 436 1523 493 Orosii
1553 452 1710 510 opus,
1738 453 1879 507 quos
1906 440 1962 502 Δ
1983 438 2142 509 cujus
2172 441 2375 496 mentio
2405 449 2583 498 exstat
2603 442 2746 514 apud
2773 442 3139 502 lliabilloniutn
3181 447 3278 520 (b),
3311 448 3473 507 luerit
3498 451 3584 506 dio

281 527 382 581 viri
415 527 718 584 doctissimi
761 543 1115 600 perspexere,
1151 529 1417 585 Baronius
1455 530 1675 601 passim,
1707 530 1881 588 Scali-

284 636 379 690 ger
404 620 458 676 in
508 622 1077 679 animadversionibus
1131 623 1475 693 Eusebianis,
1529 624 1778 680 Petavius
1829 624 1880 680 in

284 713 431 768 libris
479 715 546 770 de
585 715 834 772 doctrina
893 727 1221 788 temporum,
1261 717 1508 774 Norisius
1557 718 1612 773 in
1657 717 1882 775 Ceuota-

285 807 422 877 phiis
454 808 664 865 Pisanis
704 809 933 882 aliique;
985 830 1003 863 ‹
1043 811 1265 880 plurimi
1321 821 1524 876 tamen,
1584 821 1643 866 ut
1687 812 1878 880 nuperi

282 899 507 956 cditoris
538 900 715 958 verbis
747 913 868 957 utar
903 901 1002 975 (a),
1029 901 1170 974 apud
1203 919 1394 959 omnes
1423 902 1664 960 eruditos
1689 903 1878 959 ltabcrl

283 994 444 1063 solet,
475 1010 597 1050 cum
641 996 712 1051 ob
741 997 910 1068 ipsius
954 997 1134 1066 operis
1185 995 1520 1066 multiiugem
1569 993 1876 1062 historiam,

286 1106 394 1146 non
421 1091 598 1148 inutili
632 1092 894 1148 brevitate
923 1102 1238 1164 congestam
1269 1101 1324 1149 et
1351 1093 1418 1148 ad
1447 1101 1749 1164 temporum
1792 1109 1879 1146 ra-

278 1181 483 1238 tionem
530 1185 892 1256 consulesque
950 1184 1226 1240 Romanos
1273 1185 1508 1242 sollicite
1560 1185 1872 1256 digestan’i;

276 1283 388 1330 tum
411 1277 499 1332 vel
526 1277 760 1332 maxime
783 1277 927 1348 quod
951 1276 1178 1349 integris
1201 1291 1338 1348 quos
1367 1278 1564 1332 frustra
1592 1277 1705 1348 jam
1729 1292 1878 1349 quae-

274 1367 471 1438 rimus,
501 1369 715 1440 magnis
758 1367 1113 1428 historiarum
1170 1377 1226 1425 et
1274 1368 1548 1428 annalium
1598 1367 1877 1441 scriptori-

272 1459 396 1530 bus,
422 1469 587 1533 atque
622 1461 678 1520 in
705 1477 771 1520 eo
796 1476 1000 1536 genere
1022 1461 1388 1533 principatum
1420 1461 1753 1532 tenentibus,
1782 1476 1877 1517 au-

269 1560 390 1610 ctor
415 1553 487 1610 sit
515 1563 665 1610 usus.
696 1567 716 1608 δ

346 1647 660 1710 Editionsm
689 1649 974 1708 Orosiante
1001 1650 1248 1708 historiae
1297 1650 1457 1721 prelo
1478 1649 1874 1720 subjiciendsm

268 1741 602 1809 curavimus,
653 1757 812 1813 quam
841 1743 1087 1798 omnium
1119 1751 1451 1814 postremam
1497 1739 1743 1812 Lugduni
1776 1741 1877 1795 Ba-

270 1843 521 1890 tavorum
545 1832 744 1906 publici
768 1835 908 1907 juris
932 1834 1060 1892 fecit
1089 1849 1236 1890 anno
1285 1835 1422 1890 1738
1471 1832 1869 1890 eruditissimus

265 1924 710 1999 ﬂavmptss;
742 1927 946 2001 quippe
970 1943 1092 1998 qua
1128 1943 1252 1985 cum
1283 1927 1351 1982 sd
1400 1933 1616 1982 veteres
1650 1923 1870 1981 codices

265 2019 538 2090 vulgatos,
567 2028 680 2076 tum
713 2020 782 2076 ad
811 2020 969 2076 tidem
1023 2036 1155 2077 mss.
1189 2028 1246 2076 et
1266 2019 1568 2091 praesertim
1599 2016 1866 2089 antiquis-

263 2110 392 2167 simi
419 2111 820 2184 Longobardici
840 2111 1185 2170 bibliOtheca:
1215 2111 1313 2168 Fto
1327 2111 1554 2169 rentius:
1585 2108 1863 2177 Mediceze,

339 2273 424 2341 (a)
467 2271 687 2326 Haverc.
715 2272 925 2341 prset'at.
951 2271 1020 2327 ad
1052 2271 1212 2328 Oros.
1247 2271 1347 2327 sub
1376 2271 1471 2327 lin.

251 2371 268 2380 ι
336 2343 414 2414 (b)
456 2342 660 2398 Mabilt.
694 2341 764 2399 de
793 2359 852 2400 re
876 2344 1098 2414 diplom.
1135 2343 1230 2400 lib.
1261 2358 1317 2411 v,
1349 2359 1470 2414 pag.
1500 2341 1628 2398 355.

338 2414 414 2484 (c)
457 2414 612 2470 Oros.
643 2416 781 2470 llist.
813 2415 909 2470 lib.
934 2431 1031 2477 vtt.
1055 2429 1179 2478 cap.
1205 2416 1298 2481 45,
1331 2416 1434 2471 sub
1464 2415 1558 2469 litt.

337 2488 420 2560 (τι)
451 2485 750 2560 _l_iaron.__ad
779 2486 1070 2560 apud”,
1103 2485 1130 2560 θ
1165 2487 1253 2560 iii.

334 2554 407 2628 (ε)
451 2556 596 2613 Voss.
627 2558 721 2614 lib.
755 2575 794 2614 ιι
822 2558 890 2614 de
920 2554 1064 2614 llist.
1093 2554 1270 2614 Latin.
1299 2571 1420 2629 cap.
1453 2557 1543 2624 id,
1589 2571 1710 2628 pag.
1740 2554 1868 2612 216.

269 2697 641 2716 —

1984 529 2216 602 ligenter
2242 543 2454 590 exacta.
2482 534 2656 591 Unum
2695 545 2798 605 est,
2850 539 2992 607 quod
3033 539 3576 600 animadvertendum

1984 622 2377 679 existimamus.
2402 625 2690 698 Nimirum,
2724 630 2985 699 temporis
3020 645 3236 686 cursum
3283 644 3582 705 supputans

1983 713 2227 786 Orosius,
2255 732 2412 788 quem
2462 715 2516 773 in
2556 735 2650 774 sua
2695 721 2933 777 llistoria
2965 723 3303 780 contexenda
3342 729 3584 798 comple-

1983 823 2106 878 xus,
2134 811 2204 864 ab
2235 811 2367 866 orbe
2398 813 2616 866 condito
2647 829 2816 885 usque
2843 815 2908 870 ad
2949 831 3102 882 suam
3149 827 3362 874 mtatem
3408 821 3581 875 dedu-

1988 899 2085 968 xit,
2120 897 2198 957 sic
2225 901 2395 973 inquit
2426 905 2539 978 (c):
2587 900 2974 980 Eapticui......
3001 909 3064 964 ab
3097 910 3246 965 initio
3279 915 3462 967 mundi
3493 930 3579 970 us-

1981 1009 2079 1064 que
2103 991 2157 1048 in
2179 1008 2478 1063 praesentem
2508 995 2644 1053 diem
2670 1015 2762 1071 per
2786 1016 2950 1055 annos
2973 1018 3065 1056 vis.
3096 1019 3179 1059 nc.
3211 1020 3365 1070 xvm,
3398 1007 3452 1062 id
3474 1019 3580 1072 cst,

1979 1089 2250 1160 quinquies
2301 1091 2443 1144 mille
2489 1103 2754 1149 sexcentos
2807 1105 2852 1148 et
2899 1097 3276 1169 duodeviginti,
3337 1109 3444 1156 etc.
3492 1103 3584 1156 Sic

1979 1183 2287 1239 exactiores
2337 1193 2548 1242 veteres
2589 1187 2864 1260 ediii(alii
2910 1191 3129 1262 quidem
3178 1195 3450 1261 nonnulli,
3483 1209 3585 1252 nu-

1981 1288 2131 1328 mero
2165 1289 2271 1329 uno
2299 1278 2650 1347 transposito,
2699 1279 2840 1334 baud
2880 1281 3018 1338 bene
3051 1299 3160 1354 prae
3185 1299 3246 1340 se
3274 1284 3455 1342 ferunt
3477 1301 3574 1345 vis.

1980 1377 2102 1422 exc.
2154 1381 2309 1434 xvtu,
2349 1369 2443 1440 qui
2495 1375 2676 1426 tamen
2727 1387 3014 1432 numerum
3069 1386 3404 1446 postremum
3444 1393 3579 1437 xvm

1981 1457 2146 1528 probe
2177 1457 2435 1532 retinent)
2458 1477 2471 1527 ;
2504 1463 2582 1518 sic
2604 1463 2730 1518 item
2752 1466 2958 1530 optime
2977 1466 3226 1538 legerunt
3250 1470 3354 1526 viri
3375 1471 3571 1527 doctis-

1978 1548 2121 1615 simi,
2144 1547 2408 1607 Batonius
2437 1549 2542 1625 (τι),
2576 1549 2804 1611 Vossius
2838 1557 2933 1627 (ο),
2965 1556 3160 1628 Paglus
3187 1557 3239 1632 (f
3255 1560 3274 1629 )
3321 1571 3388 1617 ac
3411 1559 3582 1619 Tillc-
3680 1575 3686 1582 '
3763 1567 3772 1575 '

1978 1641 2219 1700 moutius
2246 1642 2343 1715 (g).
2379 1645 2446 1702 At
2472 1644 2877 1718 llavercampus
2909 1649 3072 1721 siglas
3099 1653 3414 1709 numericas
3439 1669 3574 1710 ocu-

1979 1731 2044 1788 iis
2074 1731 2402 1804 fugientibus
2427 1750 2748 1804 excurrens,
2785 1740 3090 1811 rescripsit,
3128 1757 3218 1811 per
3250 1757 3414 1798 annos
3435 1744 3578 1800 mille

1978 1834 2245 1880 sexcentos
2276 1834 2322 1880 et
2349 1840 2745 1900 εερτεκοεοω,
2795 1829 2918 1886 loco
2943 1832 3121 1887 decem
3157 1845 3204 1890 et
3247 1844 3381 1889 octo.
3425 1835 3583 1903 Quod

1973 1919 2194 1998 quidem
2222 1919 2479 1978 mendum
2510 1921 2654 1978 haud
2685 1923 2842 1980 nobis
2874 1924 3318 1986 animadversum
3355 1928 3578 2000 quando

1975 2013 2120 2084 typis
2171 2013 2614 2069 committebatur
2658 2009 3016 2088 llavercampi
3068 2015 3372 2090 exemplar,
3435 2036 3578 2078 nunc

1973 2105 2273 2163 tollendum
2303 2122 2335 2163 e
2369 2117 2560 2162 nostro
2593 2107 2950 2166 admonemus
2982 2109 3084 2185 (It).

2044 2265 2131 2340 (Γ)
2163 2265 2327 2342 ἔσθει
2377 2265 2448 2342 ³⁸.ίὲ
2473 2283 2601 2322 δηιιο
2641 2269 2770 2342 417,
2805 2269 2833 2342 §
2863 2271 2958 2325 25-

2041 2338 2122 2411 ("gi
2161 2339 2370 2418 Tklle‘m.
2404 2338 2562 2418 Mem.
2588 2341 2725 2396 eccl.
2761 2338 2894 2398 to'm.
2931 2341 3074 2414 Xlll,
3111 2359 3234 2418 pag.
3268 2347 3429 2418 1010,
3455 2357 3570 2406 not.

1972 2411 2043 2467 42
2065 2409 2164 2466 sur
2189 2410 2248 2466 S.
2277 2409 2567 2478 Augustin.

2036 2480 2128 2554 .(h)
2171 2480 2326 2538 Oros.
2365 2481 2507 2537 llist.
2540 2483 2630 2540 lib.
2674 2499 2769 2556 vn,
2794 2499 2914 2556 cap.
2945 2485 3038 2545 43.

1207 2839 1574 2926 RATIO
1649 2841 2635 2926 ORTHOGRAPHUE

259 2985 334 3048 In
363 2985 576 3050 Orosii
610 2983 825 3048 codice
853 2975 1339 3065 Longobardioo
1361 2987 1421 3044 et
1447 2982 1902 3064 antiquissimo
1929 2981 2330 3045 bibliothccze
2356 2981 2749 3045 Florentium
2771 2981 3069 3046 mediocre
3096 2983 3158 3044 S.
3195 2983 3558 3063 Laurentii,

646 3113 849 3190 Quam
876 3120 1225 3193 sequuntur
1253 3110 1368 3176 alii
1395 3111 1518 3176 duo
1557 3111 1741 3176 codd.
1775 3110 2042 3193 ejusdem
2071 3109 2380 3174 Bibliolh.
2415 3118 2474 3172 et
2495 3110 2842 3192 prwsertim
2869 3109 3155 3174 XXXV.

258 3371 502 3424 Accerso
926 3395 955 3413 ι
1057 3369 1277 3424 Arcesso

256 3441 550 3508 acquiesco
1061 3439 1341 3510 adquiesco

256 3513 486 3581 acquiro
1066 3511 1291 3580 udquiro

243 3584 578 3638 adolescens
1060 3582 1363 3637 adulescens

253 3653 699 3711 adolescentulus
1058 3654 1485 3712 adulescentulus

256 3725 453 3779 affecto
1060 3726 1265 3794 adfec‘to

254 3796 440 3850 allieio
1057 3797 1247 3860 att/icio

253 3868 418 3936 aiﬁgo
1061 3869 1238 3936 adligo

256 3938 477 3993 afﬂatus
1064 3939 1292 4008 adﬂatus

253 4019 506 4079 aggravat
517 4026 580 4066 us
1059 4011 1372 4080 adgravatae

253 4083 543 4152 aggredior
1055 4082 1334 4152 adgredior

253 4168 498 4222 agnosco
1058 4154 1320 4224 adgnosco

252 4242 281 4278 ει
293 4235 458 4293 ppeto
1053 4225 1244 4292 adpeto

251 4310 473 4368 appono
1051 4296 1262 4368 adpouo

250 4367 401 4437 apud
1051 4367 1180 4439 aput

252 4446 499 4494 assertor
1050 4438 1286 4494 adsertor

251 4507 476 4564 assidue
1053 4509 1276 4566 adsidue

251 4581 512 4637 assiduus
1053 4579 1315 4638 adsiduus

249 4666 474 4710 assumo
1051 4651 1268 4710 adsumo

250 4731 566 4796 assumptus
1053 4723 1360 4798 adsumptus

251 4809 281 4848 a
293 4794 485 4866 ssurgo
1052 4794 1282 4868 adsurgo

250 4875 550 4924 attenuatus
1049 4868 1395 4940 adtemptatus

251 4945 482 4994 attestor
1049 4939 1282 4995 adtestor

250 5017 420 5082 ξυιυς
1048 5011 1219 5082 adque

254 5078 586 5153 {Babylonem
1050 5078 1374 5153 {Iabytanam

251 5149 596 5210 Britannicus
1048 5149 1406 5211 Britiannicss

250 5220 418 5277 Caius
502 5273 514 5288 ,
761 5260 764 5263 -
1046 5222 1212 5280 Gaius

250 5290 710 5365 Carthaginean
1047 5293 1500 5369 Carthaginienses

256 5372 451 5420 catena
1051 5365 1272 5422 cathena

251 5438 497 5510 centurio
1045 5441 1275 5510 centyrio

251 5504 471 5561 collatio
1053 5504 1280 5566 conlatio

251 5576 476 5632 collisus
1051 5582 1284 5637 conlisus

255 5647 538 5718 colloquor
1050 5651 1333 5722 conloquor

254 5729 591 5779 commeatus
1048 5735 1342 5780 conmeatus

251 5801 526 5850 commuto
1046 5805 1253 5851 comunt
1257 5812 1288 5854 0

253 5864 442 5924 concio
1021 5866 1214 5942 _coutio

1886 3368 1932 3431 C
1963 3365 2204 3422 Conditio
2759 3363 3002 3418 condicio

1964 3439 2210 3506 delectus
2763 3434 2982 3506 dilectus

1963 3509 2060 3578 dii,
2085 3507 2188 3564 diis
2760 3505 2836 3578 45,
2869 3505 2951 3578 da

1961 3576 2332 3637 Diacletiattus
2757 3576 3110 3633 Diorlitianus

1959 3651 2208 3732 epistolae
2758 3649 2998 3728 epistulae

1959 3740 2044 3778 CXI
2054 3739 2084 3776 ll
2762 3735 2897 3772 exim

1957 3795 2136 3849 exislo
2757 3789 2950 3844 exsisto

1959 3864 2135 3920 haeres
2758 3861 2904 3914 lieres

1959 3933 2263 3994 idololatria
2759 3931 3002 4006 it't’oialft'a
3030 3934 3145 4006 (sic
3189 3936 3444 3994 SCI‘ibillll'
3497 3937 3549 3993 ἰιι

2830 4003 2991 4079 codd.
3020 4003 3091 4064 '55
3117 4015 3172 4064 et
3210 4007 3304 4079 57)

1956 4078 2150 4134 iisdem
2290 4098 2299 4105 ν
2753 4073 2948 4129 eisdem

1955 4149 2136 4207 illatus
2752 4143 2951 4201 inlatus

1954 4221 2125 4276 illecti
2750 4215 2926 4270 inlecti

1953 4290 2133 4349 illisus
2755 4285 2938 4340 inlisus

1953 4363 2179 4420 illustris
2748 4357 2981 4414 inlustris

1953 4433 2280 4510 immaturus
2752 4429 3043 4510 inmaturus

1892 4533 1895 4537 -
1953 4508 2252 4581 immensus
2751 4508 3014 4581 ςηηιςηεαε

1951 4577 2234 4637 immisceo
2747 4577 3015 4641 inmiscet».

1950 4646 2182 4708 inducim
2751 4639 2970 4698 ἱηάιιιὶω

1873 4721 2127 4816 υῐηειιξὶἳ
2752 4713 2933 4816 $sz

1955 4785 2204 4864 intelligo
2751 4785 2998 4865 intellego

1955 4865 2197 4936 irrumpo
2746 4870 2992 4936 ξηναηιρο

1953 4933 2104 4991 ξησυο
2131 4933 2144 4936 ⁷
2742 4933 2898 4980 inruo

1952 5007 2190 5078 irrupltts
2745 4997 2988 5078 €nt‘uptus

1954 5073 2208 5155 laer'ymte
2743 5073 2974 5155 lacrima

1950 5141 2103 5207 littu's
2745 5141 2869 5202 litus

1950 5222 2174 5294 Μαοωο
2750 5217 3008 5294 ὂζᾳειιεάο
3031 5219 3151 5294 (sed
3170 5235 3280 5278 non
3302 5211 3546 5288 semper)

1949 5293 2250 5351 oﬂ‘uscatus
2753 5289 3055 5357 obfuseatus

1949 5365 2210 5422 Perdicca
2749 5361 3003 5433 Perdica,
3027 5372 3080 5420 et
3110 5362 3367 5419 Perdicca

1949 5436 2196 5507 praelium
2745 5436 2980 5506 praelium

1947 5509 2246 5579 proconsul
2747 5509 3074 5579 proconsules

1948 5577 2172 5651 querela
2747 5577 2975 5651 querella

1954 5644 2146 5708 saltem
2751 5644 2923 5702 saltim
2965 5646 3085 5717 (sed
3134 5662 3242 5704 non
3287 5644 3547 5717 semper)

1955 5721 2387 5782 sexcentesimus
2754 5721 3144 5868 sescentesiqms
3214 5719 3234 5791 (
3264 5717 3358 5776 sed
3437 5731 3546 5778 non

2820 5803 3034 5861 semper

2820 5803 3034 5861 semper

1959 5869 2150 5950 scripsi
2756 5863 2939 5925 scribsi
