4062 6340
332 295 453 357 665

1520 299 1996 361 HISTORIARUM
2037 300 2284 362 PR/EFA
2297 304 2432 362 TIO.

3537 310 3643 371 666

333 427 524 472 tamen
561 428 756 474 canum
795 428 926 472 cura
967 423 1243 488 postrema
1278 429 1292 472 ε
1323 416 1521 490 quibus
1561 420 1694 475 solis
1741 428 1935 476 natura
1962 432 2015 492 Α
2039 419 2347 478 Chaoanaea
2379 437 2487 480 non
2518 421 2740 481 erubuit
2767 421 2978 492 dicere,
3008 431 3064 481 et
3091 423 3354 485 Dominus
3398 441 3506 486 non
3558 431 3641 487 la-

332 511 565 565 insitum
584 519 671 566 est
694 551 710 576 ,
735 509 1043 566 voluntarie
1071 511 1091 542 °
1114 509 1180 565 ad
1210 509 1262 565 id
1291 510 1356 565 ad
1388 510 1532 581 quod
1564 520 1938 582 praeparantur

333 604 394 674 2
420 602 624 674 urgeri,
646 613 702 658 et
721 617 820 672 per
839 603 1136 674 ingenitam
1157 602 1452 673 quamdam
1475 601 1800 660 obedientim
1827 603 1939 660 for-

337 697 545 751 mulam
563 737 579 761 ,
601 695 718 751 sola
747 696 766 727 ⁷
795 693 1127 766 diseiplinati
1154 694 1364 751 timoris
1387 696 1792 766 exspectatione
1819 713 1940 752 sus-

335 787 548 858 pendi,
581 787 756 844 donec
785 787 853 843 ad
883 787 1177 859 peragendi
1221 787 1494 846 licentiam
1539 799 1669 844 nutu
1715 790 1939 862 signove

336 883 650 938 mittantur.
703 881 920 938 Habent
949 881 1094 937 enim
1125 880 1376 954 proprios
1402 883 1678 955 appetitus
1702 925 1718 950 ,
1767 898 1941 954 quan-

334 984 454 1032 tum
511 976 690 1032 brutis
740 975 1202 1042 excellentiores,
1260 983 1491 1032 tantum
1527 977 1942 1033 rationabilibns

338 1073 821 1146 propinquantes:
850 1072 956 1130 hoc
976 1082 1082 1142 est,
1106 1074 1442 1143 discernere,
1477 1089 1682 1143 amare,
1711 1077 1942 1132 servire.

335 1162 474 1220 Nam
515 1163 895 1222 discernentes
937 1165 1082 1221 inter
1110 1165 1361 1222 dominos
1391 1176 1554 1239 atque
1579 1178 1896 1235 extraneos,
1919 1170 1942 1202 ⁸

335 1275 451 1316 non
473 1275 574 1317 eos
601 1275 738 1332 quos
780 1260 1141 1331 insectantur,
1171 1260 1404 1318 oderunt
1431 1278 1444 1316 :
1475 1264 1496 1296 ο
1528 1263 1623 1318 sed
1674 1262 1758 1318 his
1802 1277 1940 1335 quos

334 1363 559 1422 amant,
601 1355 786 1412 zelant
815 1373 827 1410 :
853 1364 910 1411 et
953 1363 1203 1411 amantes
1246 1354 1525 1410 dominum
1571 1369 1636 1412 ac
1680 1355 1939 1423 domum,

339 1463 450 1504 non
481 1447 636 1518 quasi
678 1461 748 1503 ex
776 1454 976 1502 natura
1003 1446 1114 1518 apti
1145 1448 1391 1516 corporis
1433 1447 1688 1518 vigilant,
1741 1447 1837 1502 sed
1873 1462 1938 1502 ex

335 1537 678 1594 conscientia
710 1536 932 1592 solliciti
960 1537 1164 1592 amoris
1191 1537 1497 1610 invigilant.
1529 1537 1685 1595 Unde
1710 1540 1872 1594 etiam
1897 1539 1940 1571 ⁸ο

346 1631 584 1704 mystico
611 1639 952 1687 sacramento
998 1628 1050 1684 in
1081 1628 1410 1699 Evangeliis,
1455 1629 1600 1702 quod
1643 1629 1808 1687 edant
1840 1630 1941 1686 mi-

337 1737 434 1781 cas
463 1725 506 1758 "
537 1725 720 1783 catelli
753 1725 798 1758 ι’
819 1722 922 1782 sub
952 1737 1140 1780 mensa
1181 1723 1534 1780 dominorum
1573 1738 1801 1781 suorum
1823 1764 1839 1792 ,
1886 1734 1941 1780 et

2043 519 2254 575 stidivit
2283 519 2490 576 audire.
2521 520 2565 552 "
2595 520 2796 576 Beatus
2819 520 2980 576 etiam
3010 520 3232 597 Tobias,
3262 523 3456 580 ducem
3487 541 3647 599 ange-

2045 610 2153 665 Iunt
2199 625 2462 683 sequens,
2512 628 2705 671 canem
2736 615 2992 671 comitem
3036 615 3240 673 habere
3276 634 3384 674 non
3414 621 3642 690 sprevit.

2047 701 2213 774 igitur
2245 703 2288 736 ”
2314 705 2556 776 generali
2603 707 2776 762 amori
2825 717 2918 763 tuo
2955 717 3008 763 et
3053 709 3282 778 speciali
3323 725 3644 782 connexus,

2047 794 2310 851 voluntati
2394 805 2501 851 tua:
2575 797 2766 856 volens
2833 799 3009 869 parui.
3095 799 3229 856 Nam
3300 815 3422 858 cum
3511 805 3646 860 tub-

2043 887 2214 956 jectio
2271 903 2389 944 mea
2454 899 2728 961 prtecepto
2790 891 3132 961 paternitatis
3186 901 3291 950 tuas
3348 894 3392 926 ³⁵
3445 894 3643 952 factum

2044 979 2097 1050 3
2124 978 2337 1046 debeat,
2369 980 2414 1012 ⁸⁸
2445 989 2728 1052 totumque
2755 991 2908 1038 tuttm
2948 983 3038 1052 sit,
3073 985 3218 1056 quati
3271 1002 3338 1043 ex
3369 995 3421 1042 te
3465 987 3533 1044 ad
3590 997 3644 1046 te

2047 1071 2204 1137 redit,
2240 1088 2378 1143 opus
2407 1089 2621 1142 meum;
2657 1075 2699 1108 "
2727 1076 2832 1132 hoc
2863 1076 2986 1132 solo
3010 1092 3133 1133 meo
3163 1078 3494 1135 cumulatius
3520 1081 3644 1153 red-

2045 1164 2179 1232 didi,
2203 1165 2350 1236 quod
2378 1164 2569 1233 libens
2603 1166 2724 1222 ieci.
2757 1166 3106 1239 Prmceperas
3129 1168 3260 1224 mihi
3286 1169 3329 1203 ⁸⁸
3350 1179 3408 1224 ιιι
3430 1171 3642 1228 scribe-

2046 1272 2161 1312 rem
2217 1257 2488 1314 adversns
2532 1260 2876 1332 vaniloquam
2924 1262 3251 1332 pravitatem
3299 1277 3513 1330 eorum,
3550 1254 3643 1336 qui

2045 1351 2088 1385 ὀ
2107 1351 2272 1406 alieni
2307 1366 2337 1406 a
2366 1351 2586 1409 civitate
2633 1353 2825 1410 Deiex
2869 1353 3114 1410 locorum
3159 1356 3457 1426 agrestium
3486 1372 3643 1412 com-

2046 1445 2172 1515 pilis
2195 1453 2254 1502 et
2289 1446 2441 1518 pagis
2472 1447 2664 1518 pagani
2706 1456 2992 1514 vocantur,
3023 1449 3140 1505 sive
3169 1450 3438 1519 gentiles:
3471 1452 3522 1487 ὀ
3551 1451 3645 1522 qui

2045 1548 2261 1596 terrena
2307 1541 2522 1610 sapiunt
2556 1557 2570 1596 :
2602 1539 2718 1612 qui,
2771 1555 2894 1596 cum
2946 1540 3127 1597 l'ntnra
3198 1558 3307 1598 non
3371 1552 3640 1614 qumrant,

2044 1624 2087 1664 ’ί
2125 1631 2399 1699 praeterita
2438 1641 2622 1687 autem
2664 1641 2758 1687 aut
2802 1632 3201 1690 obliviscantur
3232 1644 3326 1689 aut
3369 1635 3640 1708 nesciant,

2044 1725 2089 1755 "
2116 1724 2413 1794 praesentia
2444 1731 2650 1780 tantum
2677 1733 2922 1796 tempora
2952 1724 3117 1781 veluti
3139 1725 3297 1783 malis
3321 1738 3476 1784 extra
3506 1729 3644 1786 soli-

1635 1841 1773 1900 IIAV
1783 1841 2083 1901 ERCAMPI
2124 1842 2332 1900 NOTAE
2345 1885 2358 1901 .

419 1937 661 2012 6.Ad_id
686 1935 755 1990 ad
783 1936 924 2009 quod
950 1944 1336 2012 prwparanlur.
1370 1935 1510 1992 Editi
1543 1935 1762 2012 quidam
1792 1947 1942 2012 vete-
1971 1941 2018 2002 Β
2045 1936 2128 1991 sui
2149 1976 2164 2002 ,
2219 1945 2275 1991 et
2315 1935 2485 2012 patris
2513 1936 2831 2012 spiritualis,
2863 1938 3122 2012 fructum,
3155 1954 3263 2012 quo
3290 1941 3639 2011 ostenderet,

341 2025 454 2076 res,
485 2009 554 2081 ad
585 2008 640 2062 id
658 2024 761 2079 quo
794 2006 1192 2081 prwparantur,
1213 2009 1358 2081 inter
1389 2022 1524 2079 quos
1554 2006 1794 2063 omnium
1834 2006 1944 2076 pri-

341 2097 451 2136 ma.
479 2080 607 2136 Mss.
635 2094 770 2136 vero
793 2079 1007 2148 omnes,
1041 2080 1109 2135 ad
1138 2079 1193 2134 id
1220 2079 1359 2151 quod
1389 2089 1776 2151 praeparantur,
1804 2091 1863 2134 ut
1889 2090 1943 2135 et

341 2097 451 2136 ma.
479 2097 607 2136 Mss.
635 2097 770 2136 vero
793 2097 1007 2148 omnes,
1041 2097 1109 2135 aa
1138 2097 1192 2134 ta
1220 2097 1359 2151 quoa
1389 2097 1776 2204 pralslmrantur,
1804 2097 1863 2134 ut
1889 2097 1942 2135 et

341 2153 477 2208 edit.
524 2151 858 2221 Angustana.
909 2152 1090 2217 Quare
1120 2152 1442 2206 interseruit
1487 2151 1751 2206 ‘abricius
1780 2167 1942 2207 vocu-

342 2225 447 2278 lam
480 2222 580 2288 ad,
621 2237 744 2292 quae
775 2225 1087 2278 necessario
1129 2222 1531 2292 requirebatur,
1580 2230 1636 2278 et
1674 2222 1941 2279 excidisse

341 2294 580 2361 videtur,
595 2296 848 2362 quoniam
875 2293 978 2362 bis,
1008 2293 1330 2349 intermedia
1346 2308 1477 2349 voce
1498 2293 1574 2361 id,
1595 2294 1936 2351 occurrebat.

413 2366 470 2420 Ἰ.
493 2363 840 2433 ,Disciplinati
865 2366 1088 2421 timoris.
1141 2363 1239 2418 llic
1287 2379 1384 2433 pro
1439 2365 1641 2418 timoris
1674 2365 1939 2421 exhibent

346 2437 582 2492 tremoris
609 2449 742 2506 mss.
771 2435 922 2492 Flor.
968 2451 1080 2492 sec.
1114 2443 1322 2506 ettert.
1352 2477 1366 2501 ,
1414 2435 1586 2506 Lugd.
1619 2435 1734 2490 Bat.
1783 2451 1891 2491 sec.
1919 2479 1935 2506 ,

345 2509 482 2566 Ultr.
510 2515 568 2563 et
618 2505 750 2562 editi
782 2507 1136 2564 vetustiores.
1168 2504 1238 2561 At
1269 2521 1403 2564 mss.
1434 2504 1605 2576 Lugd.
1640 2505 1772 2576 Bat.
1806 2504 1938 2562 rell;

344 2581 434 2650 qui
461 2587 586 2634 utet
619 2578 793 2650 Meus,
823 2579 1047 2646 timoris,
1081 2588 1135 2634 et
1162 2587 1312 2650 reete
1335 2575 1576 2648 praetulit
1614 2575 1892 2650 Fabricius
1919 2619 1935 2643 ,

344 2647 410 2706 ex
434 2649 630 2706 timore
652 2649 1030 2721 enimtremor
1060 2648 1324 2704 nascitur.
1340 2647 1450 2704 l‘ro
1479 2649 1758 2721 peragendi
1786 2647 1847 2702 L.
1871 2649 1933 2705 B.

347 2730 473 2777 tert.
504 2719 774 2792 pergendi.
802 2719 924 2792 llox
964 2721 1030 2776 ad
1056 2722 1144 2776 illa
1174 2736 1294 2790 qua:
1323 2719 1630 2792 sequuntur:
1647 2761 1662 2782 .
1685 2729 1938 2792 quantum

345 2790 514 2846 brutis
530 2790 680 2847 addit
702 2801 821 2846 sunt
853 2791 1022 2862 Lugd.
1059 2793 1320 2862 Bat.rsec.
1350 2803 1403 2848 et
1435 2790 1574 2848 Ultr.
1607 2790 1764 2846 Prior
1787 2792 1940 2861 ponit

346 2881 472 2920 mox
501 2863 813 2918 animalibus
838 2861 958 2935 post
977 2861 1392 2930 rationabilibus,
1438 2862 1568 2932 legit
1604 2878 1820 2933 quoque
1842 2880 1941 2933 ap-

347 2937 768 3007 prapinquantes.

414 3004 469 3062 8'.
496 3006 621 3061 Non
648 3021 733 3076 eos
764 3022 916 3076 quos.
948 3005 1098 3061 Flor.
1129 3019 1241 3062 sec.
1286 3021 1390 3061 non
1417 3004 1584 3061 solum
1613 3019 1730 3069 eos,
1769 3005 1932 3060 male.

344 3077 570 3133 Orosius
603 3075 750 3132 enim
776 3075 1095 3148 ingenitum
1135 3076 1363 3133 canibus
1406 3091 1528 3134 esse
1575 3077 1651 3130 ait
1693 3090 1935 3148 amorem

344 3165 471 3220 erga
501 3149 752 3205 dominos
771 3188 788 3214 ,
826 3147 905 3203 sic
931 3157 992 3203 ut
1018 3165 1086 3205 eo
1116 3148 1410 3219 impulsore
1454 3155 1746 3220 extraneos
1787 3147 1936 3202 adla~

347 3219 518 3287 trcnt,
567 3235 772 3290 eosque
822 3219 1156 3276 insectantur
1185 3261 1200 3287 ,
1249 3235 1356 3291 non
1381 3219 1527 3291 quod
1550 3221 1693 3290 ipsos
1741 3231 1935 3274 natura

345 3291 560 3348 oderint
582 3335 597 3359 ,
631 3291 729 3346 sed
758 3305 856 3362 pro
884 3290 1205 3347 defensione
1231 3290 1459 3362 domini.

412 3363 467 3417 9.
503 3363 612 3419 Sed
634 3363 735 3430 his,
758 3359 892 3434 quos
918 3374 1116 3434 ainant.
1146 3362 1334 3434 zelant.
1362 3360 1462 3434 His
1489 3376 1596 3416 non
1630 3359 1726 3434 hos
1755 3370 1838 3416 est
1880 3362 1934 3418 in

343 3435 552 3490 nostris
579 3431 994 3504 manuscriptis;
1020 3434 1198 3500 ζηλοῦν
1234 3433 1413 3504 etiam,
1433 3432 1485 3487 in
1532 3431 1710 3504 sacris
1747 3434 1940 3504 litteris

341 3522 463 3560 cum
486 3508 673 3560 dativo
704 3503 921 3575 legitur.
957 3504 1264 3560 FABRICIUS.
1284 3503 1494 3559 -—-Mss.
1527 3503 1668 3559 Ultr.
1691 3513 1744 3558 et
1763 3503 1935 3573 Lugd.

343 3575 460 3631 Bat.
491 3591 686 3632 omnes
709 3576 798 3632 sed
822 3593 915 3639 pro
943 3575 1024 3630 his
1049 3578 1165 3632 sive
1189 3575 1316 3645 hiis,
1351 3586 1409 3630 ut
1440 3575 1529 3630 ed.
1559 3575 1802 3630 omnium
1829 3577 1939 3645 pri-

342 3663 427 3702 ma
464 3666 476 3701 :
511 3648 602 3702 hos
645 3662 776 3704 mss.
800 3646 951 3704 Flor.
975 3661 1088 3703 sec.
1117 3655 1173 3704 et
1194 3654 1320 3702 tert.
1353 3654 1412 3702 ut
1438 3655 1493 3716 et
1517 3647 1628 3702 edit
1657 3645 1894 3716 llittorp.
1919 3661 1938 3713 ;

341 3732 396 3774 at
422 3718 805 3785 Fabrieianum
833 3719 913 3773 his
941 3717 1298 3790 comprobant
1323 3729 1378 3775 et
1419 3715 1648 3788 August.
1699 3715 1852 3774 edit.
1886 3727 1942 3775 et

341 3792 514 3846 codex
542 3790 796 3845 Perizon.
821 3799 983 3856 atque
1011 3790 1183 3845 illene.

414 3863 505 3934 10.
539 3861 786 3934 Mystico.
837 3861 1056 3932 Mystice
1084 3858 1276 3934 Lngd._
1296 3859 1414 3915 Bat.
1445 3874 1558 3915 sec.
1607 3859 1698 3929 qui
1727 3867 1784 3914 et
1808 3875 1939 3934 mox

346 3933 498 3988 addit
528 3931 652 4006 poét
694 3931 973 4006 evangeliis
1003 3934 1227 3987 verbum
1260 3931 1500 4006 legimus.
1555 3946 1653 4001 pro
1679 3946 1787 4001 quo
1813 3932 1942 4005 legi-

345 4013 449 4068 tur,
476 4002 790 4074 tert.quint.
815 4002 866 4058 et
891 4002 1061 4067 Ultr.,
1079 4013 1367 4071 utrumque
1389 4002 1549 4074 male.

417 4077 505 4130 11.
531 4073 716 4131 Catelli
742 4076 840 4129 sub
879 4091 1074 4129 meum.
1105 4074 1328 4144 Legitur
1369 4083 1425 4128 et
1463 4073 1528 4127 de
1557 4088 1752 4127 mensa.
1783 4073 1939 4142 Apud

345 4145 656 4220 llattltzenm
683 4148 860 4217 capite
881 4145 1096 4201 decimo
1125 4153 1315 4220 quinto
1335 4153 1442 4220 est,
1466 4147 1532 4200 τὰ
1547 4145 1764 4220 κυνάρια
1786 4145 1942 4202 ἐσθίει

343 4219 444 4272 ἀπὸ
489 4227 589 4274 τῶν
624 4218 824 4291 dalis?
856 4224 958 4272 τῶν
983 4217 1269 4291 «instigem
1298 4217 1812 4291 énbﬁ'rﬁsjrpmrégn;
1841 4225 1942 4272 τῶν

345 4285 742 4367 augeamus;
770 4288 938 4367 FABI}.
963 4289 1106 4367 τι..
1138 4289 1200 4343 Β.
1235 4297 1358 4344 tert.
1390 4285 1584 4343 Catuli.

419 4362 506 4417 12.
527 4361 642 4416 Sub
663 4377 837 4416 mensa
867 4360 1194 4415 dominorum
1221 4375 1453 4414 suorum.
1488 4366 1820 4429 postremam
1849 4373 1944 4413 vo-

343 4444 464 4487 cem
495 4432 677 4488 delent
696 4431 899 4497 Periz.,
925 4430 1094 4494 Ultr.,
1125 4431 1295 4501 Lugd.
1317 4431 1434 4485 Bat.
1459 4427 1598 4496 sec.,
1631 4437 1687 4484 et
1705 4427 1940 4501 Floren-

343 4504 443 4573 tin.
475 4519 584 4560 see.
621 4512 677 4559 et
707 4513 831 4559 tert.
865 4503 1181 4573 Augustana
1212 4499 1432 4573 quoque
1455 4501 1652 4573 editio,
1681 4499 1942 4573 etCodex

344 4571 514 4630 Meus.
557 4573 752 4629 Mensis
777 4571 1210 4643 autem—praefert
1239 4571 1414 4642 Lugd.
1450 4572 1569 4627 Bat.
1602 4581 1784 4643 quart.
1837 4572 1944 4627 Po-

342 4647 550 4701 stulaut
580 4656 758 4701 tamen
784 4644 971 4700 Grzeca
992 4642 1148 4701 unde
1177 4645 1466 4715 desumpta
1492 4652 1638 4698 sunt.
1672 4642 1791 4698 Mox
1823 4661 1940 4698 mn-

344 4715 441 4771 lier
480 4717 612 4773 editi
642 4717 862 4788 quidam
894 4715 1208 4788 ἱιιίιιιήιιίιιιιιἔ

415 4788 504 4844 15.
536 4785 730 4843 Beatus
758 4786 912 4841 etiam
938 4785 1154 4842 Tobias.
1181 4785 1368 4843 Tobias
1393 4794 1573 4842 sexto.
1604 4785 1772 4842 FABB.

418 4860 506 4916 M.
554 4857 800 4915 Generali
837 4859 1139 4929 amoriﬁtuo
1186 4859 1400 4929 speciali
1455 4874 1630 4929 amore
1651 4874 1938 4914 connexus.

342 4927 472 4986 Flor
501 4941 626 4988 tert.
653 4946 828 4986 amore
856 4939 968 4985 tuo.
996 4927 1236 5000 Vulgata:
1260 4929 1524 4985 hactenus
1552 4928 1769 4985 lectioni
1803 4945 1942 5000 prte-

341 5001 460 5059 lero
481 5002 630 5058 illam
652 5017 774 5072 qua:
792 5001 846 5057 in
869 4999 1240 5058 vetustissimo
1288 5000 1459 5069 Lugd.
1484 5000 1604 5057 Bat.
1629 5015 1768 5070 sec.,
1794 4999 1938 5057 Ultr.

289 5122 301 5132 .
341 5084 396 5127 et
447 5075 620 5146 prima
646 5073 780 5129 edit.
820 5072 1115 5142 invenitur,
1155 5072 1387 5144 generali
1425 5073 1590 5126 amori
1623 5083 1712 5128 tuo
1740 5080 1786 5126 et
1817 5088 1941 5144 spe-

342 5146 466 5198 ciali
496 5161 782 5200 connexus.

413 5217 504 5271 15.
543 5215 767 5271 Factum
795 5215 996 5271 debeat.
1029 5215 1122 5271 Sic
1147 5228 1339 5272 omnes
1363 5229 1496 5271 mss.
1524 5224 1580 5271 et
1605 5213 1769 5280 editi;
1794 5230 1936 5271 unus

342 5285 506 5354 Ultr.,
542 5292 741 5359 factum
785 5287 1062 5357 inpendere
1104 5303 1233 5357 opus
1274 5286 1522 5359 debeatis.
1548 5358 1552 5359 ν
1578 5284 1738 5359 Unde
1785 5296 1938 5359 vetus

339 5355 586 5430 suspicor
603 5373 726 5430 esse
753 5355 1039 5430 mendum;
1086 5355 1432 5430 nequeenim
1457 5358 1591 5413 satis
1609 5355 1777 5430 capio
1807 5357 1936 5428 quid

339 5427 451 5485 hoe
473 5430 572 5485 sibi
607 5429 755 5487 velit.
785 5428 842 5486 Si
869 5430 982 5484 vult
1011 5427 1236 5486 innuere
1261 5429 1506 5500 Orosius,
1540 5428 1932 5500 subjectionem

339 5515 493 5556 suam
527 5510 799 5571 praecepto
829 5500 1174 5568 paternitatis
1201 5499 1735 5571 AureliigAugustini
1771 5499 1936 5555 debe-

339 5587 399 5625 re
441 5574 635 5628 factum
662 5570 776 5644 ,g'id
823 5582 907 5628 est
952 5573 1252 5644 opushoe,
1282 5570 1642 5644 quasidieat,
1688 5570 1740 5624 id
1785 5571 1929 5641 quod

340 5657 484 5698 ιιιιηε
510 5658 538 5697 a
565 5659 650 5697 me
679 5643 879 5698 factum
909 5651 1026 5705 est,
1060 5643 1276 5712 illepide
1297 5642 1426 5699 sane
1451 5642 1663 5697 locutus
1693 5654 1808 5707 est,
1836 5658 1931 5697 ne-

311 5727 446 5780 ‘qne
479 5728 576 5784 pro
604 5729 670 5769 eo
695 5731 802 5784 quo
845 5713 1284 5784 polluitjndieio.
1316 5713 1577 5784 Suspicor
1606 5714 1766 5784 igitur
1791 5714 1929 5768 Oro-

338 5783 487 5839 sitnn
525 5801 631 5840 non
678 5783 875 5855 factum
903 5783 1210 5856 scripSisse,
1255 5786 1351 5841 sed
1397 5783 1641 5855 fructum.
1681 5783 1929 5840 Debebat

339 5867 520 5911 autent
549 5856 900 5926 pratceptioni
940 5867 992 5913 et
1023 5873 1206 5927 operae
1251 5857 1537 5928 Augustini
1575 5856 1927 5927 praeceptoris

1962 3330 2009 3394 C

2046 2019 2306 2079 quantum
2330 2009 2431 2063 hoc
2448 2006 2677 2064 doctore
2700 2009 3044 2079 profecisset.
3065 2006 3222 2067 H'utic
3235 2010 3472 2069 fructum
3497 2006 3642 2072 mute

2047 2078 2293 2152 proierL,
2323 2088 2487 2147 atque
2514 2079 2628 2145 illi,
2651 2078 2740 2136 cui
2769 2080 2971 2138 debere
3019 2098 3081 2139 se
3112 2083 3418 2152 proﬁtetur,
3451 2085 3634 2141 oll‘crt.

2120 2151 2208 2206 16.
2243 2148 2534 2224 Totamque
2584 2161 2726 2206 tuum
2763 2153 2994 2224 sit,getc.
3024 2148 3458 2224 lta'eorruptnim
3491 2157 3634 2212 mala

2045 2221 2398 2297 distinctione
2454 2223 2634 2276 locum
2687 2223 2989 2297 emendavi.
3020 2223 3077 2279 ln
3108 2224 3270 2297 editis
3294 2221 3452 2282 antea
3483 2227 3640 2297 lege-

2048 2293 2226 2370 batur,
2259 2301 2524 2370 totumque
2549 2302 2694 2346 tuum
2723 2294 2812 2370 sit,
2837 2295 2977 2370 quod
3004 2311 3068 2350 ea;
3094 2306 3142 2350 te
3167 2295 3339 2368 (addit
3362 2299 3430 2352 sit
3462 2293 3636 2370 Ultr.)

2045 2364 2115 2418 ad
2142 2373 2191 2418 te
2220 2363 2380 2431 redit,
2416 2363 2548 2434 opus
2574 2380 2745 2419 meum
2775 2365 2875 2420 hoc
2897 2367 3010 2422 solo
3036 2383 3148 2421 meo
3173 2363 3492 2424 cumulatius
3519 2363 3640 2424 red;

2043 2436 2179 2502 didi,
2204 2434 2347 2506 quod
2373 2434 2536 2489 libens
2561 2437 2680 2504 feci.
2712 2436 3128 2493 Distinctionem
3162 2436 3250 2493 hic
3276 2439 3479 2495 debere
3510 2440 3638 2508 poni

2045 2517 2165 2581 post
2215 2523 2346 2581 apus
2380 2522 2726 2581 _meum,gres
2772 2509 3170 2581 ipsa_clamare
3218 2510 3452 2567 videtur.
3501 2512 3641 2567 Dicit

2042 2577 2503 2652 ettim__0rosius,_
2538 2577 2853 2652 universum
2899 2578 3003 2636 hoc
3050 2595 3187 2652 opus
3232 2597 3389 2637 suum
3442 2583 3639 2640 merito

2042 2649 2251 2722 Aurelii
2279 2648 2772 2722 Augustini‘vocari
2802 2665 2985 2721 posse,
3013 2648 3176 2721 atque
3223 2653 3526 2722 profectum
3557 2655 3627 2708 ab

2041 2721 2234 2796 eodem
2281 2718 2366 2796 (id
2399 2719 2660 2796 cst,_ejus
2707 2718 2925 2796 hortatu
2956 2733 3012 2796 et
3045 2718 3198 2796 jussu
3224 2718 3629 2796 conscriptum)

2043 2790 2450 2862 meritoeidem
2497 2791 2696 2847 debere
2721 2791 2927 2848 oll‘erri.
2963 2790 3137 2848 Verba
3167 2803 3312 2848 tuum
3340 2796 3430 2862 sit,
3455 2790 3633 2849 transl

2043 2862 2194 2928 ponit
2226 2861 2380 2936 Flor.
2416 2870 2545 2916 tert.
2594 2862 2818 2931 Insuper
2849 2878 2981 2936 mss.
3015 2863 3189 2936 Lugd.
3225 2865 3343 2919 Bat.
3388 2861 3546 2935 prim.
3577 2875 3635 2922 et

2040 2942 2216 3004 quart.
2249 2934 2320 3005 ita
2367 2932 2575 3002 legunt,
2610 2943 2873 3002 totumque
2913 2935 2981 2989 sit
3019 2932 3168 2989 tuu'm
3186 2938 3327 3005 quod
3351 2932 3419 2992 ea:
3457 2946 3505 2991 te
3543 2939 3631 3004 sit,

2039 3005 2108 3056 ad
2135 3013 2184 3058 te
2204 3004 2381 3058 redeat
2404 3022 2422 3069 ;
2447 3015 2573 3060 tert.
2603 3014 2867 3076 totumque
2890 3022 2942 3076 q.
2966 3023 3010 3061 e.
3041 3015 3088 3060 te
3113 3004 3205 3075 sit,
3228 3007 3297 3061 ad
3326 3017 3374 3062 te
3415 3009 3590 3062 redeat
3614 3023 3636 3074 ;

2041 3090 2154 3131 sec.
2178 3090 2311 3149 vero
2342 3089 2526 3149 nempe
2556 3076 2703 3149 idem
2735 3092 2886 3149 Opus,
2919 3087 3184 3149 totumque
3206 3088 3354 3134 tuum
3379 3079 3468 3144 sit,
3491 3079 3632 3148 quod

2038 3163 2104 3201 ea:
2132 3159 2180 3202 te
2205 3146 2290 3211 sit,
2316 3147 2384 3201 ad
2423 3156 2469 3200 te
2505 3147 2659 3202 redit.
2687 3146 2744 3202 In
2773 3148 2972 3218 quibus
3008 3146 3112 3204 tria
3145 3149 3324 3217 priora
3361 3146 3526 3206 verba
3560 3151 3630 3206 ad

2039 3219 2422 3292 glossamsunt
2450 3217 2754 3292 referenda,
2777 3217 2898 3292 qua:
2929 3219 3163 3292 explicet
3180 3228 3481 3292 totumque.

2115 3290 2201 3343 l7.
2241 3287 2354 3342 Iloc
2395 3287 2508 3342 solo
2555 3306 2668 3344 meo
2715 3287 3054 3346 cumulatius.
3088 3290 3236 3345 Multi
3263 3307 3330 3347 ex
3362 3287 3493 3347 mss.
3517 3308 3635 3347 meo

2040 3375 2146 3433 non
2197 3367 2520 3430 agnoscunt,
2551 3369 2610 3414 nt
2647 3360 2795 3416 Flor.
2837 3375 2975 3427 sec.,
3008 3361 3168 3425 Ultr.,
3214 3360 3412 3431 Periz.,
3458 3363 3633 3433 Lugd.

2043 3431 2160 3486 Bat.
2187 3433 2519 3504 prim._see.,
2542 3441 2595 3486 et
2619 3433 2916 3504 tert.,edit.
2944 3447 3158 3504 quoque
3179 3434 3430 3504 princeps
3451 3431 3634 3490 etAu-

2039 3501 2290 3572 gustana.
2342 3501 2602 3558 Retinent
2651 3503 2798 3560 Flor.
2866 3501 3086 3568 tertius,
3133 3501 3316 3560 codex
3371 3501 3526 3560 incus
3577 3514 3634 3561 et

2040 3573 2214 3644 Lugd.
2245 3575 2362 3630 Bat.
2397 3586 2578 3645 quart.
2605 3573 2658 3628 in
2690 3589 2798 3643 quo
2820 3574 3011 3629 nltitno
3036 3585 3140 3640 est,
3173 3576 3272 3629 hoc
3301 3577 3467 3632 solum
3494 3593 3630 3632 meo.

2043 3645 2244 3718 Potest
2270 3653 2451 3718 autem
2485 3646 2677 3718 abesse
2710 3662 2850 3718 meo.
2877 3645 3133 3714 quoniam
3181 3647 3249 3702 de
3293 3663 3395 3703 suo
3438 3663 3628 3718 opere,

2043 3731 2148 3787 non
2180 3717 2357 3773 alieno
2388 3717 2532 3785 loqui
2560 3715 2814 3771 Orosium
2845 3733 2910 3772 ex
2939 3732 3102 3771 sensu
3133 3719 3269 3772 satis
3298 3729 3468 3787 patet.
3487 3715 3634 3785 'l‘ibi,

2043 3786 2239 3856 inquit,
2268 3796 2421 3856 pater
2449 3789 2773 3858 Augustine,
2810 3789 3044 3842 fructum
3077 3788 3276 3857 debeo,
3300 3786 3466 3858 quem
3497 3789 3634 3845 oll'e-

2043 3873 2127 3927 ro,
2157 3860 2261 3914 tuis
2291 3857 2549 3928 auspiciis
2584 3859 2913 3930 monitisque
2953 3868 3266 3930 susceptum
3297 3857 3457 3928 opus,
3485 3861 3633 3930 quod

2045 3938 2193 3984 lillltll
2230 3931 2330 3984 rite
2351 3931 2532 3984 vocari
2567 3940 2853 3999 propterea
2880 3938 3052 3999 potest
3082 3942 3132 3984 et
3153 3930 3314 3985 debet
3337 3946 3352 3996 ;
3380 3931 3632 3998 obsequii

2043 4001 2215 4068 gloria
2244 4000 2387 4070 apud
2419 4017 2506 4056 me
2529 4011 2636 4061 est.
2668 4016 2842 4071 eoque
2889 4001 3008 4055 solo
3037 4001 3366 4056 cumulatius
3395 4001 3633 4068 reddidi,

2043 4071 2188 4140 quod
2223 4073 2398 4128 libens
2431 4073 2557 4127 l'eci.
2585 4073 2738 4127 l-lanc
2770 4071 3058 4142 praeceptis
3099 4074 3342 4142 magistri
3387 4073 3472 4129 sui
3504 4074 3636 4128 obc-

2043 4142 2302 4214 dientiatn
2345 4144 2398 4197 in
2449 4142 2603 4197 initio
2642 4143 2924 4214 przeloquii
2973 4144 3366 4214 spoponderat,
3400 4144 3453 4198 in
3495 4143 3632 4211 illis,

2049 4213 2328 4288 l'rwceptis
2373 4215 2475 4267 tuis
2534 4215 2712 4288 parui,
2765 4213 3248 4288 beatissimepater
3303 4214 3636 4288 Augustine:

2045 4296 2198 4357 atque
2220 4284 2417 4357 utinam
2449 4295 2553 4339 tam
2579 4285 2865 4356 efﬁcaciter
2887 4301 3039 4357 quam
3070 4284 3326 4340 libenter!

2120 4357 2206 4411 18.
2246 4356 2314 4411 Ut
2341 4357 2633 4412 scriberem.
2665 4358 2743 4411 Ex
2765 4356 3020 4428 omnibus
3049 4357 3211 4412 editis
3227 4368 3282 4428 et
3307 4355 3631 4428 quibusdam

2047 4442 2176 4483 mss.
2202 4428 2483 4484 exciderat
2498 4443 2598 4482 vox
2627 4428 2862 4484 secunda
2874 4427 3174 4492 scriberem;
3192 4427 3456 4484 exhibent
3476 4429 3636 4498 vulgo

2045 4499 2215 4572 utrvel
2236 4500 2600 4572 utiiadversus,
2632 4508 2780 4572 etc.;
2819 4510 3106 4554 servarunt
3141 4499 3457 4572 (ex_qu_ibns
3477 4514 3637 4572 repo-
3682 4539 3686 4543 ρ

2046 4571 2154 4642 sui)
2174 4570 2486 4640 mss.'Lugd.
2503 4569 2621 4625 Bat.
2645 4569 3203 4642 prim.,sec.,quart'.,
3227 4569 3402 4625 rem.
3425 4569 3634 4626 etlJltr.

2120 4641 2207 4698 19.
2227 4643 2396 4697 Alieni
2428 4659 2458 4695 a
2488 4641 2692 4695 civitate
2713 4641 2829 4695 Dei.
2862 4641 3086 4696 Adludit
3110 4641 3177 4695 ad
3199 4642 3463 4696 eximium
3497 4655 3635 4710 prte-

1965 4714 2022 4778 D
2044 4714 2279 4784 ceptoris
2307 4713 2513 4768 Aurelii
2534 4711 2819 4784 Augustini
2855 4726 3014 4784 opus,
3038 4712 3180 4784 quod
3204 4711 3295 4768 ille
3318 4711 3392 4766 De
3416 4710 3636 4767 Cititate

2045 4783 2143 4838 Dei
2167 4785 2462 4854 inscripsit,
2491 4793 2545 4839 et
2588 4783 2742 4854 cujus
2787 4783 3058 4838 decimum
3105 4783 3356 4840 ediderat
3407 4784 3633 4853 librum,

2044 4870 2167 4910 cum
2200 4856 2315 4912 haec
2345 4871 2442 4910 sua
2469 4854 2716 4924 vulgaret
2741 4853 2986 4910 Orosius.

2115 4927 2206 4982 20.
2244 4927 2343 4992 Qui
2371 4922 2826 4998 terrenafsapiunt.
2859 4925 2954 4998 Sic
2981 4939 3172 4998 omnes
3217 4924 3348 4998 fere,
3372 4922 3637 4983 exhibent

2046 5011 2218 5064 mss.;
2245 5012 2386 5054 unus
2414 5004 2509 5052 aut
2536 4995 2673 5052 alter
2693 5012 2817 5053 cum
2845 4996 3080 5068 vulgatis
3108 4995 3438 5053 editionibus
3473 4998 3624 5064 legit,

2045 5071 2167 5140 quia
2195 5081 2405 5141 terrena
2427 5069 2662 5138 sapiunt.
2694 5068 2850 5141 quasi
2871 5068 3110 5141 gentiles
3137 5076 3486 5141 vocarentur,
3504 5070 3634 5137 quia

2049 5138 2261 5196 terrena
2291 5139 2540 5211 sapiunt;
2571 5138 2837 5265 quod—ego
2868 5138 2994 5195 inde
3018 5138 3339 5210 exsculpere
3383 5153 3632 5209 nequeo;

2049 5213 2270 5265 atillos.
2297 5213 2387 5265 nui
2419 5226 2449 5265 a
2495 5212 2722 5265 civitate
2814 5209 2864 5265 ei
2907 5210 3075 5265 alieni
3117 5221 3263 5265 sunt.
3309 5223 3550 5265 paganos
3579 5220 3632 5265 et

2041 5213 2270 5278 atillos,
2297 5209 2387 5282 qui
2419 5226 2449 5266 a
2495 5209 2722 5266 civitate
2768 5209 2864 5266 Dei
2907 5210 3075 5266 alieni
3117 5209 3263 5278 sunt,
3309 5223 3550 5280 paganos
3579 5220 3638 5266 et

2041 5285 2269 5351 gentiles
2313 5281 2626 5347 vocat;bos
2666 5281 2798 5338 dicit
2845 5290 3061 5338 terrena
3105 5296 3318 5352 sapere,
3349 5283 3477 5350 bos,
3508 5295 3632 5336 cum

2041 5356 2222 5410 futura
2250 5370 2355 5410 non
2383 5362 2650 5425 quzerant,
2682 5362 2788 5410 etc.

2115 5427 2208 5482 2|.
2235 5423 2511 5482 Prtetérita
2538 5436 2727 5480 autem.
2760 5423 2906 5481 Edit.
2959 5427 3187 5494 August.
3219 5438 3343 5494 non,
3384 5423 3636 5494 agnoscit

2039 5507 2233 5561 autem,
2260 5507 2317 5552 ut
2358 5513 2458 5553 nec
2505 5496 2694 5552 Venet.
2729 5511 2828 5552 nec
2873 5511 2974 5551 ms.
3021 5493 3219 5564 Pieriz.,
3251 5493 3348 5550 sed
3393 5493 3631 5564 llittorp.

2039 5571 2184 5626 delet
2227 5582 2461 5639 sequens
2490 5578 2621 5639 aut,
2653 5578 2711 5623 ut
2756 5579 2811 5624 et
2838 5567 3014 5637 Lugd.
3045 5567 3163 5621 Bat.
3205 5577 3332 5621 tert.
3381 5570 3448 5621 At
3478 5568 3633 5636 pejus

2040 5655 2225 5697 vocem
2274 5638 2377 5695 non
2412 5638 2598 5695 delent
2633 5641 2763 5695 edit.
2796 5640 3052 5708 princeps
3084 5647 3140 5691 et
3165 5640 3302 5708 Aug.
3328 5640 3381 5692 in
3414 5638 3480 5692 iis
3510 5655 3633 5707 quae

2038 5721 2454 5784 prtecesserunt,
2483 5727 2585 5784 non
2607 5719 2870 5784 quierant.
2905 5709 3025 5763 Mox
3055 5708 3429 5763 obliviscuntur
3454 5717 3510 5764 et
3539 5726 3631 5764 nc-

2035 5781 2207 5838 sciunt
2239 5797 2368 5837 mss.
2401 5781 2572 5850 Lugd.
2605 5783 2721 5838 Bat.
2749 5797 2857 5850 pr.,
2886 5788 3034 5847 tert.,
3067 5790 3120 5835 et
3158 5790 3340 5850 quart.

2106 5855 2198 5910 22.
2230 5853 2519 5909 Prwscntia
2569 5862 2790 5908 tantum.
2828 5851 3118 5907 Praesentia
3165 5863 3334 5908 tamen
3379 5851 3627 5910 Floreat.
