4062 6340
318 295 422 358 867

1725 284 1930 343 PAULI
1968 283 2194 344 OROSll

3513 280 3636 341 668

320 415 435 462 tum
489 399 860 472 infestissima,
891 399 948 474 ι
993 397 1064 455 ob
1110 397 1215 458 hoc
1253 398 1430 456 solum
1475 395 1620 470 quod
1672 395 1916 454 creditur
1942 401 1992 459 Α
2017 397 2174 454 sione
2211 397 2408 468 pressi,
2437 395 2523 454 cui
2550 396 2870 470 plerumque
2895 398 3164 472 repu'auti
3199 413 3364 469 supra
3393 399 3631 456 modum

321 499 596 565 Christus,
627 507 682 553 et
713 496 910 552 colitur
935 495 1104 562 Deus,
1135 494 1280 564 idola
1320 502 1500 552 autem
1527 493 1572 524 “
1605 491 1788 548 minus
1817 505 1915 548 coo

324 592 528 657 luntur,
560 587 826 644 infamant
856 605 868 643 :
906 603 1244 659 prmcepcras
1274 603 1426 658 ergo,
1460 595 1516 642 ut
1544 601 1615 642 ex
1640 587 1914 657 onmibus,

327 685 418 754 qui
468 681 660 737 haberi
712 679 779 736 ad
827 696 1068 752 prmsens
1099 688 1346 752 possunt,
1373 679 1728 736 historiarum
1757 688 1921 752 atque

329 775 609 832 annalium
643 773 819 842 lastis,
851 789 1210 844 qtrmcumqne
1258 784 1352 828 aut
1399 772 1556 828 bellis
1584 773 1797 845 gravia,
1829 783 1925 831 aut

330 875 587 935 corrupta
615 863 844 930 morbis,
868 873 958 920 aut
984 864 1125 920 fame
1152 864 1350 931 tristia,
1381 874 1474 937 aut
1503 873 1774 921 terrarum
1809 881 1925 922 mo-

265 1020 275 1025 _
336 961 476 1016 tibus
500 957 793 1028 terribilia,
814 968 904 1013 aut
927 956 1367 1013 inundationibus
1392 973 1654 1026 aquarum
1681 958 1922 1028 insolita,

337 1065 434 1131 aut
458 1054 838 1127 eruptionibus
882 1051 1086 1125 ignium
1125 1051 1437 1122 metuenda,
1468 1062 1560 1108 aut
1591 1053 1787 1109 ictibus
1821 1053 1924 1108 ful-

339 1147 545 1204 minum
587 1143 1211 1216 plagisque‘grandinum
1243 1159 1409 1207 saeva.
1441 1144 1522 1201 vel
1552 1145 1719 1202 etiam
1748 1145 1926 1215 parri-

335 1238 496 1293 cidiis
528 1237 854 1308 ﬂagitiisque
877 1236 1099 1302 misera,
1129 1251 1224 1307 per
1246 1245 1517 1292 transacta
1550 1245 1698 1294 retro
1728 1237 1929 1292 smcula

339 1330 691 1400 reperissent,
723 1328 974 1384 ordinato
999 1328 1237 1384 breviter
1264 1328 1552 1384 voluminis
1586 1336 1736 1386 textu
1759 1329 1932 1400 expli-

338 1437 516 1478 carem
545 1439 558 1474 :
589 1421 822 1477 maxime
851 1436 975 1478 cum
1009 1421 1372 1477 reverentiam
1397 1429 1566 1490 tuam,
1593 1419 1930 1492 perﬁciendo

339 1515 387 1548 “
412 1514 676 1570 adversus
704 1513 802 1570 hos
833 1514 981 1582 ipsos
1013 1529 1252 1585 paganos
1282 1513 1571 1569 undecimo
1598 1512 1740 1570 libro
1768 1514 1931 1570 insis-

340 1613 543 1660 tentem
593 1607 640 1638 ’⁸
693 1607 966 1678 (quorum
1004 1605 1114 1678 jam
1169 1605 1358 1661 decem
1391 1605 1438 1636 ’°
1468 1605 1709 1677 orientes
1768 1605 1930 1673 radii,

341 1715 465 1754 mox
514 1708 571 1754 ut
610 1700 656 1730 "
683 1697 750 1755 de
791 1699 1009 1770 specula
1060 1697 1442 1755 ecclesiastica:
1489 1698 1754 1756 claritatis
1804 1698 1932 1755 elati

2021 491 2415 548 extestuavisse
2483 491 2836 562 prtesentium
2877 495 3063 549 clades
3123 503 3427 562 temporum
3470 491 3641 550 vidc—

2021 589 2238 645 bantur.
2270 591 2322 663 5
2348 588 2547 644 Nactus
2575 590 2722 644 enim
2749 603 2868 644 sum
2903 590 3212 658 praeteritos
3241 589 3360 644 dics
3390 603 3494 645 non
3525 603 3638 645 so-

2021 681 2133 738 lum
2161 697 2315 753 a‘que
2341 690 2398 738 ut
2422 681 2521 736 hos
2545 697 2760 752 graves,
2791 697 2976 739 verum
3001 682 3166 738 etiam
3200 690 3350 737 tanto
3380 682 3636 738 atrocius

2023 773 2275 838 miseros,
2311 781 2512 844 quanto
2557 773 2768 843 longius
2798 787 2826 828 a
2867 773 3110 830 remedio
3155 789 3300 829 vera:
3344 772 3635 846 religionis

2024 867 2273 933 alienos;
2309 877 2368 923 ut
2390 866 2589 923 merito
2620 867 2664 900 ³³
2695 865 2794 922 hac
2831 866 3166 922 scrutatione
3211 865 3493 934 claruerit,
3536 882 3638 922 re-

2025 975 2224 1031 gnasse
2273 969 2503 1016 mortem
2550 958 2760 1014 avidam
2810 959 3116 1030 sanguinis,
3168 957 3296 1013 dum
3344 958 3637 1029 ignoratur

2027 1051 2240 1122 religio.
2264 1051 2310 1083 ³³
2331 1067 2452 1123 qua:
2481 1051 2794 1122 prohiberet
2823 1066 2854 1106 a
2885 1051 3152 1122 sanguine
3179 1068 3192 1104 :
3219 1049 3267 1082 "
3299 1050 3404 1107 ista
3435 1051 3638 1107 illuce-

2028 1154 2236 1209 secuto.
2261 1144 2408 1200 illam
2438 1145 2818 1214 constupuisse
2843 1161 2855 1198 :
2887 1143 3032 1199 illam
3063 1142 3345 1228 concludi,
3374 1157 3496 1198 cum
3525 1143 3644 1198 ista

2032 1240 2076 1273 ⁸⁸
2101 1240 2211 1312 jam
2240 1239 2532 1310 pra-valet;
2565 1238 2709 1294 illam
2738 1238 2956 1309 penitus
2987 1238 3190 1294 nullam
3218 1237 3477 1305 futuram,
3507 1251 3642 1292 cum

2033 1333 2152 1388 haec
2176 1333 2290 1389 sola
2315 1331 2583 1401 regnabit.
2618 1331 2869 1401 Exceptis
2891 1329 3144 1387 videlicet
3163 1332 3499 1399 semotisque
3521 1329 3644 1386 illis

2031 1425 2228 1482 diebus
2258 1424 2562 1481 novissimis
2591 1424 2693 1480 sub
2725 1425 2832 1480 line
2854 1424 3067 1490 surculi,
3089 1433 3143 1479 et
3163 1424 3268 1480 sub
3294 1423 3647 1492 apparitione

2035 1516 2375 1582 Antichristi,
2407 1515 2493 1572 vel
2523 1516 2686 1572 etiam
2716 1514 2818 1572 sub
2856 1514 3208 1571 conclusione
3245 1513 3479 1586 iudicii:
3519 1513 3651 1584 qui-

2035 1609 2136 1665 bus
2184 1609 2396 1667 futuras
2433 1608 2731 1680 angustias,
2782 1607 2974 1679 quales
3019 1617 3148 1663 ante
3190 1621 3298 1662 non
3336 1605 3383 1638 ³⁸
3412 1605 3647 1672 fuerint,

2039 1701 2299 1758 Dominus
2326 1700 2576 1758 Christus
2605 1715 2702 1771 per
2727 1699 3040 1771 Scriptores
3067 1708 3307 1764 sanctas,
3337 1711 3438 1754 sua
3467 1697 3644 1753 etiam

339 1801 490 1858 sunt,
513 1793 560 1823 ’⁸
589 1801 702 1847 ιοιο
733 1790 869 1848 orbe
893 1787 1206 1862 fulserunt),
1238 1790 1342 1846 levi
1371 1789 1638 1861 opusculo
1672 1789 1928 1862 occupari
1957 1795 2005 1858 B
2033 1795 2433 1852 contestatione
2458 1795 2748 1866 praedixit:
2780 1793 2823 1826 ³⁷
2850 1809 2973 1849 cum
2997 1792 3296 1850 secundum
3325 1791 3500 1862 ipsum
3523 1791 3653 1862 qui-

341 1899 450 1939 non
498 1892 826 1952 oporteret:
868 1885 912 1916 ²⁹
951 1892 1008 1938 et
1054 1892 1278 1938 sanctus
1327 1882 1471 1938 illius
1512 1891 1658 1950 tuus,
1688 1880 1935 1938 Julianus
2038 1887 2310 1961 dem,.qui
2350 1899 2406 1947 et
2449 1904 2593 1945 nunc
2631 1897 2687 1944 et
2733 1902 2950 1960 semper
2995 1896 3102 1952 est,
3149 1884 3399 1953 modum,
3454 1900 3649 1940 verum

341 1973 809 2046 Carthaginiensis,
843 1991 1034 2032 servus
1067 1975 1186 2042 Dei,
1215 1975 1474 2032 satislicri
1521 1990 1690 2046 super
1727 1973 1831 2034 hac
1876 1993 1936 2036 re
2037 1981 2314 2054 apertiore
2340 1996 2404 2037 ac
2443 1981 2694 2051 graviore
2738 1978 3078 2048 discrimine,
3126 1994 3222 2050 per
3268 1976 3650 2034 intolerabiles

344 2066 389 2098 ³ο
415 2067 664 2139 petitioni
695 2083 808 2123 suae
837 2067 1027 2124 eadem
1070 2068 1269 2124 liducia
1313 2083 1420 2140 qua
1451 2069 1720 2139 poposcit,
1751 2071 1938 2141 exige-
2039 2073 2423 2130 tribulationes
2462 2083 2769 2143 temriorum
2810 2072 3052 2139 illorum,
3101 2080 3324 2128 sanctos
3373 2067 3646 2142 probatio,

341 2171 428 2220 ret
460 2182 472 2217 :
505 2162 630 2219 dedi
661 2178 907 2234 operam,
941 2173 994 2219 et
1033 2163 1301 2234 meipsum
1349 2163 1402 2218 in
1453 2161 1646 2234 primis
1667 2163 1712 2196 ⁸¹
1739 2161 1934 2220 conl'u-
2043 2165 2240 2237 impios
2269 2165 2505 2239 perditio
2530 2172 2912 2239 consequetur.

1623 2303 2075 2362 HAVERCAMPI
2115 2305 2346 2364 NOTAE.

341 2457 480 2499 sec.,
513 2441 645 2498 edit.
677 2457 759 2510 pr.
793 2447 848 2498 et
875 2441 1013 2513 Aug.
1041 2451 1095 2497 et
1149 2441 1374 2505 Venet;
1422 2441 1692 2507 prresentia
1724 2451 1924 2495 tantum

342 2515 454 2587 ipsa
479 2513 626 2587 Flor.
663 2522 789 2569 tert.
819 2513 940 2587 Mox
959 2513 1645 2587 quaedam,itq‘estatissima.

415 2585 509 2640 25.
542 2584 718 2639 Minus
758 2583 1023 2639 coluntur.
1071 2584 1242 2655 Lugd.
1271 2583 1389 2638 Bal.
1425 2599 1508 2655 pr.
1541 2593 1596 2638 et
1639 2592 1790 2643 tert.,
1824 2599 1926 2638 non

343 2656 606 2710 cot'untur.
621 2656 725 2711 Sed
753 2657 965 2725 vulgata
985 2653 1206 2719 rectior,
1223 2657 1346 2724 quia
1365 2653 1779 2725 nondumplane
1795 2656 1926 2708 abo-

343 2725 435 2781 lita
463 2735 582 2782 erat
605 2727 824 2793 gentilis
847 2723 1056 2795 religio.
1086 2725 1207 2781 Mox
1235 2723 1568 2780 historiarum
1593 2723 1739 2779 libris
1755 2727 1927 2780 l'eriz.

411 2799 500 2853 ‘24.
546 2799 828 2852 Adversum
874 2799 968 2851 Iros
1009 2798 1164 2868 ipsos.
1223 2795 1358 2868 Hinc
1401 2797 1772 2868 cognoscitur,
1822 2811 1930 2868 quo

342 2878 584 2935 tempore
615 2871 757 2924 hanc
794 2867 1076 2924 historiam
1127 2867 1515 2934 conscripserit
1559 2867 1810 2934 Orosius,
1843 2867 1929 2923 ni-

343 2940 541 2996 mirum
573 2948 696 3008 post
745 2939 968 2994 Romam
1013 2949 1226 3005 captam
1274 2941 1376 2992 sub
1407 2938 1648 2994 Honorio
1693 2940 1931 3007 impera-

348 3021 487 3076 tore,
515 3026 660 3066 anno
687 3011 889 3083 Christi
920 3012 1058 3076 stu;
1083 3027 1186 3083 qua
1220 3011 1287 3083 de
1309 3027 1366 3064 re
1395 3011 1642 3066 dicemus
1672 3010 1818 3064 libro
1848 3011 1932 3064 nl-

345 3083 478 3137 timo
501 3086 677 3150 capite
711 3082 975 3153 vigesimo
1021 3080 1380 3153 nouo.Cum_
1416 3097 1549 3148 ergo
1596 3083 1932 3149 Augustinus

339 3155 449 3221 jam
471 3153 740 3210 decimum
771 3151 840 3209 de
861 3152 1092 3209 Civitate
1125 3152 1220 3209 Dei
1261 3151 1597 3222 perfecisset,
1628 3161 1793 3220 atque
1821 3153 1929 3221 jam

348 3225 692 3280 undecimum
722 3223 1110 3281 conscriberet.
1161 3221 1271 3279 tum
1303 3221 1532 3279 Orosius
1579 3231 1769 3278 noster
1816 3225 1932 3279 haec

345 3296 589 3352 scribere
615 3310 902 3367 aggressus
927 3308 1030 3351 est.
1064 3294 1230 3351 Faen.
1274 3365 1282 3367 Α
1398 3365 1407 3367 _
1959 3295 2004 3359 C

413 3368 506 3439 ‘25.
539 3365 770 3432 Quorum
786 3369 902 3439 jam
928 3369 1122 3420 decem.
1153 3369 1232 3423 Ex
1273 3365 1373 3439 hoc
1396 3365 1529 3439 loco,
1549 3373 1695 3435 patet
1715 3377 1932 3423 veteres

347 3439 399 3494 in
445 3437 671 3494 edendis
717 3436 926 3509 magnis
963 3439 1223 3493 librorum
1273 3436 1658 3504 voluminibus,
1701 3448 1757 3494 ut
1807 3447 1936 3493 sunt.

349 3511 437 3564 illa
480 3511 762 3581 Augustini
808 3511 878 3565 de
921 3509 1153 3564 Civitatc
1208 3509 1324 3575 Dei,
1371 3509 1616 3580 singulos
1658 3509 1961 3566 interdum-

347 3581 538 3644 libros,
575 3583 662 3639 ubi
697 3581 1120 3650 perlectierant,
1154 3581 1422 3651 vulgasse.

417 3653 507 3724 26.
535 3651 770 3708 Orientes
796 3653 952 3707 radii.
975 3651 1031 3707 ln
1056 3651 1203 3707 Flor.
1225 3667 1337 3724 sec.
1363 3651 1792 3724 superscriptum
1815 3659 1939 3708 erat

347 3722 505 3780 velut.
529 3725 586 3779 lu
612 3730 700 3780 ed.
729 3726 952 3794 August.
980 3724 1197 3793 legitur,
1217 3723 1354 3777 velut
1379 3722 1592 3779 orientis
1615 3723 1774 3790 radii,
1801 3731 1937 3779 tatu-

349 3811 511 3865 quam
568 3795 636 3850 ad
678 3797 862 3852 radios
908 3796 1041 3850 solis
1082 3796 1248 3849 veluti
1289 3795 1514 3850 orientis
1557 3794 1935 3865 adluderetur,

351 3882 472 3920 cum
499 3868 777 3937 sequentia
815 3869 1042 3936 probent
1092 3866 1159 3920 ab
1205 3865 1418 3936 ignibus
1451 3865 1672 3937 (quibus
1720 3866 1938 3938 signum

351 3938 969 4063 dabatutZdesnmptam
1002 3952 1124 3992 esse
1153 3939 1547 4021 metaphoram.

424 4010 516 4063 27.
617 4028 645 4063 e
684 4011 917 4063 saecula.
950 4019 1082 4063 etc..
1128 4009 1251 4063 elats
1281 4017 1418 4062 sunt.
1463 4009 1542 4063 Lu

424 4010 516 4065 Ξῖ.
565 4008 645 4066 De
684 4008 917 4080 specula,
950 4019 1082 4075 etc.,
1128 4009 1251 4063 elati
1281 4017 1418 4062 sunt.
1463 4008 1632 4077 Lugd.
1665 4008 1784 4063 Bat.
1831 4022 1938 4075 pr.,

356 4090 477 4136 tert.
513 4091 567 4137 et
597 4079 801 4152 quart..
829 4081 893 4136 de
909 4081 1120 4154 speculo
1145 4079 1477 4154 delatisunt,
1504 4080 1666 4134 male.
1693 4080 1943 4154 Propriu-

359 4163 439 4209 tas
470 4150 760 4209 locutienis
790 4150 947 4223 patet
961 4167 1028 4208 ex
1053 4151 1276 4207 Lucano
1305 4150 1398 4206 lib.
1428 4166 1504 4222 vt,
1535 4166 1684 4208 vers.
1705 4151 1846 4207 278:

538 4233 630 4283 Vis
654 4233 823 4296 praelia
845 4233 1008 4283 Caisar

473 4293 730 4356 Senserat,
757 4297 917 4346 elatus
939 4296 1152 4358 specula,
1175 4307 1286 4358 quae
1313 4293 1525 4358 prodidit
1547 4295 1694 4360 ignis.

425 4369 518 4424 '28.
553 4368 683 4424 Toto
706 4369 844 4422 orbe.
874 4367 972 4422 Ed.
1011 4368 1144 4422 Hitt.
1181 4377 1284 4421 toto
1315 4368 1447 4422 orbi.

429 4440 521 4495 29.
549 4439 614 4494 lt‘t
664 4448 872 4495 sanctus
924 4439 1086 4508 (ilius.
1119 4437 1331 4492 Etcum
1359 4449 1568 4494 sanctus
1616 4437 1775 4509 ﬁlius,
1811 4443 1946 4505 etc.,

366 4511 538 4577 Lugd.
580 4510 696 4565 Dat.
729 4525 842 4566 sec.
875 4519 930 4565 et
950 4519 1132 4580 quart.
1161 4519 1220 4564 ut
1246 4521 1298 4565 et
1329 4509 1466 4567 Ultr.

432 4585 522 4653 5t).
559 4580 803 4636 Petitioni
832 4578 1156 4653 sutefvulgo
1201 4581 1436 4653 petitioni
1489 4591 1610 4636 tute.
1658 4579 1765 4637 Sed
1813 4578 1947 4653 illud

2104 2444 2190 2498 51.
2227 2443 2562 2515 Confusione.
2611 2441 2780 2514 Lugd.
2815 2442 2936 2498 Bat.
2977 2441 3142 2515 prim.
3170 2449 3226 2497 et
3257 2449 3391 2515 _t_crt.
3427 2439 3479 2496 in
3519 2457 3647 2497 ron-

2032 2515 2257 2584 fusione.
2292 2512 2459 2587 Iidem
2493 2529 2619 2570 mox
2657 2512 2936 2570 uideantur
2968 2512 3066 2587 pro
3111 2527 3218 2587 quo
3255 2512 3406 2570 Flor.
3433 2522 3557 2570 tert.
3593 2519 3652 2571 et

2032 2593 2212 2657 quart.
2243 2585 2534 2640 videbatur.

2105 2656 2194 2712 δὲ.
2230 2657 2348 2710 Hac
2377 2658 2714 2714 scrutatione.
2747 2656 2884 2714 Ultr.
2913 2656 3083 2713 addit.
3113 2674 3242 2712 mea.

2107 2730 2195 2800 55.
2231 2730 2358 2794 Qua:
2385 2728 2673 2797 prohiberet
2695 2747 2726 2782 (ι
2753 2731 3021 2800 sanguine.
3050 2729 3222 2798 Lugd.
3272 2727 3388 2786 But.
3437 2735 3644 2799 quart.,

2038 2799 2377 2872 prohibuerit.
2406 2801 2577 2860 Meus,
2601 2801 2691 2870 qui
2722 2799 2956 2872 prohibet
2984 2803 3304 2871 sanguinem.

2109 2871 2195 2926 54.
2245 2869 2360 2926 Ista
2408 2867 2755 2937 illucescente,
2799 2871 2950 2926 illam
2985 2867 3360 2937 constupuisse.
3406 2867 3544 2926 Cum
3593 2869 3646 2924 in

2037 2943 2311 3015 prioribus
2361 2941 2930 3015 Fabriciiueditionib.
2979 2941 3307 3015 illucescente
3353 2938 3644 3013 legeretur,
3729 2989 3734 2994 .

2037 3013 2198 3079 prout
2230 3015 2284 3068 in
2309 3013 2732 3083 antiquioribus.
2766 3014 2819 3068 in
2853 3029 2984 3071 mss.
3011 3014 3263 3083 Floreat.
3306 3029 3443 3078 sec.,
3484 3022 3636 3083 tert.,

2039 3087 2179 3169 Meo,
2205 3095 2258 3169 et
2282 3081 2452 3169 Lugd.
2483 3084 2598 3169 Dat.
2623 3085 2906 3169 plerisque
2927 3094 2982 3169 et
3001 3081 3178 3169 Poris.
3203 3093 3406 3169 exstat,
3434 3087 3485 3138 in
3511 3082 3646 3169 edit:

2037 3159 2280 3224 Mogunt.
2325 3153 2593 3210 mutatum
2626 3153 2766 3210 illud
2801 3153 2901 3211 fuit
2944 3157 3000 3211 in
3046 3158 3454 3221 conlucescente,
3501 3153 3646 3224 quod

2037 3239 2245 3283 tantum
2273 3229 2324 3282 in
2350 3242 2480 3293 uno,
2507 3227 2676 3298 Lugd.
2708 3228 2830 3298 Bal.
2875 3243 2987 3284 sec.
3025 3227 3175 3292 scil.,
3203 3228 3405 3292 iuveni,
3443 3237 3643 3298 etpro-

2039 3310 2162 3368 pter
2189 3314 2518 3354 concursum
2551 3295 2749 3368 similis
2771 3299 2888 3353 soni
2915 3299 3091 3353 minus
3120 3299 3415 3353 convenire
3457 3295 3644 3352 existi-

2037 3387 2145 3426 mo.
2170 3369 2273 3424 Pro
2291 3370 2643 3442 constuputsje
2663 3369 2857 3425 vitiose
2889 3370 3229 3442 constipuisse
3249 3370 3444 3439 legitur
3460 3368 3649 3442 inqui-

2014 3442 2267 3509 ,busdam
2306 3440 2551 3507 mss.,‘ut
2572 3440 2718 3496 Flor.
2749 3456 2886 3506 sec.,
2917 3451 3069 3506 tert.,
3097 3441 3158 3495 L.
3192 3440 3251 3495 Β.
3279 3450 3405 3495 tert.
3431 3448 3485 3495 et
3507 3440 3645 3494 Meo.

2039 3512 2411 3582 Constupuisse
2434 3527 2559 3567 vero
2580 3511 2719 3567 dixit
2739 3512 2986 3576 Orosius,
3010 3522 3066 3568 ut
3087 3527 3232 3578 saepe
3265 3511 3509 3582 simplex
3537 3518 3649 3562 stu-

2037 3600 2178 3656 pere,
2199 3581 2252 3639 et
2275 3594 2535 3656 stuperent
2554 3582 2938 3640 Tertullianus.
2974 3583 3018 3637 ls
3040 3581 3567 3656 inrApolog._Cap._57
3597 3597 3649 3656 p._

2042 3651 2144 3710 115
2165 3654 2411 3724 apposite
2434 3654 2498 3708 ad
2526 3654 2682 3722 hujus
2707 3655 2808 3709 loci
2833 3669 3077 3722 sensum,
3103 3651 3180 3709 ita
3196 3653 3386 3724 scribit
3411 3671 3424 3708 :
3459 3651 3654 3707 Procul

2041 3727 2195 3780 dubio
2225 3723 2556 3795 expavissetis
2582 3724 2651 3779 ad
2670 3725 3001 3780 solitudinem
3023 3735 3268 3791 vestram,
3297 3723 3366 3779 ad
3391 3724 3654 3795 silentium

2041 3814 2241 3856 rerum.
2267 3794 2314 3851 et
2349 3806 2609 3866 stuporem
2634 3799 2910 3867 quemdam
2951 3797 3100 3867 quasi
3141 3799 3329 3851 mortui
3369 3796 3526 3867 orbis.
3561 3794 3657 3850 Sic

2041 3867 2484 3940 stupentemidixit
2505 3869 2644 3940 idem
2674 3866 3014 3940 divinitatem.
3043 3869 3344 3940 (prmiplaue
3367 3866 3613 3940 nul|a_e_st
3638 3904 3655 3930 ,

2042 3935 2733 4012 AdversusValentiniauos
2755 3955 2877 4011 cap.
2900 3939 2952 3994 7.
2969 3935 3138 4012 Lugd.
3165 3935 3282 3994 But.
3309 3953 3421 3995 sec.
3440 3947 3495 3994 et
3515 3935 3655 3995 Ultr.

2047 4011 2612 4082 habentiobstupuisse.

2117 4083 2204 4138 55.
2237 4081 2360 4136 1am
2387 4079 2649 4153 praevalet.
2674 4079 2796 4135 1am
2821 4082 3121 4153 prmvaleret
3156 4081 3220 4137 L.
3246 4081 3309 4136 Β.
3342 4088 3506 4147 tert.;
3541 4096 3658 4153 cum

2044 4155 2144 4226 ista
2165 4150 2481 4226 praevaleret.
2508 4153 2678 4223 Lugd.
2706 4150 2940 4226 Bat.’_pr.
2977 4153 3120 4216 Mox,
3143 4154 3260 4225 jam
3307 4154 3511 4226 penitus
3541 4150 3660 4226 nul-

2047 4221 2355 4302 l_um'Lugd.
2393 4224 2509 4302 But.
2546 4221 2660 4279 sec.
2692 4233 2747 4302 et
2787 4221 3097 4302 ed_.._Aug_..;
3135 4221 3253 4302 iam
3290 4223 3440 4302 illam
3486 4221 3660 4302 Lugd.

2049 4296 2167 4350 But.
2199 4298 2562 4366 quart.;jam
2601 4296 2806 4363 penitus
2846 4295 2997 4350 illam
3038 4294 3173 4366 Ultr.
3222 4295 3358 4350 Dein
3428 4295 3665 4366 regnavit

2049 4368 2190 4422 male
2207 4381 2302 4438 ρῳ
2315 4365 2707 4438 regnabitFlor.
2735 4375 2862 4421 tert.
2889 4378 2944 4422 et
2973 4365 3284 4438 ed.Aug.ut
3311 4377 3366 4422 et
3385 4365 3655 4438 princeps.

2120 4435 2217 4494 56.
2247 4435 2485 4510 Fuerint.
2531 4437 2666 4510 [fidi].
2711 4440 2849 4508 Aug.
2897 4447 2953 4494 et
2991 4453 3076 4510 pr.
3116 4435 3348 4510 fuerant.
3395 4437 3518 4510 Mox
3563 4449 3664 4510 pro

2049 4518 2368 4594 semperest,
2401 4507 2576 4594 Lugd.
2611 4508 2727 4594 Ba‘t.
2760 4504 3087 4594 pr._serrtper
3116 4504 3248 4594 'fuit.
3280 4504 3662 4594 .lnnilllstub

2056 4577 2389 4652 apparitione
2417 4577 2582 4652 atque
2610 4580 2702 4636 sub
2727 4577 3080 4652 conglusione,
3125 4577 3177 4652 in
3214 4579 3484 4650 prioribus
3509 4587 3565 4634 et
3607 4577 3663 4631 in

361 4670 472 4727 pra:
498 4652 834 4739 hoc'rectius
867 4661 1014 4741 puts:
1048 4649 1294 4708 LAurL—-—
1315 4653 1794 4741 (inullrmantlsuat
1820 4652 1948 4722 (pro
1973 4678 2026 4741 Ι)
2056 4649 2450 4741 piisteripribus
2489 4649 2586 4741 sub
2625 4651 2773 4734 delet
2815 4651 2964 4741 Flor.
2999 4665 3110 4706 sec.
3158 4649 3263 4741 Dro
3285 4657 3663 4741 ι«τοιηδικέιιεειςις,

358 4721 466 4796 uno
516 4725 746 4796 petitioni
788 4733 892 4778 tua:
947 4723 1094 4778 Flor.
1140 4734 1263 4779 tert.
1294 4721 1577 4796 ei_Meus)
1611 4721 1946 4796 Flpr.psec.,

363 4794 536 4868 Lugd.
567 4796 685 4851 Dat.
706 4811 846 4861 sec.,
871 4805 995 4851 tert.
1025 4803 1314 4868 et_quart.,
1339 4794 1478 4868 Ultr.
1500 4794 1564 4868 ut
1587 4803 1642 4849 et
1663 4794 1870 4868 Periz.,
1897 4801 1953 4850 et

362 4866 494 4926 edit.
528 4870 889 4942 princepsuet
915 4868 1051 4936 Aug.
1085 4866 1321 4942 Reposui
1347 4881 1412 4922 ex
1437 4867 1628 4942 iisdem
1673 4873 1834 4942 atque
1860 4866 1942 4920 in-

363 4936 755 5012 super’PcrizI,
787 4936 1277 5012 lt‘lur.itert.,‘bleo
1319 4946 1374 5012 et
1393 4938 1546 5012 editt.
1574 4936 1821 5002 Venetis,
1849 4953 1943 5012 po-

367 5007 529 5083 poscit
550 5027 645 5080 pro
673 5011 974 5083 poposcisti,
1005 5009 1148 5081 quod
1187 5011 1237 5064 in
1267 5009 1493 5083 vulgatis
1523 5017 1676 5083 erat;
1709 5021 1832 5062 nam
1852 5007 1943 5063 hic

365 5078 434 5140 de
460 5078 699 5148 Juliane,
751 5097 858 5138 non
907 5081 976 5136 de
1025 5078 1326 5152 Augustino
1365 5080 1567 5148 agitur.
1603 5078 1944 5152 Przeceperat

370 5156 625 5212 videlicet
645 5157 839 5211 Oresio
865 5153 1026 5223 hujus
1053 5151 1236 5223 operis
1254 5160 1571 5223 contextum
1594 5151 1942 5220 Augustinus;

367 5227 618 5299 quodque
645 5229 698 5282 in
723 5241 785 5282 se
812 5222 1098 5299 receperat
1125 5224 1368 5299 Orosius,
1404 5222 1673 5299 exigebat,
1699 5229 1758 5277 ut
1787 5224 1948 5294 perti-

365 5293 830 5368 eeret,'lulianus.
861 5293 1001 5354 Ultr.
1030 5313 1089 5352 ea
1118 5295 1334 5365 ﬁducia,
1356 5309 1458 5366 pro
1478 5293 1680 5350 eadem.

2054 4717 2243 4794 ultimo
2268 4721 2427 4790 hujus
2458 4721 2741 4791 praeloquii
2773 4721 2964 4789 verbo,
2998 4731 3239 4794 sequetur
3283 4717 3488 4778 habent
3525 4717 3661 4776 edit.

2055 4793 2303 4864 Venetas,
2335 4802 2684 4863 consequatur
2705 4794 3041 4864 Augustana.

2119 4865 2212 4920 57.
2245 4862 2376 4917 Cum
2405 4862 2711 4930 secundum,
2735 4862 2842 4921 etc.
2881 4863 3023 4919 Editi
3057 4862 3296 4934 quidam,
3322 4871 3382 4920 ut
3409 4862 3573 4920 Fabr.
3608 4873 3670 4920 et

2054 4935 2286 5005 August.
2317 4934 2599 5002 exhibent,
2646 4951 2763 4990 cum
2809 4952 2914 4989 non
2957 4936 3260 5002 secundum,
3315 4943 3425 5005 etc.
3469 4944 3664 4991 contra

2048 5002 2181 5062 edit.
2207 5006 2434 5074 primam
2453 5013 2510 5062 et
2528 5021 2740 5067 omnes.
2763 5014 2915 5062 certe
2935 5008 3210 5076 meliores,
3234 5021 3367 5062 mss.
3388 5002 3657 5074 Florent.,

2053 5076 2225 5147 Lugd.
2280 5078 2426 5142 Bat.,
2472 5077 2673 5146 Periz.,
2724 5077 2924 5134 Mount.
2974 5077 3153 5134 lnuuit
3201 5077 3347 5134 enim
3394 5078 3619 5134 Orosius
3648 5119 3665 5142 ,

2055 5147 2322 5219 usquead
2353 5149 2514 5204 linem
2546 5149 2732 5204 smculi
2773 5149 2892 5206 fore
2932 5151 3072 5206 bella
3115 5159 3171 5206 et
3217 5147 3426 5216 clades,
3469 5149 3566 5206 sed
3609 5149 3667 5203 iu

2057 5221 2164 5275 line
2195 5219 2481 5293 graviores
2527 5221 2699 5276 multo
2739 5231 2990 5293 respectu
3031 5219 3344 5293 impiorum.
3378 5219 3438 5278 lu
3468 5231 3670 5293 seraper

2055 5301 2152 5358 est,
2185 5288 2548 5360 posteriorem
2570 5306 2764 5350 vocem
2788 5288 2940 5350 delet
2963 5291 3026 5348 L.
3060 5288 3123 5348 Β.
3157 5299 3287 5350 tert.

1448 5508 2572 5552 ῳ
