4062 6340
305 351 408 413 669

1404 337 1876 400 I'lISTOBlARUM
1917 333 2122 394 LIBER
2161 335 2208 394 1.
2247 333 2400 392 CAP.
2445 334 2486 389 1.

3486 325 3594 386 670

1345 472 1824 585 LIBER
1878 467 2540 582 PBLMU'S.

748 722 806 793 θ
847 716 1077 776 CAPUT
1121 712 1414 772 PRIMUM.

305 837 452 894 Unde
478 837 647 892 crcteri
677 835 920 888 historias
964 830 1133 886 exorsi
1179 830 1305 892 sint,
1351 837 1398 883 et
1447 827 1586 882 unde
1633 825 1743 893 ipse
1789 841 1902 880 eam

372 908 620 976 exardirt,
644 917 995 978 quatenusque
1019 903 1257 974 prosequi
1279 899 1421 978 velit,
1450 898 1703 978 ostendit:
1734 896 1904 950 admio

371 1000 514 1037 secus
546 969 746 1032 inierim
780 978 842 1030 de
887 969 1065 1047 primis
1112 969 1422 1043 temporibus
1469 969 1766 1043 origiuequc
1813 984 1904 1023 seu

372 1070 530 1107 causa
560 1049 664 1104 mal
671 1063 836 1103 orum.

373 1175 389 1204 ¹
424 1171 490 1228 Ει
517 1170 771 1242 quoniam
797 1181 987 1224 omnes
1014 1164 1411 1239 propemodum
1437 1172 1545 1219 tam
1574 1161 1715 1233 θιιιιὰ
1753 1160 1904 1218 ϐιω-

298 1282 394 1323 cos
423 1281 583 1338 quam
612 1263 753 1334 apml
785 1262 1010 1317 Latinos
1037 1259 1266 1316 studiosi
1303 1259 1369 1314 ad
1393 1257 1744 1314 scribendum
1778 1255 1900 1325 viri,

298 1360 386 1431 qui
413 1373 501 1415 res
532 1368 713 1427 gesms
737 1358 757 1386 ²
791 1369 974 1426 regum
1009 1355 1443 1423 pepulerumqne
1482 1351 1553 1406 ob
1591 1349 1902 1406 diuturnam

300 1450 615 1507 memoriam
643 1448 663 1479 ³
695 1448 873 1503 verbis
897 1455 1356 1520 propagaveruut,
1385 1443 1598 1500 initium
1622 1437 1902 1498 scribendi

298 1562 326 1600 a
367 1545 507 1602 Nino
545 1544 656 1599 Beli
687 1543 818 1614 lilio,
852 1557 978 1614 rege
1006 1540 1376 1614 Assyriorum,
1412 1537 1591 1594 fecere
1616 1553 1628 1590 :
1658 1536 1750 1608 qui
1781 1550 1902 1591 cum

299 1640 556 1709 Opinione
582 1652 725 1692 cmca
757 1636 943 1692 mttndi
973 1636 1238 1706 originem
1273 1645 1690 1702 creaturamque
1723 1629 1904 1685 homi-

302 1749 428 1788 num
455 1733 574 1787 sine
606 1731 761 1786 initio
793 1730 942 1785 credi
972 1729 1162 1796 velint,
1201 1727 1435 1798 coepisse
1471 1735 1651 1781 tamen
1695 1724 1763 1780 ab
1802 1722 1906 1778 hoc

302 1839 468 1894 regna
498 1823 749 1892 bellaque
777 1819 1082 1878 deﬁniunt:
1115 1819 1136 1850 ‘
1167 1819 1321 1891 quasi
1362 1833 1494 1876 vero
1535 1826 1763 1874 eatenus
1807 1817 1905 1870 bu-

301 1933 521 1972 manum
543 1930 716 1988 genus
739 1915 845 1970 ritu
869 1913 1139 1985 pecudum
1176 1912 1400 1979 vixerit,
1431 1918 1489 1968 et
1516 1919 1642 1966 tunc
1675 1910 1906 1982 primum

301 2010 468 2066 veluti
498 2009 564 2063 ad
593 2024 793 2066 novam
819 2009 839 2039 ³
867 2007 1264 2078 providentiam
1295 2020 1624 2062 concussum
1671 2004 1906 2060 suscita-

303 2111 523 2174 tnmque
555 2103 576 2133 ⁶
602 2100 910 2172 evigilarit:
943 2115 1046 2171 ego
1076 2101 1288 2156 initium
1314 2097 1550 2154 miseriae
1575 2097 1858 2152 hominum
1885 2097 1905 2129 '

299 2199 366 2250 ab
395 2195 552 2252 initio
585 2193 859 2266 peccantis
884 2192 1126 2250 hominis
1156 2194 1178 2225 ⁸
1207 2191 1407 2249 ducere
1447 2191 1675 2259 institui,
1720 2188 1905 2260 paucis

301 2291 349 2362 7
381 2288 671 2344 dumtaxat
700 2329 714 2353 ,
764 2287 1068 2357 iisdemque
1113 2286 1358 2342 breviter
1397 2284 1672 2341 delibutis.
1703 2287 1724 2317 ³
1765 2282 1905 2340 Sunt

1931 724 1979 782 Α
2014 723 2266 779 magnum
2290 707 2370 774 (ut
2400 705 2612 776 dicunt)
2654 719 2857 777 regem,
2887 702 3104 775 quando
3137 711 3294 760 natus
3325 712 3406 760 est
3429 703 3602 759 Abra—

2007 804 2155 870 ham,
2180 803 2224 834 ¹⁰
2245 802 2374 858 anni
2404 801 2507 858 tria
2533 801 2699 856 millia
2721 810 2938 856 centum
2964 798 3240 869 octoginta
3264 805 3319 852 et
3346 807 3602 868 quatuor,

2010 899 2100 966 qui
2129 895 2198 950 ab
2225 894 2480 952 omnibus
2503 893 2664 949 histor
2679 892 2958 963 iographis
2981 892 3072 947 vel
3103 889 3312 956 omissi,
3339 891 3422 945 vrl
3456 891 3606 959 igno-

2005 989 2108 1043 rati
2141 995 2290 1043 sunt.
2333 988 2379 1043 A
2417 985 2560 1042 Nino
2585 997 2767 1042 autem
2800 986 2837 1016 “
2870 985 2955 1040 vel
3002 983 3276 1040 Abraham
3321 996 3493 1049 usque
3533 981 3603 1037 ad

2004 1080 2274 1137 Caesarem
2318 1081 2642 1151 Augustum,
2685 1078 2740 1134 id
2772 1086 2876 1148 est,
2928 1091 3100 1148 usque
3141 1076 3207 1132 ad
3252 1075 3601 1131 Nativitatem

2005 1176 2231 1241 Christi,
2263 1179 2386 1247 quin
2435 1175 2536 1230 luit
2578 1190 2720 1230 anno
2765 1171 2982 1244 imperii
3021 1171 3252 1228 Caesaris
3293 1169 3604 1241 quadrageo

2004 1270 2143 1326 simo
2169 1268 2430 1336 secundo,
2465 1271 2507 1302 "
2532 1284 2681 1337 cum,
2716 1268 2854 1322 facta
2887 1282 3020 1339 pace
3051 1281 3178 1323 cum
3211 1265 3449 1327 Parthis.
3480 1264 3606 1324 Jani

2010 1375 2180 1434 portae
2227 1363 2425 1420 clausa:
2473 1370 2620 1429 sunt,
2663 1371 2716 1418 et
2760 1361 2899 1417 bella
2955 1369 3069 1416 toto
3110 1359 3246 1416 orbe
3289 1365 3604 1429 cessarunt,

2005 1454 2334 1528 eolliguntur
2354 1455 2480 1511 anni
2505 1455 2613 1509 duo
2639 1453 2806 1510 millia
2831 1452 3167 1524 quindecim,
3191 1453 3245 1508 in
3271 1451 3466 1523 quibus
3485 1451 3526 1482 ⁸³
3543 1466 3606 1508 se

2005 1545 2147 1603 inter
2187 1547 2230 1580 "
2268 1555 2489 1602 actores
2538 1546 2946 1616 scriptoresque
2993 1544 3240 1599 omnium
3275 1543 3397 1600 otia.
3435 1557 3607 1613 nego-

2009 1640 2192 1711 tiaque
2222 1639 2512 1696 triverunt.
2553 1637 2907 1709 Quapropter
2939 1649 3030 1691 res
3070 1636 3188 1705 ipsa
3217 1634 3384 1705 exigit
3425 1649 3488 1690 es
3525 1632 3609 1690 bis

2008 1734 2162 1790 libris
2187 1749 2350 1806 quam
2392 1733 2714 1790 brevissime
2758 1731 2838 1787 vel
2886 1744 3056 1800 pauca
3088 1729 3132 1761 ¹⁵
3160 1729 3466 1798 attingere,
3491 1727 3607 1798 qui,

2007 1827 2271 1898 originem
2321 1825 2507 1883 mundi
2556 1826 2599 1858 ¹⁶
2645 1825 2958 1895 loquentes,
2993 1821 3396 1893 praeteritorum
3446 1818 3606 1874 tidem

2009 1919 2424 1976 annuntiatione
2469 1919 2798 1984 futurorum,
2834 1927 2890 1974 et
2933 1925 3057 1987 post
3094 1915 3366 1985 subsequa
3402 1913 3602 1984 proba-

2015 2012 2184 2078 tione,
2211 2011 2465 2068 fecerunt
2497 2031 2511 2068 :
2541 2013 2584 2044 "
2609 2026 2719 2068 non
2745 2025 2854 2081 quo
2879 2009 3259 2066 auctoritatem
3279 2023 3469 2064 eorum
3494 2005 3610 2062 cui-

2009 2121 2173 2176 quam
2218 2105 2506 2162 videamur
2541 2106 2813 2176 ingerere,
2852 2103 2948 2160 sed
2979 2103 3122 2176 quod
3156 2115 3343 2173 Operae
3375 2101 3606 2173 pretium

2013 2197 2083 2252 sit
2114 2196 2183 2252 de
2211 2197 2470 2269 opinione
2504 2196 2741 2268 vulgata,
2771 2197 2830 2268 8
2853 2211 2978 2266 quas
3006 2194 3164 2250 nobis
3195 2209 3318 2254 cum
3351 2192 3606 2252 omnibus

2009 2287 2317 2346 communis
2332 2299 2438 2358 est,
2463 2303 2838 2345 commonere.
2867 2289 2908 2319 ’⁸
2927 2287 3168 2344 Primum
3197 2285 3320 2357 quis
3348 2284 3396 2339 si
3419 2284 3602 2339 divina

301 2394 480 2439 autem
521 2383 590 2438 ab
632 2382 832 2451 Adam,
865 2380 1042 2452 primo
1083 2379 1323 2448 homine,
1359 2394 1531 2450 usque
1559 2377 1626 2432 ad
1669 2376 1894 2442 Ninum,
1930 2387 1974 2446 Β
2007 2382 2372 2450 providentia,
2401 2398 2542 2453 qum,
2565 2384 2606 2417 η
2623 2381 2765 2439 sicut
2785 2381 2950 2449 bona,
2979 2382 3052 2437 ita
3095 2381 3178 2451 pia
3221 2389 3276 2436 et
3305 2378 3454 2450 justa
3501 2385 3606 2445 est,

1591 2465 2041 2528 IIAVEBCAMPI
2080 2474 2313 2532 ΝΟΤᾸΕ.

335 2567 465 2625 CAP.
482 2569 656 2626 1.-1,
673 2569 740 2624 Et
757 2569 997 2636 quoniam
1009 2584 1200 2624 omnes.
1219 2567 1366 2624 Libri
1383 2582 1515 2622 mss.
1532 2565 1736 2634 plures,
1749 2573 1804 2620 et
1817 2565 1920 2618 im-

303 2643 470 2706 pressi
499 2642 610 2696 fere
623 2656 834 2704 omnes,
858 2651 1220 2710 quotcumque
1239 2655 1332 2708 per
1351 2640 1584 2710 capitula
1611 2637 1780 2710 libros
1803 2636 1913 2710 ltu-

296 2713 383 2781 jns
405 2713 684 2781 scriptoris
707 2708 1068 2780 distinguunt,
1093 2708 1208 2764 hinc
1233 2721 1286 2763 ut
1303 2708 1461 2780 primi
1481 2709 1674 2778 capitis
1699 2708 1909 2781 initium

303 2778 532 2852 ponunt.
567 2785 694 2850 Alii,
728 2785 866 2838 inter
884 2778 1030 2854 quos
1054 2783 1228 2838 Periz.
1253 2778 1475 2837 et‘Flor.
1502 2787 1629 2854 tert.
1656 2789 1709 2854 et
1736 2778 1908 2854 Lugd.

302 2849 415 2910 But.
450 2864 576 2911 tert.
609 2870 638 2910 a
663 2849 839 2924 capite
861 2849 1109 2925 sequenti
1142 2855 1354 2910 initium
1390 2853 1512 2925 libri
1547 2849 1705 2925 primi
1733 2849 1913 2918 auspi-

300 2941 514 2986 cantur,
567 2937 623 2982 et
670 2921 892 2981 forsitan
943 2921 1158 2981 melius.
1203 2927 1275 2980 At
1321 2922 1451 2980 illud
1495 2922 1550 2978 in
1593 2921 1725 2978 edit.
1773 2927 1908 2992 Aug.

301 2997 528 3053 Joannis
549 2997 863 3061 Sehuszler,
893 2997 1102 3065 incipit,
1135 2996 1202 3050 ab
1222 2995 1334 3067 Ego
1360 2996 1588 3061 initium,
1616 3003 1723 3067 etc.
1752 3003 1913 3067 atque

303 3078 424 3138 pust
454 3069 612 3123 veluti
642 3069 710 3124 ad
753 3085 935 3124 novam
979 3062 1310 3140 prudentiam
1351 3068 1463 3139 (sic
1493 3067 1636 3140 enim
1673 3062 1907 3140 legitur)

301 3132 608 3194 concussum
661 3132 1066 3205 sciscitatumque
1114 3132 1712 3209 vigilaretpscribitur,
1737 3132 1910 3209 '_Finit_

303 3209 588 3280 Prologus.
623 3210 829 3267 Deinde
855 3201 1124 3280 sequitur,
1165 3201 1323 3265 Pauli
1357 3201 1591 3264 ’Horosii
1631 3201 1912 3280 presbyteri

303 3277 770 3353 Historiographi,
827 3277 1074 3351 discipuli
1121 3281 1289 3334 sancti
1333 3277 1905 3353 Augustiuiepiscopi,

303 3301 642 3353 uistoriogra
685 3301 770 3348 ιιι,
827 3301 1074 3351 atscipuu
1121 3301 1289 3334 sancis
1333 3301 1612 3349 ﬂuguumt
1659 3301 1905 3347 episcopi,

302 3354 573 3408 adversum
631 3301 916 3408 gliristiani
968 3355 1186 3424 nominis
1233 3355 1475 3424 querulos
1520 3351 1640 3424 libri
1695 3362 1912 3424 numero

303 3436 494 3496 septem
545 3426 822 3496 incipiunt.
864 3423 1184 3496 Presbyteri
1222 3420 1365 3496 iero
1415 3421 1616 3496 titulus
1655 3420 1908 3496 scriptori

265 3533 268 3536 .
305 3491 429 3550 huic
456 3491 834 3551 itidem'datnr
860 3495 910 3550 in
937 3491 1124 3549 eadem
1147 3494 1384 3550 θιιίιίοιιμ
1408 3495 1472 3547 ad
1500 3493 1708 3562 Prologi
1745 3491 1911 3560 ipsius

304 3565 542 3635 initium,
572 3567 658 3621 ubi
684 3567 796 3622 haec
818 3578 899 3621 est
925 3566 1158 3630 rubrica,
1191 3564 1345 3621 Pauli
1370 3564 1580 3619 Horosii
1605 3563 1906 3635 presbyteri,

306 3632 760 3711 Historiographi,
783 3638 1026 3711 discipuli
1047 3639 1214 3711 sancti
1238 3637 1514 3711 Augustini
1523 3677 1546 3711 ,_
1563 3635 1658 3711 uiri
1682 3632 1911 3711 Hispani

307 3711 507 3780 generis
550 3705 988 3780 eloquentissimi,
1040 3705 1638 3762 adversumChristiani
1689 3705 1908 3759 nominis

307 3781 553 3852 querulos
585 3779 843 3850 Prologus
873 3782 925 3834 in
955 3780 1112 3835 libros
1139 3789 1353 3851 septem.

375 3852 431 3905 ‘2.
467 3851 670 3925 Regum
710 3847 1136 3924 populorumque.
1185 3847 1322 3922 Aug.
1369 3857 1426 3905 et
1475 3847 1689 3917 Venet.,
1735 3863 1908 3904 rerum

311 3925 746 3994 populorumque.

381 3989 434 4050 3.
479 3989 656 4049 Verbis
689 4003 1121 4068 prgpagaverunt.
1158 3991 1525 4068 _Verbis_d_vlet
1570 3989 1740 4068 Lugd.
1789 3990 1908 4068 But.

310 4078 556 4136 quartus.
595 4068 713 4122 Mox
749 4062 892 4120 Flor.
929 4074 1052 4120 tert.
1085 4065 1242 4120 habet
1273 4073 1323 4120 et
1351 4063 1555 4119 initium
1579 4062 1857 4116 scribendi.

379 4140 433 4194 4.
465 4138 625 4202 Quasi
649 4154 769 4191 vero
791 4146 1018 4192 eatenus.
1044 4136 1192 4193 Flor.
1222 4147 1346 4192 tert.
1369 4135 1520 4206 quasi
1543 4150 1644 4206 non
1666 4148 1912 4206 eatenus:

313 4211 458 4276 quasi
485 4225 601 4264 uere
628 4220 838 4263 eatenus
864 4208 1090 4263 edition.
1125 4210 1291 4274 prima
1324 4203 1392 4261 et'
1409 4205 1548 4276 Aug.
1582 4203 1698 4259 Mox
1747 4205 1916 4258 homi-

313 4296 435 4334 num
462 4296 623 4352 genus
667 4296 762 4347 pro
789 4281 1072 4352 humanum
1098 4295 1256 4352 genus
1282 4279 1413 4348 Aug,
1445 4293 1461 4344 ;
1512 4291 1650 4330 nunc
1692 4279 1914 4348 primum

322 4366 418 4419 pro
446 4350 570 4405 tunc
597 4353 822 4415 primum
854 4351 1025 4420 Lugd.
1059 4350 1174 4405 Birt.
1204 4360 1382 4419 quart.

382 4422 435 4482 5.
469 4421 878 4478 Providentiam.
907 4428 1043 4492 Aug.
1069 4424 1416 4488 prudentiam.
1451 4421 1666 4477 Lucret.
1694 4435 1768 4486 tv,
1798 4421 1864 4477 14
1897 4436 1910 4475 :

508 4501 570 4566 lit
595 4516 858 4566 puerorum
882 4511 1002 4553 tetas
1025 4503 1290 4566 improvida
1312 4501 1614 4566 ludiﬁcetur.

384 4564 438 4620 6.
466 4563 764 4636 Eoig'ilarit.
787 4567 878 4622 Sic
902 4569 1080 4634 plures
1098 4563 1244 4636 mss,
1259 4565 1364 4620 edit
1377 4567 1518 4635 ique,
1545 4564 1738 4636 melius
1755 4578 1914 4632 quam

314 4635 542 4710 vigilarit
571 4634 659 4710 vel
686 4637 945 4710 vigilaret,
980 4647 1039 4710 ut
1064 4638 1189 4710 alii.
1209 4634 1496 4710 Flor.__sec.
1529 4634 1840 4710 vigilarerit.

277 4773 285 4778 ν
357 4708 549 4780 χχιι
577 4707 1013 4780 initio'peccantis
1052 4708 1293 4780 hominis.
1341 4707 1486 4763 Flor.
1532 4707 1646 4764 sec.
1691 4717 1745 4762 et
1787 4715 1910 4761 tert.

315 4778 377 4831 ab
393 4779 544 4832 initio
572 4778 766 4849 peccati
798 4779 1039 4834 hominis.
1066 4778 1234 4849 Lugd.
1271 4781 1386 4835 Bat.
1412 4796 1516 4847 pr.,
1541 4793 1680 4844 scc.,
1705 4787 1832 4832 tert.
1860 4788 1916 4834 et

317 4863 521 4920 quart.,
543 4849 615 4923 ab
636 4851 782 4905 initio
810 4853 1003 4918 peccati
1028 4851 1184 4923 primi
1207 4851 1450 4923 hominis.
1481 4850 1644 4917 Ultr.,
1679 4849 1741 4904 ab
1768 4849 1915 4904 initio

316 4922 576 4989 peccantis
597 4923 1008 4993 primiaominis.
1030 4921 1147 4993 Ego
1161 4938 1266 4976 non
1295 4921 1453 4976 video
1479 4923 1742 4976 rationem
1768 4935 1863 4993 cur
1882 4933 1913 4976 tt

318 4994 535 5064 vulgata
555 4992 806 5059 lectione,
829 5009 991 5064 quam
1011 4992 1203 5063 reliqui
1220 4993 1595 5064 comprobant,
1614 4992 1913 5047 discedam.

390 5065 444 5118 8.
477 5062 678 5120 Ducere
704 5062 928 5119 institui.
960 5062 1140 5135 Lugd.
1165 5065 1280 5120 Bal.
1318 5072 1442 5120 tert.
1473 5074 1529 5118 ut
1556 5063 1794 5118 docerem
1818 5064 1916 5135 in-

319 5134 446 5207 stiti.
481 5135 589 5207 Sed
623 5151 730 5207 pr.,
761 5150 872 5192 sec.
906 5146 962 5192 et
986 5134 1190 5207 quart.,
1231 5137 1412 5191 docere
1438 5136 1658 5199 institui,
1689 5134 1830 5204 quod
1859 5141 1914 5190 et

321 5205 513 5278 probat
527 5195 662 5262 υιιὲ.
681 5195 815 5277 Ego,
829 5207 873 5262 si
885 5195 1018 5277 quid
1028 5195 1342 5263 mutandum
1354 5219 1432 5263 est
1443 5221 1583 5278 ,cum
1599 5195 1732 5278 m'ei's
1746 5221 1913 5278 mem:

322 5277 504 5349 breuis
531 5278 780 5332 deducere
821 5279 1036 5345 malim;
1065 5281 1262 5349 repetit
1284 5279 1427 5335 enim
1446 5277 1694 5334 miserias
1726 5277 1910 5349 mundi

322 5347 546 5404 Orosius
571 5364 601 5403 a
630 5351 799 5420 prima
831 5333 1266 5420 mundi'origine,
1290 5333 1459 5420 atque
1482 5333 1547 5404 ad
1576 5363 1670 5404 sua
1695 5347 1916 5404 deducit
1941 5333 1997 5394 D

325 5429 586 5492 tempora.
602 5419 724 5475 Mox
735 5419 1032 5476 deliberatis
1044 5419 1140 5492 pro
1151 5419 1386 5477 delibutis
1399 5423 1658 5478 editiones
1675 5421 1911 5476 Venetae.

396 5491 450 5546 9.
477 5491 634 5564 ASunt
663 5503 837 5546 autem
864 5492 927 5547 ab
959 5494 1146 5549 Adam.
1180 5494 1328 5548 Multi
1357 5509 1426 5548 ex
1459 5505 1591 5549 mss.
1632 5493 1719 5564 hic
1749 5493 1910 5564 primi

325 5562 520 5634 capitis
559 5564 834 5618 rubricam
873 5565 1165 5626 collocant.
1195 5572 1253 5620 et
1281 5565 1422 5619 inter
1471 5565 1595 5618 illos
1625 5562 1770 5619 Flor.
1803 5581 1907 5634 ιη’..

328 5631 468 5705 Ultr.
521 5642 576 5689 et
618 5635 790 5692 Meus.
841 5635 980 5690 Sunt
1024 5646 1194 5690 autem
1237 5636 1301 5690 ab
1347 5635 1563 5692 exordio
1593 5631 1814 5705 mundi,
1846 5637 1910 5691 ab

328 5703 517 5776 Adam,
541 5716 674 5772 etc.,
701 5705 872 5776 Lugd.
901 5706 1020 5762 Bat.
1040 5707 1329 5763 secundus.

401 5775 488 5830 10.
513 5777 651 5833 Anni
691 5775 805 5834 tria,
831 5777 996 5853 millia
1041 5787 1245 5853 centum
1279 5782 1542 5853 octoginta
1567 5789 1631 5853 et
1665 5789 1904 5852 quatuor.

331 5846 485 5920 Hune
514 5863 805 5906 numerum
840 5863 940 5906 nos
976 5850 1030 5906 in
1069 5851 1322 5907 omnibus
1366 5846 1520 5909 libris
1563 5846 1904 5920 invenimus,

332 5919 474 5994 quod
502 5929 722 5997 propter
748 5920 1089 5997 varietatem,
1121 5937 1242 5996 quas
1269 5924 1320 5981 In
1350 5925 1541 5996 primis
1571 5924 1906 5996 temporibus

2030 2567 2323 2635 invenitur,
2363 2577 2621 2625 testatum
2668 2569 2974 2640 relinquere
3021 2568 3334 2640 voluimus.
3365 2561 3610 2622 Variola-

2019 2649 2152 2704 Iem,
2183 2640 2534 2696 Hebro-orum
2561 2650 2617 2697 et
2647 2639 2961 2697 Grachrnm
3002 2640 3266 2696 librorum
3309 2639 3610 2695 diversitas

2019 2713 2235 2782 peperit
2269 2712 2426 2782 :lcge
2467 2723 2662 2781 przeter
2689 2713 2829 2767 alios
2859 2715 3086 2780 August.
3129 2712 3198 2767 de
3236 2710 3606 2782 CivitateﬁDci

2015 2781 2154 2836 libro
2185 2781 2588 2854 deeinmquinto
2635 2784 2815 2854 capite
2860 2783 3094 2838 decimo.
3143 2782 3430 2854 Eusebius,
3466 2781 3612 2835 Oro-

2013 2853 2153 2925 sius,
2182 2853 2540 2911 Cassiodorus
2568 2863 2622 2909 et
2642 2853 2976 2924 posteriores
3000 2854 3171 2925 magis
3192 2853 3417 2925 Graecos
3441 2867 3601 2925 quam

2018 2924 2274 2979 Hebraeos
2323 2927 2492 2980 secuti
2539 2923 2686 2981 sunt.
2725 2925 3022 2990 Abraham,
3073 2923 3298 2980 auctore
3339 2923 3600 2992 Eusebio,

2015 3003 2175 3068 natus
2204 3005 2459 3068 estnunc
2488 3011 2617 3068 xtttt
2648 2996 2859 3065 imperii
2885 2995 3004 3052 Nini
3038 2997 3204 3068 regis.
3241 2994 3409 3068 Fasti.

2087 3067 2176 3121 11.
2211 3066 2304 3121 Vel
2339 3067 2617 3123 Abraham.
2659 3068 2806 3124 Flor.
2850 3076 2974 3124 tert.
3011 3069 3089 3122 vel
3109 3065 3194 3122 'ab
3239 3065 3521 3130 Abraham,
3552 3071 3610 3123 et

2014 3153 2139 3192 mox
2174 3137 2243 3210 ad
2265 3141 2584 3194 natiuitatem
2609 3139 2837 3201 Domini,
2873 3154 2971 3210 pro
2997 3138 3213 3202 Christi,
3245 3137 3387 3210 idem
3420 3137 3567 3192 Flor.

2087 3209 2175 3282 12.
2201 3207 2352 3282 Cum,
2389 3213 2529 3282 facta
2547 3227 2696 3282 pare.
2727 3207 3013 3282 Florfsec.
3039 3225 3153 3282 cum
3176 3212 3315 3280 facta
3339 3209 3474 3282 bella
3496 3215 3603 3263 toto

2015 3279 2307 3353 orbe,_etc._
2329 3279 2398 3353 In
2419 3279 2661 3349 margine
2693 3281 2891 3337 ibidem
2927 3299 2939 3335 :
2972 3281 3084 3346 alii,
3135 3279 3248 3334 cum
3278 3281 3606 3353 fecitparem

2013 3368 2130 3404 cum
2159 3351 2401 3421 Parthis,
2429 3363 2478 3408 et
2506 3353 2632 3408 Jani
2662 3362 2823 3418 porta:
2846 3353 3039 3408 clausa:
3066 3360 3207 3418 sunt,
3237 3351 3287 3405 et
3309 3351 3464 3419 bella,
3498 3361 3606 3405 etc.

2087 3424 2174 3478 15.
2209 3423 2280 3478 Se
2304 3424 2452 3479 inter.
2483 3425 2652 3496 Lugd.
2686 3424 2824 3496 Batt.
2857 3434 2911 3479 et
2963 3423 3103 3496 Ultr.
3154 3424 3286 3496 inter
3334 3437 3409 3489 se,
3440 3431 3494 3476 et
3529 3423 3610 3478 sic

2014 3509 2230 3564 quoque
2274 3493 2630 3563 transponnitt
2675 3495 2942 3551 editiones
2969 3494 3202 3550 Venetze.
3243 3493 3445 3550 Omnes
3474 3509 3604 3550 vero

2013 3568 2260 3633 c0pulam
2295 3576 2343 3620 et
2369 3578 2496 3622 ante
2520 3568 2813 3636 quindecim
2840 3567 3046 3621 delent.
3557 3583 3563 3586 -

2087 3639 2174 3694 ﬂ.
2210 3639 2418 3692 Actores
2443 3643 2843 3708 scriptoresqne.
2873 3638 3154 3692 Editinnes
3181 3636 3401 3699 habent,
3434 3644 3607 3690 aucto-

2012 3725 2114 3768 res.
2147 3709 2241 3764 sed
2277 3725 2450 3765 meam
2480 3709 2769 3764 lectionem
2806 3721 2988 3763 veram
3020 3723 3142 3762 esse
3169 3709 3360 3771 probat
3393 3707 3607 3762 Sallus-

2013 3778 2119 3861 tius
2188 3799 2200 3834 :
2253 3779 2476 3833 Tametsi
2526 3781 2929 3864 haudquaquam
2988 3795 3082 3843 par
3132 3779 3301 3864 gloria
3351 3788 3608 3864 sequatur

2009 3851 2310 3920 scriptorem
2340 3865 2384 3904 et
2414 3862 2638 3905 actorem
2669 3849 2859 3905 rerum.
2889 3849 3603 3905 Lion—'Etncndationetn

1935 3935 1982 4000 ρ
2016 3919 2923 4000 LatitiicomprobantFlor.sec.et
2949 3931 3288 4000 t_e_rt.,eaqt_te
3311 3931 3462 4000 certa
3483 3933 3606 3975 esse

2021 3993 2247 4048 videtur.
2273 3989 2379 4047 Pro
2413 3996 2659 4047 trirerunt
2697 3996 2890 4049 vitiose
2915 3989 3277 4047 tribueruntin
3308 3989 3454 4046 Flor.
3487 4006 3603 4046 sec.

2091 4065 2178 4119 15.
2239 4065 2520 4135 Attingere.
2596 4065 2786 4120 Delent
2841 4078 3036 4135 magno
3082 4077 3350 4118 consensu
3410 4076 3603 4116 vocem

2018 4151 2218 4199 eorum,
2241 4153 2360 4205 qua:
2383 4133 2448 4190 ex
2477 4137 2898 4206 interpolatione
2937 4133 3172 4205 Hittorp.
3215 4135 3484 4190 editiones
3513 4147 3606 4188 oc-

2017 4209 2254 4278 cupavit,
2281 4221 2414 4262 mss.
2460 4207 2608 4262 Flor.
2640 4209 2766 4278 'pr..
2813 4221 2951 4269 scc.,
2992 4206 3166 4276 Lugd.
3216 4207 3344 4278 Bat.
3384 4219 3604 4278 omnes,

2018 4276 2218 4350 Periz.,
2252 4279 2417 4350 Ultr.,
2447 4289 2499 4333 et
2529 4275 2705 4344 Meus;
2734 4287 2990 4350 praetcrea
3024 4275 3192 4344 prima
3218 4277 3415 4342 editio,
3459 4275 3603 4350 Aug.

2018 4359 2071 4402 et
2098 4348 2234 4422 Veii.
2265 4349 2370 4404 Pro
2395 4349 2648 4422 attingere
2683 4346 2882 4405 habent
2902 4351 3198 4422 contingere
3231 4362 3362 4403 mss.
3391 4355 3446 4422 et
3474 4346 3602 4422 edd.

2016 4421 2257 4490 quidam,
2291 4431 2350 4475 ut
2376 4430 2431 4475 et
2460 4417 2618 4493 Fabr.
2638 4437 2669 4493 :_
2700 4421 2796 4493 sed
2829 4423 2986 4476 male.
3026 4417 3332 4493 Ctintingere
3363 4419 3505 4474 enim
3535 4417 3606 4474 de

2021 4501 2286 4565 tempore,
2306 4493 2360 4546 in
2384 4508 2490 4562 quo
2510 4491 2711 4564 aliquid
2731 4491 2820 4565 lit;
2842 4494 3116 4565 attingere,
3147 4491 3513 4559 tle'scriptore,
3544 4497 3602 4544 ut

2017 4561 2243 4630 Oresio,
2282 4561 2617 4634 excerpente
2636 4564 2838 4630 scripta
2869 4561 3249 4628 vetustiorum,
3288 4569 3604 4634 usurpatur.

2091 4634 2177 4690 16.
2211 4633 2517 4703 Loqucntes.
2549 4636 2718 4705 Lugd.
2737 4635 2856 4690 Bal.
2881 4649 2993 4690 sec.
3017 4643 3077 4689 et
3094 4643 3273 4705 quart.
3297 4633 3605 4705 linquentes.

2017 4704 2148 4772 Qutc
2178 4717 2500 4777 sequuntur,
2537 4707 2607 4762 ita
2657 4707 2910 4776 explica:
2949 4705 3052 4774 Qui
3095 4704 3318 4776 (inquit)
3344 4704 3605 4777 librinos

2020 4791 2208 4849 veram
2233 4773 2418 4849 mundi
2441 4773 2700 4834 docentes
2720 4773 3008 4849 originem,
3033 4773 3446 4849 probantglidem
3476 4773 3609 4842 ipsis

2018 4848 2270 4920 denegari
2303 4865 2406 4903 non
2438 4863 2598 4919 posse
2625 4851 2676 4904 in
2706 4849 2791 4920 iis,
2814 4846 2949 4920 qua:
2970 4846 3169 4903 indicta
3188 4847 3318 4920 aliis
3347 4846 3448 4920 soli
3485 4853 3600 4900 tes-

2020 4917 2200 4992 tantur
2227 4918 2364 4975 facta
2393 4917 2589 4992 fuisse;
2620 4917 2873 4992 quoniam
2902 4919 3159 4992 illa,qoae
3184 4917 3237 4974 in
3269 4917 3498 4986 iisdem,
3552 4924 3613 4970 ut

2018 4989 2191 5045 futura
2214 5034 2228 5058 ,
2263 4989 2652 5060 prmdicuntur,
2704 5001 2888 5060 postea
2913 4991 3286 5061 probationem
3310 5005 3376 5045 ex
3407 4996 3608 5061 eventu
3705 5031 3708 5034 .

2017 5071 2173 5117 nacta
2204 5072 2348 5116 sunt.
2379 5062 2499 5135 ,Pro
2527 5063 2778 5135 subsequa
2802 5060 2947 5118 Flor.
2989 5060 3490 5135 se_c._subsequenti_a
3509 5100 3523 5125 ,
3552 5067 3610 5135 _ct

2018 5147 2116 5201 pro
2128 5134 2414 5189 communis
2438 5130 2855 5203 est,Lugd.Bat.
2887 5139 3014 5189 tert.
3039 5133 3194 5188 habet
3211 5130 3492 5188 communis
3518 5130 3608 5185 sit.

2091 5205 2179 5278 17.
2207 5203 2329 5259 Νοιι
2348 5206 2854 5278 quoauctoritatem.
2877 5205 3086 5278 Vulgati
3110 5205 3269 5276 quod,
3294 5217 3480 5259 verum
3506 5215 3611 5278 ego

2017 5291 2120 5347 quo
2150 5275 2331 5332 inveni
2359 5272 2417 5331 in
2449 5277 2618 5347 Lugd.
2655 5277 2772 5332 Bat.
2803 5290 2914 5334 sec.
2937 5272 3238 5347 efquarto;
3266 5281 3524 5347 printerea
3547 5272 3609 5347 _i_n

2023 5341 2196 5420 Peril.
2225 5357 2279 5403 et
2295 5349 2430 5415 Meo,
2459 5341 2651 5419 quibus
2670 5341 3283 5420 astipulantur'uterque
3304 5344 3477 5414 Flor.,
3499 5341 3614 5420 edi-

2020 5419 2192 5474 tiones
2218 5413 2435 5492 quoque
2458 5413 2537 5490 pr.
2569 5430 2624 5475 et
2650 5413 2796 5492 Aug:
2824 5421 2900 5474 Ex
2931 5420 3012 5492 bis
3043 5413 3286 5492 nonnulli
3312 5428 3528 5492 quoque
3557 5413 3611 5468 in

2015 5489 2369 5562 sequentibus
2393 5489 2483 5546 sed
2508 5493 2647 5562 quod
2670 5489 2837 5558 operte
2861 5491 3079 5557 pretium
3099 5489 3186 5556 sit,
3219 5489 3611 5562 scribunt_q_u0,

2018 5507 2369 5616 seqlt‘ienunus
2393 5507 2482 5546 sea
2508 5507 2646 5562 quoa
2670 5507 2837 5558 operte
2861 5507 3079 5557 pretium
3099 5507 3186 5556 su,
3219 5507 3464 5544 scrtuunt
3487 5507 3609 5556 quo,

2018 5572 2072 5632 ut
2147 5562 2270 5632 ugd.
2297 5563 2411 5618 Bat.
2441 5580 2578 5631 see,
2614 5573 2738 5619 tert.
2764 5563 3002 5626 etMeus,
3034 5569 3198 5630 atque
3222 5560 3442 5632 insuper
3471 5555 3609 5632 Ultr.

2014 5631 2066 5708 ξιι
2094 5625 2209 5705 (tuo
2221 5637 2371 5708 prius
2398 5652 2499 5708 quo
2530 5625 2611 5691 vel
2643 5636 2779 5706 quod
2806 5625 3019 5708 deﬁcit,
3038 5625 3225 5708 verum
3254 5625 3454 5686 rectius
3473 5625 3612 5700 quod

2011 5703 2066 5760 in
2100 5703 2487 5776 posterioribus
2517 5703 2737 5765 retineri
2760 5722 2919 5776 posse
2937 5705 3209 5763 existimo.

2090 5768 2179 5833 18.
2213 5777 2447 5834 Primum
2475 5781 2617 5850 quia.
2646 5779 2730 5837 Ad
2753 5768 2941 5835 vocem
2973 5776 3329 5850 posteriorem
3356 5773 3409 5831 in
3451 5768 3607 5833 Flor.

2016 5865 2128 5910 sec.
2162 5852 2265 5906 alia
2294 5866 2454 5908 manu
2484 5848 2910 5923 Superscriptttm
2937 5848 3132 5921 legitur
3153 5848 3380 5923 quidem,

2087 5923 2174 5981 19.
2209 5923 2338 5994 Qua:
2357 5923 2512 5983 sicuti
2533 5917 2688 5996 bona,
2717 5917 2791 5981 ita
2813 5931 2860 5980 et
2889 5923 2976 5996 pia
2996 5917 3042 5980 ct
3066 5917 3215 5998 justa
3240 5917 3612 5996 estqlrrepsee
