4062 6340
456 226 564 287 673

1857 211 2062 274 PAULI
2099 207 2329 270 OROSII

3643 197 3756 256 676

454 343 499 374 ²²
529 337 878 396 Avasitarum
898 377 912 403 ,
955 333 1001 367 ’³
1029 333 1196 390 missa
1226 332 1278 389 iu
1308 339 1680 388 transversum
1708 341 1806 399 per
1835 325 2052 383 Ᾱῖιιιίο-
2080 327 2130 389 Α
2157 324 2246 380 ubi
2277 323 2550 379 Caucasus
2598 319 2801 388 deﬁcit,
2847 314 3280 390 promontorium
3328 315 3372 349 ³¹
3415 314 3700 372 Samaram
3738 333 3756 370 :

456 434 578 504 pica
619 430 834 487 deserta
882 425 1246 484 meridianum
1288 421 1552 492 contingit
1595 433 1887 476 oceanum.
1923 415 2058 473 Ter-

457 526 590 583 mini
619 523 815 580 Al‘ricm
846 513 1276 576 adoccideutcm
1313 517 1474 573 iidem
1513 521 1638 570 sunt
1671 513 1761 584 qui
1797 523 1850 567 et
1883 509 2057 566 Euro-

461 634 565 690 pie,
599 617 648 671 id
683 624 792 681 est,
843 613 1028 668 fauces
1072 610 1322 667 Gaditani
1373 609 1516 663 freti.
1581 605 1817 662 Ultimus
1873 611 2053 657 autem

463 712 510 744 υ
542 710 663 766 linis
692 710 810 780 ejus
854 719 938 764 est
983 721 1141 762 mons
1188 705 1364 771 Atlas,
1395 711 1450 758 et
1478 701 1667 757 insulae
1697 714 1830 771 quas
1856 697 2056 754 Fortu-

463 815 618 862 natas
651 811 864 859 vocant.
899 802 944 834 ²⁸
976 801 1041 856 Et
1068 799 1191 872 quia
1217 798 1460 854 breviter
1486 793 1770 868 generales
1796 790 2051 862 tripartiti

461 897 614 956 orbis
637 896 932 953 divisiones
960 892 1084 949 dedi
1111 933 1126 960 ,
1177 891 1412 963 ipsarum
1453 904 1670 961 quoque
1703 887 1937 958 partium
1972 900 2058 942 re-

461 991 694 1061 giones,
743 989 882 1043 sicut
932 985 1212 1057 pollicitus
1261 999 1380 1039 sum
1410 1024 1425 1047 ,
1479 982 1790 1054 signiﬁcare
1829 978 2053 1035 curabo.

467 1085 597 1139 Asia
635 1081 702 1138 ad
751 1080 985 1138 mediam
1035 1081 1269 1134 frontem
1301 1076 1530 1134 orientis
1561 1069 1723 1130 habet
1757 1075 1809 1130 in
1843 1074 2059 1128 Oceano

465 1176 581 1232 Eoo
631 1175 769 1230 ostia
815 1170 1056 1228 ﬂuminis
1112 1169 1338 1242 Gangis,
1383 1169 1429 1200 ²⁶
1477 1184 1508 1224 a
1554 1168 1773 1223 sinistra
1829 1167 1872 1197 ²⁷
1923 1181 2056 1237 pro-

463 1269 792 1325 montorium
833 1264 1242 1337 Caligardamna
1274 1305 1289 1331 ,
1345 1261 1447 1335 13
1491 1263 1537 1294 ’⁸
1580 1261 1670 1316 cui
1717 1259 1961 1330 suhjacct
1989 1258 2057 1313 atl

466 1362 670 1419 Eurum
703 1359 878 1415 insula
923 1361 967 1392 ⁸ο
1007 1358 1334 1429 Taprobane
1369 1374 1382 1411 :
1433 1373 1464 1411 e
1506 1370 1610 1428 qua
1657 1368 1892 1410 oceanus
1920 1352 2064 1410 Indi-

460 1469 557 1510 cus
602 1453 782 1510 vocari
816 1453 1033 1525 incipit,
1086 1467 1115 1507 a
1139 1450 1333 1507 dextra
1370 1447 1532 1506 habet
1564 1447 1610 1480 ³ο
1653 1447 1782 1504 linai
1822 1455 2058 1514 montes,

2167 416 2210 448 ³³
2241 413 2326 472 cui
2372 414 2440 490 ad
2483 414 2794 486 aquilonem
2826 411 3110 483 subjacent
3137 409 3272 466 ostia
3305 409 3545 465 numinis
3568 408 3610 439 ³³
3647 407 3760 463 Oc-

2168 519 2467 579 lorogorrzc
2522 524 2536 561 :
2584 522 2650 561 ex
2701 521 2808 577 quo
2857 519 3094 559 oceanus
3149 501 3371 558 Sericus
3425 499 3755 571 appellatur.

2164 600 2221 657 In
2273 601 2354 655 bis
2390 599 2588 655 ﬁnibus
2634 597 2782 653 India
2832 606 2954 663 est,
3013 611 3134 666 qua:
3184 593 3349 649 habet
3402 591 3448 623 “
3502 592 3568 647 ab
3613 590 3763 646 occi-

2164 695 2324 751 dente
2369 692 2568 748 ﬁumen
2618 691 2834 755 indum,
2886 689 2931 720 ³³⁵
2977 689 3121 762 quod
3162 687 3345 744 Rubro
3376 686 3510 742 mari
3554 685 3761 754 excipi-

2163 793 2253 842 tur
2290 801 2302 841 :
2333 801 2360 840 a
2389 783 2767 856 septentrione
2796 791 3036 839 montem
3071 781 3376 837 Caucasum
3406 798 3418 834 :
3460 779 3507 810 ³⁶
3551 779 3762 849 reliqua

2167 879 2251 951 (ut
2281 876 2415 948 dixi)
2444 877 2560 932 Eoo
2583 886 2632 933 et
2667 875 2852 932 Indico
2890 873 2996 946 ιε.
3015 876 3233 930 Oceano
3257 872 3604 944 terminatur.
3633 869 3764 925 Haec

2165 973 2330 1029 habet
2375 981 2565 1043 gentes
2601 968 2956 1042 quadraginta
3003 977 3280 1041 quatuor,
3331 965 3537 1036 absque
3583 962 3761 1019 insula

2167 1065 2494 1138 Taprobane
2527 1103 2544 1131 ,
2631 1077 2754 1135 qua:
2817 1060 2986 1116 habet
3051 1059 3240 1116 decem
3301 1057 3550 1114 civitates
3630 1071 3647 1110 :
3707 1063 3766 1110 et

2165 1162 2371 1232 absque
2427 1159 2470 1190 ³⁷
2525 1157 2750 1229 reliquis
2804 1155 2998 1212 insulis
3049 1153 3440 1210 habitabilibtts
3490 1149 3762 1222 plurimis.

2165 1254 2212 1310 A
2257 1253 2478 1308 ﬂumine
2535 1251 2694 1319 Indo,
2749 1250 2796 1281 "
2845 1247 2986 1319 quod
3035 1256 3121 1305 est
3165 1247 3236 1304 ab
3283 1246 3538 1313 oriente,
3593 1256 3768 1314 usque

2167 1345 2235 1404 ad
2266 1347 2466 1403 ﬁumen
2495 1344 2724 1418 Tigrim,
2755 1343 2900 1416 quod
2946 1351 3031 1398 est
3075 1341 3144 1398 ad
3187 1355 3469 1406 occasum,
3511 1339 3770 1409 regiones

2169 1451 2297 1500 sunt
2343 1442 2462 1498 ista:
2493 1457 2508 1498 :
2540 1439 2821 1508 Aracosia,
2875 1437 3116 1506 Parthia,
3165 1435 3431 1509 Assyria,
3483 1434 3526 1470 ³⁸
3583 1431 3771 1490 Persis

1756 1619 2208 1680 llAVERCAMPl
2247 1619 2480 1678 NO'DE.

536 1772 627 1830 92.
674 1771 1022 1827 Aeasitarum.
1076 1767 1223 1824 Edit.
1261 1767 1437 1836 prima
1467 1774 1523 1822 et
1554 1764 1772 1821 Venetze
1815 1763 2060 1820 Aviasita-
2093 1765 2137 1826 Β
2168 1762 2377 1836 montis.
2398 1760 2553 1836 _Ult_r.
2581 1759 2767 1836 imaja
2799 1760 3070 1828 montium,
3091 1758 3344 1836 Perizon.
3368 1769 3425 1817 et
3443 1759 3594 1836 Meus
3625 1760 3774 1836 Iuta-

464 1863 604 1912 rum,
629 1856 680 1900 et
710 1847 787 1898 sic
822 1857 1035 1912 quoque
1084 1835 1442 1912 inveniturgin
1480 1851 1612 1894 mss.
1646 1836 1790 1893 Ultr.
1821 1848 1876 1894 et
1903 1835 2053 1891 Peri-

355 1981 364 1987 ,
465 1909 599 1971 ῑοιιί
624 1909 922 1987 Ausitarum
953 1909 1118 1966 habet
1148 1909 1319 1980 Lugd.
1433 1926 1523 1987 pr:
1556 1919 1610 1987 et
1638 1917 1764 1964 tcrl.

537 1988 629 2042 25.
673 1985 835 2039 Missa
865 1987 918 2038 in
950 1979 1318 2037 transversarii.
1369 1979 1542 2048 Lugd.
1570 1981 1668 2034 Bal
1689 2018 1700 2034 .
1742 1987 1868 2034 tert.
1902 1979 2060 2032 missa

464 2069 813 2113 transversum
843 2057 1026 2112 tlelcto
1051 2056 1126 2116 in,
1157 2062 1336 2124 quart.
1358 2055 1544 2108 emissa
1572 2053 1627 2107 in
1655 2061 2024 2107 transuersum.

535 2131 627 2184 ‘24.
669 2128 788 2198 ﬁnis
828 2131 944 2200 ejus
975 2137 1072 2181 est.
1135 2125 1364 2180 Mediam
1393 2139 1580 2180 vocem
1614 2124 1726 2195 ejus
1754 2138 1864 2178 non
1894 2137 2061 2193 agno-

466 2205 562 2257 scit
600 2217 700 2254 tns.
735 2200 906 2254 Peril.

535 2272 628 2327 23.
673 2269 738 2324 Et
765 2272 887 2341 quia
927 2269 1167 2323 breviter.
1210 2267 1275 2341 _I_n
1299 2265 1515 2341 _IEtithi
1544 2263 1970 2341 Cosmograpliia
2004 2279 2056 2333 p.

465 2343 570 2400 724
616 2335 1044 2396 [idin-Gronov.
1094 2342 1160 2394 ad
1209 2338 1364 2394 Melae
1396 2340 1602 2396 linem:
1643 2335 1873 2393 Breviter
1902 2338 2060 2390 trium

462 2415 596 2470 inter
633 2429 688 2467 se
721 2413 948 2484 partium
989 2411 1268 2484 divisiones
1292 2411 1535 2484 diximus
1565 2424 1583 2462 :
1618 2408 1726 2464 Sed
1749 2426 1811 2462 ne
1840 2408 1968 2477 quid
1990 2406 2060 2460 ad

468 2482 818 2556 plenissimam
844 2482 1234 2537 instructionem
1266 2482 1394 2556 desit
1416 2523 1429 2542 ,
1463 2482 1692 2552 ipsarum
1712 2497 1914 2556 quoque
1936 2495 2062 2550 par-

465 2550 594 2612 iium
622 2557 878 2626 regiones,
911 2557 1039 2608 situs
1070 2561 1116 2626 et
1145 2550 1534 2626 provinciarum
1576 2553 1819 2605 terminos
1850 2550 2062 2626 demon-j

463 2627 663 2693 strabo,
681 2623 742 2680 “ut
769 2627 963 2696 absque
991 2624 1206 2693 fastidio
1231 2624 1469 2696 uniuersa
1497 2624 1656 2696 lector
1678 2633 1946 2696 agnoscat,
1985 2623 2061 2675 rel

465 2714 736 2753 numerum
763 2693 987 2768 gentium
1009 2693 1616 2768 eommanentium.Asia
1642 2710 1673 2746 a
1697 2694 1864 2746 media
1889 2697 2062 2768 fronte

464 2771 519 2825 in
549 2770 741 2823 oriente
763 2764 938 2830 habet,
968 2776 1074 2821 etc.
1120 2768 1255 2832 Qum
1280 2765 1506 2830 adduxi,
1540 2775 1595 2818 nt
1628 2773 1803 2833 pateat
1830 2780 1892 2819 ex
1927 2764 2061 2819 Oro-

465 2842 550 2896 sin
582 2840 748 2894 fuisse
788 2838 1150 2905 descriptam,
1180 2838 1370 2906 paucis
1411 2836 1716 2892 immutatis
1741 2879 1754 2901 ,
1789 2835 1934 2891 illam
1957 2835 2060 2890 Co-

467 2911 836 2982 smographite
863 2955 876 2976 ,
929 2909 1031 2982 sub
1074 2908 1276 2982 Aithici
1312 2908 1546 2982 nomine
1574 2947 1603 2982 ,_
1627 2916 1873 2976 partem;
1929 2915 2058 2976 puto

467 2979 614 3038 enini
661 2982 926 3052 scriptum
978 2979 1111 3035 illud
1144 2979 1324 3036 Orosii
1357 2979 1693 3050 temporibus
1720 2993 1846 3034 esse
1878 2990 2060 3048 posto-

467 3071 604 3112 ῐιιις.

539 3129 632 3179 26.
676 3123 968 3179 Asinistra.
996 3121 1129 3180 Cod.
1162 3121 1415 3177 Perizon.
1446 3123 1499 3177 in
1522 3120 1750 3176 sinistro.

539 3198 630 3251 27.
677 3195 1096 3250 Promontorium
1122 3193 1548 3264 Caligardamna.
1580 3193 1673 3249 Sic
1693 3193 1857 3264 estin
1899 3205 2057 3250 vetu-
2084 3193 2128 3212 “

466 3269 568 3324 stis
596 3308 611 3332 ,
643 3282 768 3324 cum
814 3267 866 3321 in
897 3265 1132 3333 vulgatis
1163 3263 1394 3333 legatur,
1426 3264 1757 3334 Calligicum.
1791 3263 1956 3320 Faon.
1985 3295 2057 3306 --

468 3340 698 3396 Codices
729 3353 860 3392 mss.
898 3337 1047 3392 Flor.
1079 3351 1192 3391 see.
1221 3335 1437 3408 Caligar
1467 3337 1720 3408 damana,
1767 3346 1894 3391 tert.
1926 3352 2056 3392 eon-

464 3409 713 3481 junctim
747 3408 1192 3480 Caligardamana
1220 3448 1234 3470 ,
1281 3406 1424 3476 qiiod
1469 3419 1520 3462 et
1555 3406 1607 3460 in
1643 3408 1918 3481 prioribus
1950 3407 2053 3464 Fa-

471 3479 982 3537 liriciieditionibus
1029 3490 1082 3533 et
1113 3481 1423 3549 Augustaua
1453 3485 1663 3549 exstat,
1715 3486 1771 3533 et
1821 3479 1873 3533 in
1922 3493 2053 3533 mss.

467 3552 638 3621 Lugd.
673 3553 790 3608 Bat.
827 3567 936 3621 pr.,
971 3560 1120 3613 tert.,
1144 3548 1350 3620 quart..
1381 3561 1438 3604 ut
1467 3559 1522 3603 ct
1553 3548 1689 3605 Ultr.
1720 3559 1774 3603 et
1805 3550 2053 3621 Perizon.

467 3619 642 3693 Lugd.
681 3623 794 3677 llat.
826 3619 938 3676 Sec.
968 3621 1334 3692 Caligardama
1363 3621 1549 3693 scribit
1575 3665 1590 3688 ,
1613 3622 1788 3693 _Mens
1819 3619 2058 3692 Caligar-

467 3689 712 3750 datitnen.
759 3689 1152 3762 Antiquissima
1206 3708 1333 3764 vero
1379 3692 1511 3764 edit.
1549 3690 1717 3755 prima
1749 3689 2056 3764 Caligardaa

483 3782 708 3821 manum.
744 3764 1163 3832 Cosmograpliia
1197 3763 1397 3818 fElliici
1425 3762 1799 3830 Calidardam;
1845 3762 1901 3818 at
1931 3763 2056 3818 Viu-

466 3841 679 3892 Ccntius
707 3835 1128 3898 Bellovabensis,
1155 3833 1624 3903 Taligardamana,
1652 3837 1828 3888 littera
1853 3835 1915 3899 (Σ,
1935 3851 2055 3903 qtne

465 3925 656 3963 vocem
706 3907 964 3961 inchoare
1018 3906 1299 3978 debebat,
1345 3907 1604 3978 translata
1653 3907 1719 3959 atl
1752 3905 2057 3978 Taprobane

469 3981 612 4049 quod
654 3979 922 4047 sequitur,
970 3977 1204 4049 ctiapud
1247 3977 1399 4032 illum
1432 3977 1737 4049 Caprobana
1773 3977 2050 4033 scribitur.

466 4047 523 4106 lit
567 4053 800 4119 Speculo
845 4052 990 4103 enim
1042 4047 1316 4119 llistoriali
1361 4051 1522 4115 hujus
1549 4048 1817 4103 Vinceutii
1864 4049 1956 4102 lib.
1998 4065 2051 4118 ν,

463 4138 584 4191 cap.
613 4118 687 4178 ’47
719 4128 1034 4189 excerptum
1081 4118 1258 4174 Orosii
1303 4121 1371 4175 de
1421 4123 1562 4174 Asia:
1595 4119 1701 4174 situ
1727 4122 1996 4182 occurrit,
2023 4137 2054 4176 a

468 4196 649 4249 verbis
669 4236 683 4253 ,
719 4192 842 4247 Asia
873 4192 942 4244 ad
963 4192 1181 4262 mediam
1205 4206 1375 4262 usque
1401 4193 1464 4245 ad
1493 4192 1612 4244 aliis
1642 4191 1826 4245 insulis
1850 4191 2089 4246 Itabita-'

467 4264 653 4321 bilibus
692 4263 958 4334 plurimis.
1000 4267 1068 4334 At
1111 4261 1332 4318 Venelie
1378 4263 1536 4334 cilit.,
1581 4262 1816 4324 Ilittorp.
1851 4275 1904 4318 et
1935 4263 2057 4318 Bul-

467 4337 647 4403 suing.
681 4332 883 4388 habent
923 4332 1229 4403 Calligicum
1252 4374 1265 4398 ,
1312 4335 1454 4404 quod
1487 4333 1604 4389 sine
1634 4333 1797 4388 dubio
1825 4347 1890 4388 ex
1922 4351 2050 4390 mss.

467 4406 805 4471 hauserunt;
841 4420 962 4459 nam
995 4405 1259 4460 editiones
1286 4405 1503 4462 Venetae
1529 4446 1544 4469 ,
1577 4406 1696 4459 sive
1725 4420 1912 4459 carum
1946 4407 2047 4474 pri-

469 4494 555 4532 ma
585 4479 602 4547 (
631 4477 852 4548 reliqua:
879 4475 1026 4548 enim
1058 4476 1303 4532 eamdem
1331 4480 1664 4548 sequuntur)
1692 4490 1757 4529 ex
1792 4491 1922 4531 ιιικε.
1953 4494 2051 4532 ex-

2167 1835 2220 1888 ni
2243 1834 2456 1894 montis,
2493 1831 2662 1902 Lugd.
2693 1832 2832 1886 Batt.
2860 1847 3053 1887 omnes
3079 1828 3533 1888 Initnaui'montis.
3565 1833 3622 1888 In
3649 1835 3773 1903 qui-

2169 1905 2267 1960 bus
2301 1905 2556 1958 omnibus
2590 1905 2776 1958 montis
2807 1919 2907 1974 pro
2930 1913 3130 1958 montes
3157 1906 3417 1960 scribitur
3448 1920 3600 1960 more
3626 1906 3772 1958 auti-

2163 1992 2292 2042 qtto,
2345 1977 2431 2030 vel
2487 1974 2649 2042 adjici
2709 1975 2872 2030 debet
2891 1978 3115 2046 jngunt,
3156 1985 3317 2045 prout
3366 1978 3417 2031 in
3471 1975 3673 2031 Ethici
3709 1978 3771 2030 ﬁt

2164 2046 2620 2116 Cosmograpltia,
2658 2047 2711 2102 in
2740 2062 2842 2116 qua
2877 2047 3096 2115 legitur,
3127 2052 3314 2102 dextra
3345 2048 3452 2118 (vel
3489 2065 3520 2102 a
3555 2047 3769 2117 dextra)

2164 2119 2314 2172 liabet
2358 2119 2500 2174 [mai
2553 2120 2744 2172 montis
2783 2120 2998 2189 jugune.
3056 2117 3260 2174 Imaum
3331 2117 3460 2175 vero
3521 2131 3765 2174 montem

2165 2189 2377 2246 Euimlo
2435 2191 2665 2256 aliisuiue
2713 2194 3028 2254 colunrere,
3080 2189 3264 2244 docuit
3315 2190 3521 2245 Plinius
3569 2190 3659 2244 lib.
3687 2206 3764 2254 vr,

2163 2277 2282 2330 cap.
2319 2264 2383 2318 17
2417 2261 2760 2332 :Junguntur
2796 2262 2932 2316 inter
2966 2278 3020 2314 se
3051 2258 3257 2327 lmaus,
3297 2260 3555 2329 Emodus,
3590 2260 3767 2316 Pura-

2164 2334 2420 2405 pamisus,
2445 2332 2734 2405 Caucasus,
2758 2349 2791 2385 a
2818 2333 3003 2403 quibus
3033 2342 3140 2386 tota
3185 2333 3422 2405 decurrit
3446 2333 3620 2405 (India
3650 2334 3767 2388 sci-

2165 2404 2313 2477 licet)
2359 2407 2410 2459 in
2461 2402 2749 2477 planitiem“
2788 2402 3088 2477 immensam
3136 2412 3190 2477 et
3235 2402 3472 2477 ngypto
3513 2405 3761 2460 similem.

2165 2475 2333 2548 Docet
2390 2474 2617 2548 ibidem,
2672 2474 2921 2545 Plinius,
2976 2474 3765 2548 Emodorum'promontorium

2165 2543 2406 2602 [manum
2430 2546 2624 2603 vocari.

2235 2621 2326 2674 5|.
2362 2619 2701 2692 _Samaram._
2720 2617 2825 2692 Alii
2885 2616 3079 2692 legunt
3123 2618 3388 2692 Samum,
3446 2620 3588 2692 inter
3624 2635 3764 2692 quos

2168 2689 2325 2745 Viue.
2361 2690 2496 2744 Bell.
2542 2700 2596 2744 et
2635 2688 2909 2754 Ethicus,
2939 2688 3081 2759 quod
3125 2691 3453 2747 conﬁrmant
3489 2688 3758 2747 Florentt.

2163 2777 2274 2817 sec.
2307 2774 2358 2817 et
2387 2770 2540 2833 tert.,
2571 2762 2670 2815 nisi
2696 2762 2838 2830 quod
2865 2763 2914 2815 in
2935 2762 3224 2830 posteriori
3247 2763 3592 2828 sitSomora;
3620 2779 3763 2833 prm-

2164 2841 2312 2888 terea
2331 2833 2503 2903 Lugd.
2529 2832 2638 2887 But.
2671 2848 2782 2902 pr.,
2813 2833 2986 2887 Pcriz.
3009 2843 3064 2887 et
3089 2833 3435 2904 Meus,atque
3459 2836 3588 2890 etlit.
3618 2832 3757 2903 Aug.

2163 2905 2440 2961 Sameram
2487 2914 2708 2960 servant
2755 2903 2842 2958 ed.
2892 2906 3062 2973 prima
3093 2915 3146 2959 et
3201 2921 3303 2960 ms.
3335 2905 3476 2962 Ultr.
3522 2907 3763 2960 Samaria

2163 2979 2372 3032 malunt
2397 2976 2629 3046 llillorp.
2677 2983 2734 3030 et
2783 2975 3062 3047 Bolsuing.
3115 2977 3376 3032 Samaraa
3431 2977 3602 3043 Lugd.
3637 2978 3780 3033 ΒΜ.-

2161 3063 2273 3104 sec.
2309 3048 2591 3103 Samarata
2623 3057 2749 3120 tert.
2782 3047 2883 3114 Qui
2920 3046 3144 3120 Sainara
3176 3050 3385 3119 legunt,
3415 3060 3472 3104 ut
3507 3061 3758 3120 quartum

2162 3135 2346 3175 casum
2386 3120 2597 3175 numeri
2647 3119 2892 3189 pluralis,
2923 3119 3143 3190 generis
3193 3122 3464 3186 neutrius,
3497 3119 3755 3178 conside-

2161 3202 2304 3248 rant.

2232 3265 2322 3319 59..
2350 3261 2447 3317 Cui
2484 3263 2551 3316 ad
2579 3262 2872 3335 aquilonem
2901 3261 3191 3335 subjaccnt.
3219 3263 3471 3319 Etlticus
3501 3279 3530 3319 a
3565 3263 3756 3327 lectio-

2162 3348 2229 3407 ne
2257 3336 2473 3404 vulgata
2507 3333 2772 3407 discedit;
2808 3334 2858 3387 in
2894 3349 2960 3389 eo
2990 3333 3136 3390 enim
3173 3333 3392 3407 legitur,
3423 3337 3562 3407 quod
3605 3337 3756 3407 aqui-

2161 3405 2267 3459 loni
2297 3407 2547 3473 subiacet,
2573 3406 2639 3457 ad
2660 3407 2814 3460 ostia.
2845 3415 2951 3461 etc.

2229 3481 2320 3533 55.
2352 3475 2740 3550 Οριοωροννφ-
2789 3475 3037 3532 Vineeut.
3099 3477 3308 3550 Bellov.
3373 3480 3754 3550 Ortorogortw.

2159 3547 2363 3621 )Ethici
2387 3549 2672 3621 Cosmogr.
2701 3547 3011 3603 Octacordis
3034 3551 3114 3606 vel
3139 3549 3465 3606 Octocordis.
3494 3547 3590 3606 Ed:
3617 3553 3753 3621 Aug.

2162 3620 2536 3675 Ottoroborraz.
2566 3619 2854 3692 .Mss.ve_ro
2881 3635 3072 3675 omnes
3119 3631 3177 3676 et
3224 3621 3497 3677 editiones
3527 3619 3754 3692 reliquie

2159 3692 2241 3746 vel
2263 3693 2618 3762 Ottorogorra:
2637 3691 2718 3746 vel
2732 3689 3116 3764 ⁸Οιςιοι-οςγοιννιε
3139 3692 3424 3750 exhibent.
3455 3696 3498 3749 A
3523 3689 3757 3748 Cellario

2155 3765 2310 3831 juxta
2343 3761 2580 3818 Emedos
2625 3772 2681 3818 et
2724 3761 2962 3818 Sericos
2991 3773 3203 3820 montes
3247 3765 3642 3827 Ociorocorrha:
3666 3781 3758 3820 re-

2158 3843 2453 3889 censentur
2476 3835 2632 3889 Tom.
2661 3833 2705 3888 ll
2727 3833 2924 3903 Gcogr.
2956 3836 3141 3905 Antiq.
3173 3853 3225 3901 p.
3251 3837 3378 3893 889.
3404 3837 3512 3892 Pro
3541 3835 3756 3892 Sericus

2164 3905 2370 3972 vulgari
2397 3922 2585 3960 errore
2615 3905 2832 3976 Syricus
2855 3905 3076 3974 quidam
3108 3907 3266 3962 etlitt.
3299 3918 3352 3963 et
3378 3924 3511 3962 mss.

2229 3977 2316 4031 5i.
2350 3977 2422 4031 Ab
2451 3978 2734 4031 occidente.
2771 3978 2904 4031 Ultr.
2929 3977 2998 4030 ad
3029 3979 3368 4032 occidentem.
3397 3979 3628 4034 Flumen
3659 3978 3756 4033 In-

2157 4046 2285 4101 dum
2315 4049 2368 4103 in
2401 4048 2594 4102 Melum
2622 4057 2945 4102 transmutat
2971 4047 3131 4106 Viue.
3166 4050 3382 4106 Bellov.

2353 4119 2511 4192 Quod
2544 4119 2721 4192 Rubro
2758 4120 2889 4172 mari
2912 4121 3191 4192 excipitur.
3217 4122 3551 4192 'l‘rausponit
3578 4122 3754 4178 lenius

2161 4191 2515 4264 Pcrir.._mari
2576 4191 2771 4246 Rubro.
2831 4193 2900 4246 At
2946 4191 3088 4261 apttd
3139 4191 3478 4250 Vincentium
3527 4195 3750 4264 legitur,

2157 4265 2295 4334 quod
2321 4262 2496 4317 Rubro
2527 4264 2658 4316 mari
2689 4265 2937 4317 accurrit.

2231 4333 2577 4408 56._Reliqua
2625 4337 2705 4403 (ut
2755 4335 2913 4405 diri).
2951 4336 3003 4390 Id
3055 4344 3159 4400 est,
3220 4336 3432 4408 reliqua
3484 4335 3665 4408 india;
3697 4345 3753 4392 at

2160 4421 2291 4480 mss.
2328 4405 2517 4480 Lugd.
2540 4406 2653 4459 But.
2690 4421 2798 4480 pr.,
2825 4421 2936 4461 sec.
2978 4419 3029 4480 et
3073 4417 3228 4478 tert.,
3253 4405 3477 4480 reliqua,
3508 4419 3562 4462 ut
3607 4407 3746 4475 dixi,

2163 4475 2272 4531 Eoo
2299 4488 2346 4532 et
2396 4475 2582 4530 Indico
2620 4477 2964 4549 terminantur
3008 4475 3236 4535 Oceano.
3281 4475 3380 4535 Ed.
3427 4481 3664 4549 Ilittorp.
3697 4491 3754 4535 et

468 4545 672 4620 pressa:
715 4545 862 4603 sunt.
915 4546 1142 4623 Videtur
1167 4549 1342 4623 igitur
1385 4545 1520 4602 illud
1566 4546 1892 4623 Calligieuiti
1929 4565 2051 4623 cs-e
2084 4545 2130 4605 Ι)
2159 4549 2438 4623 Bolsuiug.
2463 4547 2751 4623 interjecta
2782 4564 2936 4623 voce,
2973 4553 3173 4623 reliqua
3211 4569 3355 4623 pars,
3386 4561 3442 4605 ut
3479 4545 3752 4617 dish-Eoo

467 4617 818 4690 depravatum
867 4635 965 4692 pro
990 4617 1296 4692 Colligicum
1323 4661 1338 4685 ,
1391 4633 1488 4688 pro
1517 4617 1788 4692 quoapud
1818 4618 2049 4674 Plinium

464 4689 682 4762 quoque
710 4699 886 4762 exstat
911 4689 1184 4762 Coliacuin
1215 4693 1309 4762 lib.
1332 4706 1408 4758 vr,
1436 4705 1556 4760 cap.
1581 4691 1672 4762 2i;
1699 4705 1848 4762 nam.
1890 4692 2050 4747 sicuti

463 4760 1110 4832 obse'rvavitCltristopli.
1144 4761 1414 4817 Cellarius
1447 4770 1594 4817 lomo
1624 4761 1670 4816 ll
1694 4760 2052 4832 Geograpliiae

463 4835 737 4911 Antiqine,
772 4833 886 4889 sive
900 4831 1080 4911 _N_otit.
1107 4833 1240 4888 Orb.
1274 4834 1456 4911 A‘ntiq.
1487 4848 1542 4903 p.
1568 4832 1697 4911 877,
1730 4837 1871 4911 κριρυ
1897 4831 2054 4911 ἄλιμον

463 4911 544 4989 nui
566 4907 865 4982 καλλίνικον,
900 4905 953 4962 id
989 4907 1424 4978 promontorium
1454 4920 1486 4961 a
1524 4905 1882 4976 scriptoribus
1910 4905 2054 4961 ϐίω-

463 4992 544 5033 εις
568 4991 816 5033 vocatur.

531 5049 624 5105 28.
659 5048 753 5104 Cui
784 5047 1035 5120 subjacet.
1068 5047 1348 5106 Editiones
1378 5047 1622 5118 Venetas,
1653 5049 1738 5103 cui
1787 5059 2044 5118 suntanet,

461 5121 603 5192 quod
631 5123 989 5192 etinvcnitur
1021 5121 1077 5192 in
1100 5120 1337 5192 editione
1368 5121 1558 5188 prima.

533 5194 625 5248 29.
679 5191 1008 5264 Taprobane.
1059 5191 1252 5264 Lugd,
1281 5191 1398 5245 Bat.
1435 5193 1648 5264 omnes,
1701 5190 2045 5264 Taprobrana

462 5273 518 5320 et
549 5265 637 5322 hic
686 5261 954 5319 ct'inl'ra.
990 5264 1062 5319 De
1091 5262 1193 5318 hac
1241 5261 1415 5318 insula
1467 5263 1711 5333 plerique
1754 5263 2038 5319 doctorum

461 5338 814 5401 conveniunt,
849 5334 1096 5390 eamdem
1151 5348 1293 5405 esse,
1327 5349 1447 5404 quae
1471 5332 1644 5405 hodie
1679 5332 1876 5405 Ceylan
1931 5336 2039 5390 dici

459 5407 827 5478 solet,dequs
850 5406 970 5478 vide
999 5404 1313 5478 Cliristoph.
1343 5405 1562 5461 Cellarii
1592 5404 1850 5462 Notitiam
1879 5406 2039 5463 Orbis

458 5479 680 5550 Antiqui
705 5475 850 5534 torno
875 5475 939 5543 ll,
966 5493 1020 5548 p.
1053 5477 1179 5550 876,
1202 5477 1328 5550 877.

530 5547 622 5607 5οξ
659 5549 794 5606 lmai
825 5547 1040 5621 montes.
1076 5549 1307 5621 Edition.
1340 5547 1600 5621 antiquae,
1633 5549 1828 5619 prima,
1860 5547 2038 5606 Vene-

459 5631 550 5690 tre,
613 5622 866 5691 Ilittorp.,
906 5620 1207 5691 Bolsuing.,
1258 5619 1489 5675 Emodos
1548 5629 1762 5674 montes.
1811 5625 2034 5691 August.

457 5693 643 5749 Tinavi
671 5695 880 5758 montis,
913 5693 1162 5748 Vincent.
1191 5693 1400 5748 Bellov.
1432 5691 1641 5746 Timani
1661 5693 1872 5747 montis.
1908 5694 2036 5749 Mss.

456 5766 700 5824 Florent.
733 5780 844 5822 sec.
879 5763 1080 5820 lnmari
1128 5766 1334 5834 montis,
1370 5767 1561 5821 tertius
1610 5763 1664 5820 in
1703 5764 1838 5819 ntari
1891 5765 2040 5823 liabet

2155 4619 2420 4693 (ῥιπαὶεο
2450 4619 2656 4674 Oceano
2689 4621 3018 4693 terminatur.
3047 4619 3334 4693 Vulgatum
3361 4631 3588 4678 tuentur
3615 4637 3750 4678 mss.

2159 4691 2422 4816 F‘lnhr'eutt.
2447 4706 2585 4762 sec.,
2618 4700 2770 4760 tert.,
2803 4691 2972 4764 Lugd.
3000 4693 3118 4748 Bat.
3143 4691 3347 4766 tinam,
3377 4694 3578 4763 Periz.,
3605 4693 3746 4751 Ultr.

2159 4777 2191 4816 e
2301 4777 2421 4816 eus.

2159 4772 2214 4819 et
2248 4772 2421 4818 Meus.

2229 4835 2318 4909 57.
2356 4833 2595 4909 Reliquis
2625 4832 2818 4909 _insulis
2846 4834 3211 4892 habitabilibns
3242 4838 3501 4909 plurimis.
3527 4837 3619 4895 Sic
3649 4853 3750 4893 cx-

2156 4914 2266 4962 stat
2303 4907 2355 4961 iu
2399 4906 2571 4980 Lugd.
2623 4907 2739 4961 Bat.
2770 4921 2880 4977 pr.,
2909 4916 3012 4965 tert
3047 4950 3061 4974 ,
3092 4906 3300 4980 quart.,
3332 4921 3388 4966 et
3418 4911 3471 4964 in
3516 4910 3746 4978 reliquis

2157 4992 2289 5049 mss.
2325 4978 2597 5042 omnibus,
2629 4987 2991 5049 praeterquam
3051 4978 3122 5035 in‘
3161 4981 3336 5049 Lugd.
3375 4982 3496 5036 Bat.
3536 4995 3649 5036 sec.
3693 4991 3749 5036 et

2155 5048 2320 5118 Ultr.,
2370 5051 2423 5104 in
2474 5050 2670 5119 quibus
2723 5048 3064 5116 est,'insulis
3114 5048 3327 5120 reliquis
3377 5052 3748 5106 habitabilibus

2147 5137 2302 5190 quam
2347 5121 2624 5194 plurimis._
2671 5121 2782 5194 Ed.
2827 5123 3019 5178 llittor.
3081 5131 3137 5178 et
3198 5125 3475 5194 Bolsning.
3531 5137 3750 5194 (tuoque

2147 5201 2333 5248 amant
2369 5209 2526 5264 quant
2570 5192 2844 5264 plurimis,
2885 5205 3074 5250 comra
3127 5196 3362 5268 reliquas
3412 5192 3746 5252 vetuStiores

2145 5277 2358 5320 omnes.

2219 5336 2309 5390 58.
2336 5335 2491 5403 Quod
2514 5345 2604 5408 est
2635 5335 2698 5389 ab
2736 5337 2951 5392 oriente.
2981 5336 3152 5408 Lugd.
3206 5337 3327 5392 Bal.
3371 5337 3519 5394 delet
3571 5349 3668 5404 est,
3693 5350 3749 5394 et

2146 5421 2269 5532 mals
2299 5422 2424 5462 cum
2456 5407 2544 5463 ed.
2577 5406 2806 5479 August.
2841 5410 2991 5480 legit,
3022 5406 3162 5480 quod
3188 5419 3263 5466 est
3285 5410 3358 5469 ab
3399 5425 3610 5478 occasu,
3637 5428 3745 5467 non

2146 5493 2229 5532 ina
2255 5495 2304 5532 e.

2146 5493 2304 5534 male.

2216 5551 2307 5623 59.
2359 5549 2564 5623 Persis.
2596 5549 2726 5608 Mss.
2756 5551 2970 5622 plures,
3004 5562 3061 5607 ut
3111 5551 3362 5610 Floreat.
3407 5568 3547 5618 see...
3588 5562 3743 5623 tcrt.,

2147 5621 2318 5693 Lugd.
2352 5622 2470 5678 Bat.
2497 5639 2605 5689 pr.,
2637 5621 2776 5684 sec..
2808 5637 3020 5692 quart.,
3050 5634 3103 5679 et
3131 5624 3300 5692 Ultr.,
3330 5641 3434 5680 una
3461 5641 3581 5680 cum
3605 5621 3740 5681 edit.

2152 5694 2735 5766 Iiols'ttinginuguSL,
2767 5695 3024 5758 Venetis,
3057 5703 3113 5750 et
3154 5697 3349 5766 prima,
3396 5696 3613 5752 Persida
3665 5699 3742 5753 le-

2148 5775 2304 5839 guut,
2325 5765 2423 5839 pro
2449 5765 2656 5838 Persia,
2685 5775 2744 5824 ut
2773 5777 2933 5841 puto,
2961 5769 3101 5825 sicut
3123 5768 3176 5826 in
3202 5765 3528 5828 meo'codice
3541 5779 3743 5827 exstat.
