4062 6340
311 248 413 314 681
819 276 830 282 ·
1415 249 1894 311 lllSTORlARUM
1933 246 2135 310 LIBER
2177 249 2217 311 Ι.
2257 248 2413 312 CAP.
2452 249 2518 310 Il.
3507 253 3616 316 682

309 373 497 428 "Dura
518 368 1026 440 nominant,cteteri
1042 384 1173 427 vero
1186 368 1387 427 accola:
1400 371 1444 403 τ’
1466 369 1678 427 Nucbul
1696 376 1912 443 vocant.
1942 369 1991 431 A
2020 384 2080 426 re
2109 367 2394 441 Caspium,
2429 369 2662 440 primum
2688 366 2952 424 attollitur
2981 382 2993 422 :
3020 367 3176 438 cujus
3200 369 3417 440 quidem
3446 371 3491 405 ⁷⁷
3520 387 3617 430 us-

307 464 418 522 Sed
465 450 553 520 hic
581 463 637 519 in
677 464 904 535 regione
931 464 1140 535 gentis,
1190 478 1313 535 qum
1359 462 1406 496 ⁷³
1445 461 1614 536 Libya
1658 461 1916 535 Egyptia
2018 479 2123 535 que
2150 464 2207 520 in
2242 464 2491 522 ultimum
2524 466 2790 523 orientem
2819 482 2983 522 unum
3027 464 3245 522 videtur
3268 467 3492 539 jugum,
3521 470 3619 526 scd

309 568 573 624 vocatur,
607 558 751 615 haud
807 558 999 630 procul
1029 559 1215 615 abillo
1243 559 1439 625 ﬂuvio,
1473 575 1633 629 quem
1666 574 1696 613 a
1736 559 1918 614 littore

311 653 481 708 maris
513 651 682 707 Rubri
711 667 1068 723 prorumpere
1092 651 1355 721 diximus,
1386 654 1651 709 immenso
1682 652 1801 708 lacu
1822 666 1917 707 ac-

310 757 509 820 ceptus
541 746 588 780 '5
615 748 954 804 absumitur:
990 746 1102 803 Nisi
1137 749 1274 804 torte
1300 747 1516 804 occulto
1546 755 1727 803 meatu
1758 747 1813 801 in
1836 744 1920 800 al-

313 855 476 897 veum
494 839 641 912 ejus,
657 839 837 913 quiab
852 840 1063 897 oriente
1085 839 1386 911 descendit,
1407 847 1641 896 eructat.
1659 837 1924 911 Aigyptus

313 935 577 1006 superior
597 932 650 988 in
678 932 948 990 orientem
969 932 1304 1005 perlongum
1327 934 1661 1001 extenditur,
1681 932 1770 988 cui
1792 939 1875 988 est
1894 944 1924 986 a

326 1026 433 1098 19
478 1022 858 1097 septentrione
881 1027 1034 1083 sinus
1071 1026 1363 1095 Arabicus,
1412 1042 1443 1082 a
1492 1025 1719 1082 meridie
1750 1024 1925 1082 Ocea-

330 1136 456 1176 nus.
492 1119 628 1175 Nam
657 1119 726 1177 ab
749 1135 945 1177 occasu
972 1136 1040 1177 ex
1071 1119 1330 1177 inferiore
1361 1119 1600 1192 Egypto
1629 1119 1853 1190 incipit,
1881 1116 1930 1151 ⁷⁸

320 1214 389 1270 ad
427 1215 697 1272 orientem
724 1214 914 1278 Rubro
960 1215 1100 1272 mari
1146 1215 1487 1282 terminatur,
1522 1215 1609 1269 ubi
1639 1222 1766 1269 sunt
1793 1227 1932 1285 geu-

322 1317 409 1367 tes
438 1310 892 1382 vigintiquatuor.
941 1309 1006 1365 Et
1036 1310 1294 1382 quoniam
1321 1309 1368 1341 7°
1396 1309 1756 1366 meridianam
1797 1321 1932 1377 par-

323 1412 436 1461 tem
480 1406 757 1461 universae
800 1405 944 1462 Asia:
983 1404 1400 1475 descripsimus,
1450 1412 1703 1476 superest
1752 1411 1810 1459 ut
1863 1403 1934 1460 ab

324 1495 543 1552 oriente
565 1495 631 1551 ad
656 1496 1085 1568 septentrionem
1111 1512 1257 1569 pars,
1292 1511 1415 1570 quae
1443 1494 1934 1566 reStat,expedia-

328 1596 436 1644 tur.
490 1588 646 1645 Mons
671 1589 946 1646 Caucasus
976 1590 1119 1647 inter
1157 1588 1416 1656 Colchos,
1456 1589 1548 1657 qui
1595 1598 1724 1646 sunt
1768 1604 1938 1660 super

326 1679 715 1741 Cimmericum
741 1697 915 1754 mare,
939 1691 997 1740 et
1016 1683 1162 1740 inter
1180 1682 1447 1754 Albanos,
1464 1683 1557 1755 qui
1579 1691 1707 1740 sunt
1726 1682 1795 1747 ad
1822 1696 1939 1739 ma-

2021 559 2191 614 multa
2239 568 2364 615 sunt
2406 560 2667 616 nomina:
2726 567 2783 616 et
2823 560 2980 616 multi
3027 559 3130 616 hoc
3159 559 3334 632 ipsum
3355 560 3543 631 jugum
3573 563 3620 594 ⁷⁸

2022 652 2186 708 Tauri
2209 654 2408 709 montis
2436 654 2584 711 credi
2613 654 2806 711 volunt
2832 670 2848 710 :
2878 655 3002 726 quia
3034 669 3094 710 re
3122 670 3249 710 vera
3274 655 3318 688 79
3348 654 3624 711 Parchoa-

2024 754 2156 814 tras,
2210 761 2367 804 mons
2414 746 2709 816 Armeniae,
2760 748 2902 803 inter
2948 746 3182 803 Taurum
3226 755 3283 803 et
3319 744 3624 804 Caucasum

2026 839 2241 896 medius
2273 881 2289 906 ,
2365 841 2688 898 continuare
2740 841 2979 897 Taurum
3032 856 3154 897 eum
3185 840 3427 898 Caucaso
3473 850 3629 912 puta-

2028 942 2115 989 tur
2159 951 2175 990 :
2223 932 2321 989 scd
2363 933 2467 990 hoc
2511 935 2556 967 ⁸ο
2613 950 2719 991 ηοη
2769 936 2841 990 ita
2884 950 3047 999 esse,
3116 935 3379 992 discernit
3430 934 3629 992 ﬂuvius

2031 1026 2381 1098 Euphrates,
2427 1028 2471 1061 ⁸¹
2522 1028 2649 1101 qui,
2700 1028 2768 1084 de
2808 1029 2990 1085 radice
3034 1028 3380 1085 Parchoatrtc
3428 1030 3635 1085 montis

2031 1118 2257 1189 eﬂ'usus,
2292 1112 2522 1177 tendens
2541 1122 2596 1177 in
2625 1121 2938 1190 meridiem,
2965 1123 3141 1194 ipsum
3171 1122 3240 1178 ad
3265 1122 3562 1189 sinistram,
3588 1124 3635 1155 ⁸³

2032 1214 2274 1271 Taurum
2307 1215 2547 1272 excludit
2574 1215 2643 1272 ad
2668 1215 2977 1273 dexteram.
3002 1216 3192 1289 Itaque
3220 1218 3335 1289 ipse
3360 1219 3637 1274 Caucasus

2035 1307 2182 1365 inter
2214 1306 2448 1364 Colchos
2474 1316 2530 1365 et
2568 1308 2833 1374 Albanos,
2889 1309 2980 1365 ubi
3029 1319 3085 1365 et
3126 1308 3172 1343 ⁸³
3215 1319 3400 1381 portas
3441 1309 3637 1381 habet,

2038 1418 2193 1459 mons
2219 1402 2493 1459 Caucasus
2513 1402 2734 1472 dicitur,
2757 1402 2786 1459 2t
2811 1404 2985 1474 portis
3016 1404 3225 1473 Caspiis
3247 1420 3420 1476 usque
3446 1405 3511 1461 ad
3536 1405 3639 1461 Ar-

2038 1495 2248 1553 menias
2278 1495 2452 1568 pylas,
2475 1495 2563 1552 vel
2597 1512 2769 1568 usque
2799 1496 2866 1553 ad
2891 1494 3091 1554 fontem
3122 1498 3168 1530 ⁸³
3198 1498 3432 1570 Tigridis
3456 1499 3639 1555 ﬂumi-

2040 1588 2145 1658 nis,
2163 1588 2307 1644 inter
2322 1587 2639 1645 Armeniam
2662 1598 2717 1644 et
2732 1588 2989 1660 Iberiam,
3010 1599 3226 1648 montes
3248 1593 3645 1649 Acrocerauuii

2041 1680 2297 1740 dicuntur
2328 1698 2344 1741 :
2377 1696 2407 1736 a
2437 1680 2588 1739 fonte
2617 1680 2856 1755 Tigridis
2896 1696 3070 1756 usque
3099 1681 3168 1739 ad
3199 1682 3245 1715 ⁸⁸
3272 1680 3472 1740 Carras
3508 1682 3644 1742 civi-

1615 1868 2070 1930 IIAVEARCAMPI
2107 1867 2341 1928 NOTAE.

335 2000 533 2086 [autem
560 2025 725 2086 ergo,
772 2010 826 2067 id
860 2021 976 2086 est,
1011 2012 1104 2070 ubi
1129 2013 1324 2071 oritur.
1352 2014 1525 2071 Laur.
1551 2044 1630 2086 -ί
1660 2012 1833 2086 Immo
1872 2011 1953 2068 sic
1984 2012 2029 2073 Β
2127 2010 2415 2086 78._Tauri
2454 2012 2663 2069 montis.
2693 2012 2796 2070 Ed.
2829 2012 3007 2086 prima
3036 2012 3202 2069 Tauri
3224 2022 3443 2071 montes.
3479 2013 3658 2073 ΙΕιυί-

334 2084 620 2157 lcgebatur
654 2084 745 2157 diu
772 2093 900 2140 ante
938 2084 1191 2142 Lautium
1246 2090 1265 2157 (
1293 2088 1386 2155 qui
1416 2086 1564 2142 solas
1594 2085 1947 2157 Fabriciaﬁnas

334 2155 977 2230 consuluiteditiones),
1013 2158 1065 2230 in
1108 2155 1282 2230 prima
1310 2159 1448 2230 edit.
1497 2169 1555 2213 ut
1584 2167 1639 2213 et
1666 2157 1804 2230 Aug.
1838 2155 1946 2211 Ve-

336 2228 517 2301 netis,
564 2226 1221 2301 Hittorp..‘Cervieo'rn,
1255 2229 1503 2301 adeoque
1546 2229 1779 2301 vetustis
1825 2242 1948 2301 om-

339 2299 536 2366 nibus,
569 2307 630 2354 ut
658 2308 713 2355 et
752 2298 909 2372 libris
933 2316 1067 2357 mss.
1098 2302 1192 2372 qui
1222 2298 1431 2372 passim
1476 2300 1741 2357 exhibent
1785 2298 1948 2355 solito

340 2364 620 2453 scribendi
650 2394 803 2435 more
836 2364 967 2453 ἴρε,
1006 2364 1367 2453 nisi-quodin
1388 2379 1561 2453 Lugd.
1592 2380 1735 2453 Batt.
1766 2392 1863 2453 pr.
1895 2384 1953 2453 et

342 2460 543 2522 quarto
572 2451 785 2525 legatur
811 2447 1204 2525 propemodum.
1248 2449 1407 2525 Unde
1446 2452 1617 2525 igitur
1661 2447 1955 2525 in__Fabri-

342 2520 532 2577 eianas
560 2520 839 2596 editiones;
863 2520 1071 2596 proprie
1101 2523 1386 2596 irrepserit
1408 2520 1500 2596 vis
1533 2522 1676 2596 scio.
1703 2520 1952 2576 Floreat.

347 2607 467 2650 sec.
498 2608 598 2664 pro
620 2595 798 2662 utique
827 2592 1156 2665 legit'utice,
1198 2592 1353 2665 quasi
1382 2594 1552 2650 vellet
1590 2592 1754 2648 Utica:
1774 2635 1789 2661 ,
1819 2606 1959 2665 quae

348 2662 518 2730 urbs,
551 2681 720 2738 prope
749 2662 1172 2738 Carthaginem,
1210 2662 1532 2736 longissime
1561 2680 1591 2738 a
1618 2666 1764 2721 fonte
1818 2662 1956 2738 Nili,

350 2751 518 2865 qggrt:
551 2732 687 2794 Juba
717 2736 785 2793 ad
840 2732 1118 2796 Atlantem
1157 2732 1229 2795 Vin
1290 2732 1613 2794 ﬂauritania
1667 2732 1957 2809 quaesivit,

354 2823 387 2864 a
464 2826 488 2865 s
525 2853 539 2865 .

354 2823 539 2865 abest.

430 2901 520 2956 7i.
549 2899 695 2955 Dura
721 2902 1014 2957 nominant.
1047 2900 1271 2973 Barbari
1296 2900 1406 2967 illi,
1436 2903 1530 2973 qui
1559 2914 1729 2973 prope
1751 2898 1963 2973 fontem

356 2980 490 3045 sunt
527 2974 612 3045 Vel
645 2972 891 3030 habitant
919 2972 1102 3045 (quod
1132 2970 1467 3045 subintelligi'
1506 2970 1670 3028 debet
1697 2972 1715 3044 )
1742 2970 1965 3026 ﬂuvium

359 3043 538 3118 hunc,
568 3044 685 3100 sive
715 3043 1036 3118 principium
1064 3059 1264 3118 cursus
1292 3044 1534 3118 ejusdem
1567 3043 1704 3098 Dara
1734 3048 1964 3118 vocant,

2055 2097 2152 2140 eus
2168 2126 2183 2147 ,
2219 2080 2380 2138 Tauri
2410 2095 2657 2140 montem.

2129 2155 2217 2212 79.
2277 2155 2655 2226 Parcltoatras.
2703 2156 2803 2213 llic
2829 2156 3082 2213 Straboni
3122 2166 3202 2212 est
3237 2155 3658 2226 Parachoalras,

2056 2226 2233 2283 Plinio
2259 2225 2536 2282 Choatras.
2567 2229 2713 2284 Flor.
2748 2243 2861 2284 sec.
2890 2227 3096 2284 Parclw
3128 2230 3328 2284 Itatras.
3362 2230 3490 2286 Sed.
3526 2225 3656 2287 tert.

2055 2297 2687 2371 liquido_Parchoatras.
2739 2299 2913 2371 Lugd:
2968 2300 3084 2355 But.
3143 2318 3228 2369 pr.
3276 2300 3661 2369 Parthoatras,

2059 2379 2239 2441 quart.
2268 2369 2673 2437 Parchoastras,
2708 2369 2854 2426 Meus
2880 2370 3228 2444 Parcltoataps.
3262 2372 3471 2444 lieliqui
3507 2374 3661 2444 vulg-

2058 2451 2237 2513 gatam
2287 2452 2514 2498 servant
2551 2446 2913 2513 scripturam,
2969 2453 3029 2498 ut
3067 2452 3124 2498 et
3153 2443 3482 2501 AEthicus’ct
3528 2445 3664 2503 editi

2062 2513 2414 2586 vetustiores,
2438 2513 2537 2570 sed
2560 2515 2798 2586 Hittorp.
2832 2513 3205 2586 Parcltoateas.

2136 2583 2228 2640 80.
2258 2584 2384 2640 Non
2413 2586 2484 2641 ita
2531 2603 2659 2641 esse.
2691 2583 2784 2641 Sic
2814 2585 3066 2643 Ethicus
3104 2596 3159 2643 et
3183 2601 3314 2643 mss.
3342 2587 3491 2644 Flor.
3523 2604 3661 2654 sec.,

2063 2654 2235 2727 Lugd.
2270 2656 2413 2729 Batt.
2443 2672 2553 2729 pr.,
2606 2666 2732 2723 tert,
2763 2667 2969 2729 quart.,
2999 2667 3056 2713 ut
3088 2667 3144 2714 et
3171 2658 3259 2714 ed.
3296 2663 3432 2729 Aug.
3464 2660 3668 2716 Trans"

2065 2736 2276 2804 ponunt
2321 2727 2413 2804 alii
2449 2727 2534 2783 ita
2579 2745 2682 2797 non
2717 2744 2843 2784 esse.
2872 2728 3110 2801 Hittorp.
3143 2739 3199 2786 et
3227 2727 3531 2804 Bolsu‘ing”
3564 2749 3668 2787 non

2065 2800 2142 2855 ita
2167 2815 2222 2853 se
2252 2798 2438 2854 habere
2464 2816 2635 2869 posse.

2141 2870 2230 2926 8i.
2270 2870 2394 2938 Qui,
2442 2873 2506 2926 de
2551 2872 2745 2928 radice.
2796 2871 2898 2938 Qui
2949 2872 3147 2938 radice,
3180 2888 3301 2929 eum
3333 2870 3671 2930 Fabricianis

2071 2941 2253 3016 edi‘tt.,
2295 2942 2442 3016 Flor.
2478 2957 2590 3000 sec.
2624 2952 2679 3000 et
2711 2953 2859 3016 tert.,
2892 2944 3062 3016 Lugd.
3093 2944 3211 2999 Bal.
3246 2961 3330 3016 pr.
3354 2956 3409 3002 et
3451 2946 3663 3003 Periz..

2073 3013 2163 3086 qtti
2187 3030 2220 3088 ᾳ
2245 3012 2441 3081 radice,
2472 3024 2677 3088 praeter
2702 3012 2986 3088 Ethicum
3005 3014 3156 3072 Meus
3183 3012 3346 3072 et'ed.
3376 3016 3540 3088 Aug;
3569 3017 3669 3072 sed

358 3084 1967 3187 ξίῖιῖῑιῖηέίὶῖε¹ἒὰ“ἓῖι¹ἰὶι’ῖι’ὲίιῖ’ἰέἕι;ἐῖει“ιῗέ’ῗίᾘᾍξὶζ’ἐπὶᾈῖῑέὲί
1997 3103 2044 3168 c
2076 3084 3268 3187 2{fﬁﬁfgnjjgujﬁgnifiﬂ‘ﬁ‘ffjfigé;£13}:fﬁc-:
3294 3084 3666 3159 ιοτι-ιᾱιιτιτιον

360 3185 530 3248 coire.
561 3185 771 3245 Nuchul
818 3195 1034 3243 vocant.
1082 3187 1188 3243 Pro
1220 3187 1432 3243 barbari
1473 3187 1639 3255 dara,
1671 3185 1819 3241 Flor.
1852 3199 1967 3240 see.

361 3268 419 3330 et
463 3259 560 3315 Ed.
594 3266 732 3330 Aug.
767 3258 1083 3314 Barbarida.
1110 3257 1285 3330 Lugd.
1311 3259 1431 3315 Bat.
1470 3273 1583 3315 sec.
1617 3266 1677 3312 ut
1726 3265 1787 3312 et
1825 3255 1968 3313 Ultr.

363 3328 585 3386 herbam
609 3328 775 3387 clara.

436 3424 527 3479 72.
584 3424 823 3480 Nuchut.
879 3423 1226 3481 Terminatio
1273 3423 1805 3493 probatArricanum
1848 3435 1970 3493 esse

362 3510 595 3568 nomen,
628 3496 774 3568 quod
795 3495 1126 3553 inﬂectendo
1154 3496 1221 3551 ad
1264 3491 1402 3568 Latii
1426 3494 1698 3568 sermonis
1723 3508 1881 3568 usum
1915 3491 1970 3568 in

353 3566 607 3640 Nitidem
649 3563 917 3640 migrasse
957 3573 979 3636 (
1018 3575 1178 3640 prout
1202 3566 1603 3640 apud__P|iniu_m
1635 3564 1860 3640 legitur,
1893 3563 1972 3640 ci-

366 3647 480 3710 tato
539 3638 698 3710 loco)
730 3635 1187 3710 ExistimOXDara
1209 3635 1292 3710 Aet
1337 3636 1573 3710 Nucl:u_t_
1602 3635 1820 3710 quoque
1846 3635 1975 3702 legit

367 3709 620 3767 Ethicus
652 3707 686 3766 τ’
718 3712 770 3767 in
803 3725 934 3765 mss.
962 3709 1117 3766 varie
1147 3727 1161 3764 :
1197 3708 1347 3765 Flor.
1371 3723 1483 3764 sec.
1522 3707 1727 3775 Nebul,
1763 3715 1888 3764 tert.
1918 3717 1973 3762 et

365 3782 518 3838 Meus
539 3781 759 3842 Nubat.
792 3781 963 3851 Lugd.
990 3782 1114 3837 Bat.
1145 3789 1410 3851 quartaet
1440 3779 1566 3835 edd.
1595 3794 1679 3851 pr.
1728 3786 1785 3851 et
1831 3781 1970 3848 Aug.

368 3862 423 3909 et
450 3852 673 3909 Venetae
702 3848 924 3919 NuItuI,
971 3867 1085 3909 sec.
1135 3848 1254 3906 eum
1302 3850 1533 3916 Nic/tul,
1568 3848 1624 3906 ut
1654 3858 1707 3907 et
1738 3848 1880 3907 Ultr.
1913 3851 1969 3907 ln

369 3924 623 3981 Perizon.
659 3924 856 3982 desunt
886 3924 1009 3992 illa,
1046 3925 1217 3980 caeteri
1245 3940 1363 3979 vero
1391 3939 1426 3976 a
1457 3921 1531 3977 Ν.
1561 3938 1610 3977 υ.
1784 3936 1797 3943 ³

440 4018 530 4091 75.
578 4016 1233 4091 Libym/Egyptianulu
1283 4015 1494 4091 duobus
1542 4014 1965 4091 manuscriptis,

368 4087 533 4173 Libya
570 4087 1050 4173 agemusque
1100 4089 1333 4145 Plinium
1380 4087 1519 4173 libro
1557 4089 1748 4173 quinto
1793 4088 1972 4173 capite

369 4158 628 4243 septimo,
647 4158 1026 4234 'Libyazgyptii,
1059 4174 1264 4229 eosque
1294 4174 1458 4229 super
1478 4158 1703 4243 Catulos
1725 4158 1972 4215 habitare

372 4233 560 4287 tradit.
589 4231 755 4287 Faue.
799 4262 872 4274 —
900 4231 1068 4287 Terra
1105 4231 1296 4286 harum
1346 4242 1585 4287 genuum
1617 4229 1783 4287 Libua
1810 4230 1972 4287 Αἰσυ-

372 4242 560 4288 traait.
589 4242 755 4288 rana.
799 4262 872 4274 —
900 4242 1068 4288 't'erra
1107 4242 1296 4286 uarum
1346 4242 1585 4302 gentium
1617 4242 1783 4301 Libya
1810 4242 1975 4302 mgy-

369 4304 481 4374 ptia
503 4345 518 4369 ,
564 4312 752 4374 gentes
792 4304 877 4359 lite
919 4312 1185 4359 vocantur
1210 4301 1597 4374 Libyaegyptii,
1631 4304 1792 4374 quasi
1816 4302 1970 4357 mixti

371 4373 651 4448 Egypt’iis
696 4374 911 4448 Libyes.
931 4375 1025 4448 _A_d
1072 4373 1327 4431 occasum
1357 4373 1680 4448 Thebaidis,
1703 4373 1798 4448 ubi
1827 4389 1971 4448 nunc

370 4444 589 4520 deserta
613 4444 814 4520 parma
846 4455 900 4503 et
920 4445 1113 4520 Libya:
1140 4454 1306 4520 sunt,
1337 4445 1465 4517 poni
1500 4454 1661 4520 notat
1703 4444 1967 4520 llardtti‘n.

371 4517 439 4573 ad
482 4517 645 4573 Plinii
703 4519 879 4573 locum
920 4504 1097 4584 hunc,
1138 4519 1228 4587 qui
1279 4504 1458 4572 ex'stat
1500 4516 1594 4572 lib.
1643 4531 1698 4583 v,
1742 4530 1862 4585 cap.
1893 4516 1966 4572 8:
1997 4504 2051 4566 D

373 4589 633 4674 [interiori
645 4598 819 4674 autem
842 4589 1039 4674 ambitu
1068 4589 1263 4674 Africae.
1285 4590 1353 4643 ad
1377 4588 1643 4674 meridiem
1662 4604 1854 4670 versus,
1879 4604 1970 4642 su-

373 4677 564 4733 perque
592 4659 844 4724 Getuios,
890 4659 1339 4717 intervenientibus
1377 4659 1626 4724 desertis,
1676 4659 1831 4731 primi
1855 4675 1967 4714 om-

374 4734 519 4815 nium
538 4732 902 4815 Libngyptii,
927 4734 1116 4788 deinde
1137 4730 1521 4815 Leucegthiopcs
1541 4729 1792 4815 habitant.
1819 4730 1968 4786 Flor.

376 4814 493 4857 sec.
524 4813 580 4860 et
604 4802 1238 4877 PeritiLibyowgyptite.
1269 4802 1394 4877 ﬁed
1439 4802 1608 4877 Lugd.
1658 4803 1798 4877 Batt.
1836 4818 1971 4877 _p_r.,

376 4885 492 4946 see.
514 4914 531 4940 ,
564 4881 692 4946 teri.
724 4884 782 4929 et
825 4872 1131 4946 qua'rt.,"ut
1169 4881 1226 4930 ct
1268 4874 1415 4946 Ultr.
1442 4915 1458 4946 ρ
1510 4872 1676 4946 Libya
1697 4873 1783 4929 vel
1824 4872 1975 4927 Libia

380 4942 695 5016 Egyptt'w.’
726 4942 1136 5016 prosecantur,
1169 4955 1279 5001 tres
1307 4944 1479 5015 Lugd.
1515 4942 1657 5001 Batt.
1682 4953 1896 4999 vocatur
1918 4951 1977 4999 et

378 5013 510 5088 cum
549 5014 628 5071 sic
669 5013 977 5088 ipiA‘Ithici
1030 5013 1449 5088 Cosmographht
1491 5030 1712 5088 quoque
1750 5023 1975 5088 exstet,

382 5085 673 5159 lectionem
702 5086 849 5143 illam
891 5089 1093 5159 recepi.
1120 5087 1177 5145 ln
1199 5085 1355 5145 editt’.
1394 5085 1635 5145 Fabricii
1653 5086 1977 5159 quibusdam

379 5155 548 5229 Libya
575 5156 847 5230 (Egyptiis
875 5155 1070 5216 eXsta't.

418 5228 891 5355 Absumitur.
924 5230 1029 5292 Ed.
1075 5230 1216 5304 Aug.
1270 5231 1585 5299 assumitur;
1614 5245 1737 5288 mox
1788 5238 1981 5287 eructet

458 5318 472 5355 I
506 5342 519 5355 .
552 5317 746 5355 prima.

386 5303 519 5357 edit.
551 5303 746 5371 prima.

687 5372 972 5431 Orientem.
1002 5374 1142 5448 Aug.
1173 5373 1265 5433 ed.
1307 5373 1371 5430 ab
1419 5374 1645 5443 oriente,
1685 5382 1743 5432 et
1771 5388 1869 5447 pro
1895 5373 1985 5430 ubi

457 5516 551 5591 ’16ζ
602 5516 954 5591 Meridianam
992 5526 1209 5591 partem.
1259 5518 1626 5577 Posteriorem
1669 5531 1861 5574 vocem
1887 5517 1985 5575 de-

388 5585 503 5643 lent
527 5586 700 5647 Lugd.
734 5589 854 5647 Bat.
886 5585 1003 5647 secl
1027 5598 1085 5646 et
1113 5589 1257 5647 Ultr.

465 5658 551 5732 77.
591 5658 763 5732 Usque
814 5663 869 5716 in
920 5662 1163 5718 ultimum
1206 5662 1478 5718 orientem.
1524 5660 1903 5732 Meus,usque
1930 5660 1987 5714 in

392 5730 656 5805 orientem.
669 5730 770 5805 Ed.
789 5734 921 5805 Aug.
942 5742 997 5789 et
1019 5749 1126 5791 ms.
1146 5732 1293 5789 Flor.
1318 5745 1445 5791 tert.
1469 5749 1629 5805 usque
1655 5731 1733 5805 ad,
1749 5730 1988 5805 ultimum

391 5800 662 5858 orientem.
691 5802 847 5871 Quod
873 5800 1158 5876 praecessit
1196 5806 1359 5864 modo
1390 5800 1615 5880 primum
1654 5804 1801 5862 delet
1846 5802 1983 5862 Ultr.

681 5919 958 5986 Psruoc.
1006 5920 1251 5987 XXXI.

2075 3165 2133 3213 et
2157 3156 2428 3229 editi_ones
2449 3156 2677 3229 reliqum
2700 3156 2873 3228 atque
2895 3159 3229 3228 Moguntina.

2146 3228 2236 3283 89..
2273 3226 2508 3283 Taurum
2573 3226 2847 3302 excludit.”
2888 3226 3031 3302 Edit.
3091 3230 3330 3302 Hittorp.
3386 3232 3671 3289 interserit

2030 3364 2035 3369 ι
2074 3308 2327 3373 montem.
2359 3315 2521 3373 quam
2552 3301 2802 3373 sequitur
2822 3301 3125 3371 Bolsuing.;
3160 3298 3212 3357 in
3243 3298 3488 3373 reliquis,
3532 3312 3591 3359 ut
3617 3311 3674 3373 et

2075 3386 2209 3426 mss.
2242 3370 2417 3444 abest.
2447 3370 2647 3428 Verum
2691 3372 2832 3444 Aug.
2868 3370 3085 3427 sensum
3116 3370 3552 3444 interpunctione
3594 3372 3677 3429 sic

2077 3451 2291 3518 mutat,
2337 3441 2571 3498 Taurum
2617 3441 2874 3500 excludit.
2920 3444 3003 3498 Ad
3045 3441 3312 3501 dexteram
3352 3449 3526 3516 itaque
3565 3446 3677 3518 ipse

2076 3512 2357 3576 Caucasus
2369 3554 2383 3576 ,
2420 3525 2530 3570 etc.
3308 3537 3313 3540 '

2145 3585 2238 3641 85.
2270 3570 2461 3658 Po'rtas
2488 3585 2661 3642 habet.
2695 3586 2801 3643 Ed.
2831 3602 2913 3653 pr.
2946 3597 3122 3658 portas
3147 3587 3335 3644 habere
3361 3604 3510 3645 ntons
3536 3586 3674 3644 Cau-

2076 3674 2227 3712 casus
2259 3657 2479 3729 dicitur;
2505 3674 2603 3728 pro
2630 3666 2809 3728 portas
2835 3658 2976 3714 Ultr.
3010 3676 3232 3729 semper.

2146 3729 2238 3856 ἓξ.
2283 3726 2537 3801 Tigridis.
2576 3726 2707 3785 MSS.
2755 3730 2888 3786 editi
2930 3726 3149 3801 quidam
3199 3729 3370 3802 Tigris
3399 3738 3457 3787 et
3505 3729 3595 3787 hic
3622 3738 3681 3787 et

2207 3816 2301 3855 tm.

2076 3816 2301 3872 passm2

2146 3872 2236 3928 85.
2268 3869 2482 3944 Carras.
2515 3870 2686 3944 Lugd.
2718 3872 2861 3928 Batt.
2894 3888 3015 3944 pr.,
3055 3887 3195 3939 sec.,
3243 3881 3399 3943 tert.,
3420 3880 3425 3889 ‘
3446 3882 3504 3930 et
3538 3873 3674 3930 editi

2075 3943 2291 4015 quidam
2322 3940 2553 3998 Charras
2599 3940 2866 4000 scribunt.
2897 3940 3026 4016 ’Sed
3066 3954 3256 4016 amant
3304 3940 3425 4016 sine
3463 3947 3678 4016 aspira-

2078 4016 2226 4071 tione
2271 4016 2579 4088 exprimere
2614 4016 2917 4088 scriptores
2958 4014 3134 4070 Latini
3162 4028 3235 4088 _et
3284 4015 3495 4082 Graeci,
3529 4014 3674 4088 qua:

2073 4085 2416 4143 consuetudo
2462 4088 2698 4142 nummis
2736 4085 3007 4153 ﬁrmatur,
3053 4086 3240 4157 quales
3275 4088 3532 4158 Haymius
3568 4085 3675 4157 pu-

2073 4158 2327 4231 blicavit,
2360 4173 2593 4231 cumque
2620 4158 2674 4214 in
2705 4158 2892 4231 Museo
2921 4166 3110 4214 nostro
3138 4157 3275 4231 alios
3299 4157 3516 4231 quoque
3546 4174 3675 4231 pos-

2074 4230 2371 4300 sideamus,
2399 4230 2605 4304 aliquot
2629 4246 2696 4287 ex
2722 4230 2912 4286 iisdem
2940 4229 3161 4302 appingi
3191 4230 3523 4288 curavimus.

2397 4373 3300 4810 ,θ’δῖ

2480 4966 2668 5129 ἒξ
2705 4987 2789 5102 \
2933 4934 3179 5103 egw
3204 4941 3309 5081 δάθ

2419 4960 3271 5317 2‘.

2498 5598 2509 5639 ε
2809 5627 2882 5638 _
2923 5594 2962 5625 .

2433 5532 2751 5817 ig
2852 5546 3288 5846 ,ἡ
3346 5802 3378 5844 ,ε

3070 5876 3154 5982 2‘2
3218 5857 3248 5864 L
3336 5862 3339 5863 ί
