4062 6340
491 316 596 386 687

1882 312 2088 379 PAULI
2125 312 2351 378 OROSll

3687 326 3796 388 688

490 441 808 512 Cassiopam
831 439 1059 510 insulas,
1082 453 1111 494 a
1134 436 1504 510 septentrione
1523 437 1700 492 sinum
1724 434 2084 503 Corinthium,
2117 435 2167 496 Α
2195 449 2339 500 cum,
2374 449 2401 486 a
2434 433 2812 504 septentrione
2844 434 2912 468 ¹³³
2947 434 3288 492 Britanniam
3319 437 3575 494 insulam.
3622 440 3798 498 Gallia

491 535 562 591 ab
601 533 854 605 aquilone
901 541 1186 604 angustum
1219 541 1378 587 terra:
1407 531 1653 593 dorsum,
1686 527 1755 560 ""
1784 542 1892 599 quo
1917 523 2091 582 Mace-

493 628 673 684 doniae
696 626 1068 699 conjungitur,
1093 625 1185 681 vel
1213 625 1392 696 potius
1418 623 1638 691 Atticm,
1662 622 1752 693 qui
1781 621 1932 676 locus
1953 619 2090 676 Isth-

493 734 616 775 mos
654 727 907 785 vocatur,
951 718 1018 752 ¹²⁸
1059 716 1146 771 ubi
1189 727 1272 772 est
1311 714 1637 782 Corinthus,
1687 713 1754 745 ¹¹⁶
1797 712 2004 768 habens
2036 712 2090 767 in

492 811 672 866 Attica
695 813 763 866 ad
793 812 1013 866 boream
1051 824 1157 864 non
1187 808 1347 879 longe
1374 808 1613 864 Athenas
1641 805 1937 861 civitatem.
1966 803 2092 859 Dal-

492 907 662 961 matia
683 904 845 961 habet
865 905 932 960 ab
953 903 1165 958 oriente
1186 901 1579 968 Macedoniam,
1595 900 1662 956 ab
1686 899 1941 971 aquilone
1963 898 2093 953 Dar-

491 997 708 1055 daniam
746 1015 757 1051 :
784 1013 811 1050 a
841 995 1215 1066 septentrione
1239 993 1504 1062 Mmsiam,
1537 992 1605 1047 ab
1631 1007 1828 1048 occasu
1853 990 2088 1059 lstriam,

493 1101 550 1147 et
583 1091 759 1147 sinum
787 1089 1158 1155 Liburnicum,
1193 1096 1248 1143 et
1277 1088 1485 1142 insulas
1515 1085 1839 1142 Liburnicas
1871 1101 1884 1138 :
1917 1101 1945 1138 a
1977 1098 2091 1139 me-

492 1186 632 1242 ridie
659 1184 995 1240 Adriaticum
1027 1182 1232 1237 sinum.
1267 1179 1571 1248 Pannonia,
1597 1177 1846 1244 Noricus,
1871 1184 1926 1233 et
1945 1175 2092 1232 Rhe-

496 1281 566 1334 tia
595 1277 800 1334 habent
827 1277 895 1331 ab
915 1275 1129 1332 oriente
1151 1273 1417 1342 Moesiam,
1450 1289 1477 1327 a
1503 1271 1729 1328 meridie
1755 1270 1991 1335 lstriam,
2023 1267 2091 1324 ab

490 1372 660 1428 alrico
688 1371 759 1405 “7
790 1369 959 1440 Alpes
988 1367 1284 1430 Penninas,
1326 1366 1396 1421 ab
1421 1379 1618 1421 occasu
1647 1361 1880 1419 Galliam
1910 1359 2084 1431 Belgi-

489 1481 630 1534 cam,
665 1483 691 1518 a
725 1463 894 1520 circio
940 1461 1165 1516 Danubii
1210 1459 1437 1526 fontem,
1470 1466 1526 1515 et
1552 1457 1804 1523 limitem,
1838 1453 1928 1525 qui
1959 1452 2094 1509 Ger-

491 1559 728 1615 maniam
768 1571 800 1610 a
833 1554 1005 1612 Gallia
1049 1554 1190 1610 inter
1217 1551 1520 1607 Danubium
1549 1549 1889 1619 Galliamque
1916 1547 1984 1578 “8
2006 1561 2093 1602 se-

489 1652 687 1722 cernit,
718 1665 748 1704 a
774 1647 1151 1719 septentrione
1182 1645 1487 1701 Danubium
1511 1653 1565 1699 et
1589 1641 1958 1699 Germaniam.
1991 1638 2095 1693 Ita-

488 1747 578 1803 liae
605 1723 742 1802 sit'us
766 1760 795 1799 a
821 1745 986 1800 circio
1013 1742 1066 1797 in
1089 1756 1279 1798 eurum
1309 1740 1569 1805 tenditur,
1598 1738 1802 1794 habens
1828 1737 1896 1792 ab
1924 1733 2094 1791 africo

2193 524 2597 594 Lugdunensis,
2650 527 2811 582 ducta
2847 543 2942 598 per
2972 527 3215 598 longum,
3257 539 3312 585 et
3351 547 3448 601 per
3498 543 3791 603 angustum

2195 620 2422 687 inﬂexa,
2471 621 2851 691 Aquitanicam
2895 623 3240 694 provinciam
3290 624 3618 697 scmicingit.
3665 627 3795 684 llaec

2194 720 2261 774 ab
2290 720 2505 776 oriente
2535 720 2693 776 habet
2729 719 3030 792 Belgicam,
3063 738 3092 778 a
3144 721 3371 779 meridie
3409 732 3619 794 partem
3672 740 3803 794 pro-

2192 812 2383 867 vincizr
2408 811 2915 884 Narbonensis,qua
2938 815 3132 870 Arelas
3160 815 3355 871 civitas
3385 816 3485 872 sita
3513 826 3629 885 est,
3655 819 3723 850 ¹³³
3747 827 3802 874 et

2195 905 2328 960 mari
2357 906 2565 962 Gallico
2589 905 2840 962 Rhodani
2878 907 3083 964 llumcn
3111 909 3404 980 excipitur.
3429 910 3804 969 Narbonensis

2193 999 2475 1069 provincia
2498 1042 2514 1068 ,
2568 1015 2695 1070 pars
2727 999 3051 1069 Galliarum,
3085 1002 3248 1063 habet
3278 1002 3346 1062 ab
3395 1003 3608 1062 oriente
3637 1004 3803 1076 Alpes

2197 1090 2265 1126 ¹²⁸
2301 1091 2540 1160 Cottias,
2589 1092 2657 1124 ¹³⁶
2702 1093 2771 1148 ab
2817 1094 3105 1150 occidente
3149 1093 3499 1166 Hispaniam,
3547 1113 3579 1152 a
3634 1096 3805 1154 circio

2195 1185 2586 1254 Aquitaniam,
2635 1201 2663 1240 a
2717 1186 3090 1258 septentrione
3121 1186 3187 1219 ’³⁷
3225 1187 3686 1262 Lugdunensem,
3737 1190 3806 1245 ab

2195 1278 2452 1347 aquilone
2484 1279 2759 1352 Belgicam
2791 1281 3054 1349 Galliam,
3085 1297 3118 1337 a
3167 1281 3402 1338 meridie
3433 1299 3585 1339 mare
3632 1282 3805 1340 Galli-

2195 1387 2343 1439 cum,
2375 1373 2519 1444 quod
2546 1382 2631 1429 est
2659 1373 2804 1430 inter
2851 1373 3159 1430 Sardiniam
3193 1383 3249 1431 et
3277 1375 3348 1408 ¹³⁸
3379 1375 3586 1432 insulas
3613 1376 3809 1433 Balea-

2197 1481 2307 1533 res,
2341 1465 2547 1521 habens
2578 1466 2632 1521 in
2658 1467 2838 1522 fronte
2869 1483 2973 1538 qua
3001 1466 3524 1539 Rhodanuslluvius
3557 1470 3610 1524 in
3656 1485 3809 1525 mare

2197 1556 2331 1625 exit,
2353 1557 2554 1613 insulas
2575 1558 2896 1614 Stcchadas.
2922 1557 2988 1594 ¹³⁰
3013 1559 3338 1630 Aquitanica
3366 1561 3644 1632 provincia
3672 1560 3814 1618 obli-

2198 1667 2305 1722 quo
2353 1667 2516 1708 cursu
2562 1651 2778 1723 Ligeris
2813 1650 3081 1722 fluminis,
3128 1655 3220 1724 qui
3266 1670 3332 1710 ex
3367 1655 3601 1724 plurima
3654 1666 3811 1726 parte

2200 1747 2465 1802 terminus
2495 1747 2613 1816 ejus
2644 1757 2758 1812 est,
2791 1746 2844 1800 in
2879 1747 3068 1802 orbem
3099 1747 3299 1818 agitur.
3329 1747 3456 1804 llaec
3487 1748 3553 1781 "*°
3580 1765 3610 1804 a
3642 1748 3812 1803 eircio

491 1837 835 1911 Tyrrhenum
867 1851 1038 1901 mare.
1066 1850 1095 1888 ει
1125 1835 1290 1890 borea
1321 1829 1655 1888 Adriaticum
1688 1831 1864 1885 sinum
1898 1828 2092 1899 :cujus
2123 1840 2170 1902 Β
2199 1839 2473 1894 Uceanum
2523 1839 2613 1910 qui
2643 1839 2999 1910 Aquitanicus
3025 1841 3179 1894 sinus
3222 1839 3442 1908 dicitur,
3488 1841 3559 1897 ab
3606 1856 3812 1898 occasu

491 1949 556 1990 ea
579 1932 788 2004 pars‘"
803 1945 906 2001 qua
933 1926 1238 1985 continenti
1264 1935 1426 1981 terra:
1446 1924 1748 1980 communis
1770 1932 1824 1978 ct
1845 1923 2096 1993 contigua

490 2034 596 2092 est,
636 2023 852 2094 Alpium
892 2020 1141 2077 obicibus
1179 2017 1482 2074 obstruitur
1518 2032 1534 2072 :
1572 2016 1639 2048 ¹³⁰
1681 2031 1800 2086 qua:
1830 2031 1860 2070 a
1888 2014 2095 2071 Gallico

489 2116 630 2173 mari
668 2130 834 2186 super
869 2113 1206 2185 Ligusticum
1238 2112 1417 2166 sinum
1447 2116 1827 2179 exsurgentes,
1859 2108 2091 2179 primum

486 2209 924 2269 Narbonensium
955 2210 1124 2276 lines,
1158 2208 1266 2279 25
1301 2205 1501 2262 deinde
1539 2202 1767 2259 Galliam
1806 2202 2092 2258 Rhetiam-

489 2323 598 2380 que
626 2303 949 2373 secludunt,
978 2302 1043 2335 ³³³
1075 2301 1250 2357 donec
1295 2299 1346 2355 in
1379 2299 1502 2354 sinu
1535 2297 1828 2354 Liburnico
1858 2297 2092 2367 deligan-

485 2409 596 2455 tur.
629 2395 813 2453 Gallia
839 2394 1052 2465 BelgiCa
1079 2393 1243 2447 habet
1269 2391 1336 2446 ab
1359 2390 1569 2446 oriente
1595 2388 1823 2444 limitem
1850 2386 2091 2444 lluminis

487 2493 666 2551 Rheni
699 2501 754 2549 et
782 2489 1163 2553 Germaniam,
1198 2486 1266 2519 ¹³²
1297 2486 1366 2541 ab
1400 2501 1536 2542 euro
1564 2485 1733 2556 Alpes
1777 2483 2086 2551 Penninas,

487 2603 519 2643 a
550 2585 780 2643 meridie
804 2583 1145 2656 provinciam
1177 2580 1616 2646 Narbonensem,
1642 2580 1712 2636 ab
1740 2594 1937 2634 occasu
1969 2595 2092 2652 pro-

491 2681 726 2739 vinciam
750 2677 1195 2752 Lugdunensem,
1228 2689 1257 2730 a
1299 2673 1769 2731 circiooceanum
1812 2672 2087 2729 Britanni-

2205 1933 2494 2002 lliSpanias
2541 1931 2729 2000 habet,
2759 1949 2787 1987 a
2818 1934 3199 2006 septentrione
3241 1943 3295 1991 et
3326 1935 3543 1993 oriente
3588 1936 3815 2008 Lugdu-

2201 2039 2448 2090 nensem,
2481 2023 2550 2079 ab
2582 2039 2716 2080 euro
2761 2033 2817 2080 et
2853 2025 3083 2080 meridie
3124 2025 3537 2084 Narbonensem
3584 2029 3815 2100 provin-

2204 2119 2345 2174 ciam
2379 2117 2667 2191 contingit.
2709 2103 3067 2189 llispania'm
3100 2120 3353 2176 universa
3385 2128 3651 2176 terrarum
3688 2125 3802 2177 situ

2195 2211 2400 2282 trigona
2415 2220 2499 2267 est
2515 2253 2531 2277 ,
2561 2220 2615 2266 et
2640 2210 3061 2269 circuinl‘usione
3087 2212 3287 2270 Oceani
3313 2213 3701 2287 Tyrrhenique
3721 2231 3808 2286 pc-

2194 2304 2294 2374 lagi
2314 2305 2424 2377 26
2440 2303 2648 2374 ""pene
2666 2303 2835 2360 insula
2849 2304 3097 2366 cflicitur.
3111 2306 3282 2378 llujus
3299 2306 3366 2337 ’³⁵³
3384 2308 3616 2379 angulus
3632 2307 3810 2379 prior,

2194 2410 2445 2470 spectans
2469 2401 2535 2456 ad
2565 2389 2864 2467 orientem,
2907 2416 2938 2456 a
2974 2402 3183 2459 dextris
3223 2402 3543 2474 Aquitanica
3586 2405 3811 2477 provino

2193 2494 2299 2558 cia,
2333 2508 2361 2547 a
2387 2494 2627 2548 sinistris
2651 2493 2934 2550 Balearico
2962 2494 3098 2551 mari
3122 2505 3456 2564 coarctatus,
3473 2497 3798 2556 Narbonen-

2192 2591 2335 2642 sium
2368 2587 2564 2643 ﬁnibus
2592 2589 2876 2644 inseritur.
2908 2589 3193 2647 Secundus
3219 2591 3448 2662 angulus
3467 2593 3692 2650 circium
3719 2595 3802 2650 in-

2196 2679 2370 2736 tendit
2400 2697 2414 2735 :
2451 2679 2519 2712 ¹“
2550 2679 2640 2738 ubi
2670 2679 2949 2756 Brigantia
2978 2683 3232 2741 Callecite
3259 2684 3454 2742 civitas
3480 2686 3620 2756 sita,
3649 2687 3807 2745 altis-

1790 2835 1930 2894 llAV
1940 2835 2245 2898 BRCAMPI
2284 2841 2520 2900 ΝΟΤΔΕ.

559 2960 683 3019 124.
715 2958 831 3028 Quo
871 2954 1194 3013 Macedonia:
1221 2954 1582 3028 conjungitur.
1622 2950 1796 3025 Lugd.
1831 2951 1950 3008 Bat.
1980 2965 2093 3011 sec.

489 3045 544 3092 et
574 3027 940 3102 Periziquod,
960 3038 1136 3102 quart.
1165 3027 1276 3097 qui,
1309 3038 1416 3102 etc.

561 3105 685 3160 125.
721 3094 821 3156 Ubi
847 3108 940 3156 est.
975 3094 1142 3155 Abest
1174 3094 1443 3168 posterior
1470 3111 1576 3150 vox
1603 3094 1676 3168 ab
1706 3094 1836 3168 edit.
1868 3097 2007 3167 Aug.

562 3175 690 3231 126.
715 3171 929 3227 Habeas
955 3171 1010 3224 in
1049 3166 1218 3224 Attica
1240 3169 1308 3222 ad
1330 3166 1572 3222 Boream.
1602 3166 1774 3236 Lugd.
1817 3167 1934 3222 But.
1963 3166 2091 3224 tert.

488 3255 544 3304 et
566 3253 742 3318 quart.
767 3241 962 3318 habens
985 3243 1038 3295 in
1061 3241 1302 3318 Atticam,
1324 3248 1451 3318 etc.,
1477 3238 1803 3318 quibuscum.
1824 3241 2095 3318 consentit

491 3307 599 3375 ed:
620 3333 704 3388 pr.
734 3313 1102 3388 quaeinsuper
1135 3311 1266 3388 legit
1297 3329 1328 3365 a
1356 3307 1526 3364 borea.
1556 3309 1627 3388 At
1657 3307 1974 3388 Lugd._B_at.
2002 3327 2087 3382 pr.

484 3371 807 3460 s'pcct'ansin
828 3371 1064 3460 Atticam
1081 3381 1149 3437 ad
1171 3371 1400 3460 boream,
1426 3380 1615 3460 etc._ln
1641 3371 1841 3436 ΑΕιῦἱοὶ
1864 3371 2090 3460 Cosnio-
2118 3371 2164 3435 C

487 3451 721 3532 g'rapltia
738 3457 956 3532 legitur,
991 3452 1044 3508 Η
1049 3456 1102 3532 ic_
1116 3463 1187 3508 est
1209 3451 1455 3532 in_Attico
1479 3451 1547 3532 ad
1571 3451 1779 3532 boream
1800 3469 1904 3506 non
1939 3453 2090 3526 longe

486 3521 666 3586 Eiuiias
688 3521 902 3584 Athéna:
924 3542 941 3579 :
962 3525 1198 3594 corrige,
1222 3522 1362 3579 Hinc
1383 3533 1454 3578 es!
1476 3523 1531 3576 in
1551 3521 1741 3587 Attica,
1765 3533 1870 3579 etc.

565 3603 687 3656 127.
724 3600 878 3670 Alpes
916 3595 1329 3670 Penuinas._lta_
1357 3595 1506 3670 clare
1547 3595 1886 3670 scribiturin
1915 3594 2086 3670 Lugd.

490 3675 634 3730 Batt.
679 3665 860 3738 tertio,
890 3678 1084 3739 quarto
1118 3677 1180 3738 let
1211 3665 1590 3739 Perizoniano,
1619 3674 1674 3721 et
1699 3666 1922 3739 exh_ibet
1949 3669 2085 3722 edit.

487 3751 629 3816 Aug.
657 3736 887 3816 Peninas
910 3736 1082 3816 Meus
1118 3736 1246 3816 "cum
1293 3737 1462 3816 Lugd.
1493 3736 1611 3816 Bst.
1640 3751 1754 3792 sec.
1784 3736 1934 3792 Flor.
1969 3754 2083 3816 sec.

487 3807 701 3878 scribit,
725 3811 1062 3882 Appenninas
1089 3809 1175 3864 vel
1201 3809 1498 3882 Apenninas
1525 3807 1674 3882 Flor.
1703 3816 1830 3882 tert.
1864 3817 1925 3882 et
1949 3809 2082 3864 edit.

484 3903 569 3958 pr.
597 3899 758 3958 atque
772 3879 948 3958 Lugd.
980 3883 1099 3958 Bat_.
1128 3896 1210 3958 pr:
1243 3879 1410 3951 Alpes
1440 3893 1570 3958 vero
1599 3880 1728 3934 istas
1758 3879 2024 3958 Ρςηηξξιαδ
2053 3895 2084 3958 a

485 3950 592 4015 deo
619 3950 886 4019 Pénnino',
916 3969 1022 4009 non
1061 3950 1327 4017 Poeninus,
1360 3959 1418 4006 ut
1446 3950 1558 4014 alii,
1584 3952 1883 4019 praesertim
1909 3950 2084 4007 Graeci

485 4031 805 4102 scriptores,
834 4027 1064 4102 quasi_a_
1106 4025 1396 4102 Poenorum
1443 4031 1496 4078 et
1537 4021 1820 4102 Annibalis
1853 4024 2084 4102 transitu

487 4092 670 4158 vocari
690 4092 928 4155 ostendit
953 4095 1134 4150 Livius
1156 4095 1251 4149 lib.
1276 4109 1391 4162 xxi,
1413 4094 1648 4162 cap.38:
1680 4092 1793 4146 Nec
1813 4095 2089 4150 verisimile

482 4183 579 4240 est,
613 4189 672 4226 ea
711 4178 818 4224 tum
837 4169 902 4223 ad
924 4165 1156 4240 Galliam
1176 4166 1404 4240 patuisse
1433 4165 1654 4240 itinera;
1680 4167 1852 4240 utique
1874 4181 1989 4240 quia
2010 4166 2080 4220 ad

483 4236 779 4298 Penninum
797 4242 988 4311 ferunt,
1014 4237 1332 4311 obseptagen
1342 4236 1472 4311 tibtts
1485 4237 1869 4311 semigerrnanis
1891 4237 2087 4311 fuisse;

485 4332 645 4384 neque
674 4307 898 4384 lancula,
930 4308 1188 4384 montibus
1212 4307 1297 4384 [iis
1323 4309 1366 4361 si
1393 4323 1539 4384 quem
1571 4308 1711 4384 forte
1731 4308 1991 4384 itl_movit,
2022 4308 2086 4362 ab

485 4376 710 4440 transitu
741 4383 1024 4438 Poenorum
1062 4378 1172 4434 ullo
1212 4376 1449 4450 Veragri,
1480 4376 1670 4433 incola:
1683 4378 1802 4450 jugi
1827 4384 1961 4450 ejus,
1993 4396 2086 4432 no-

482 4466 607 4510 runt
655 4471 840 4509 nomen
877 4452 1104 4521 inditum
1141 4466 1158 4502 :
1197 4449 1288 4504 sed
1331 4451 1393 4503 ab
1436 4466 1494 4503 eo
1527 4490 1541 4514 ,
1584 4449 1757 4521 quem
1785 4449 1857 4504 in,
1885 4467 2088 4506 summa

483 4535 740 4582 sacratum
768 4525 952 4579 uertice
980 4519 1269 4576 Penninum
1301 4521 1533 4574 montani
1558 4519 1844 4591 appellant.

559 4599 683 4654 128.
720 4595 975 4653 Secernil.
1002 4593 1100 4648 Ed.
1130 4607 1210 4663 pr.
1239 4593 1536 4664 etVVenetzn
1563 4593 1832 4647 discernit.
1855 4592 1974 4648 Mox
2000 4607 2086 4649 co-

486 4671 608 4740 pula
641 4679 688 4724 et
714 4667 859 4740 delet
887 4665 987 4721 Ed.
1015 4665 1154 4740 Aug.

2202 2958 2576 3041 Aquitanicam
2606 2979 2757 3041 prov.
2791 2962 2998 3022 habent
3032 2965 3157 3024 edd.
3193 2983 3278 3040 pr.
3311 2968 3450 3041 Aug.
3479 2977 3538 3028 et
3583 2967 3807 3027 Venetas
3835 3024 3840 3029 .

2201 3030 2479 3103 Arelatmn
2499 3030 2616 3103 pro'
2631 3033 2836 3091 Arelas.
3193 3030 3209 3040 ’
3313 3095 3315 3098 ,

2235 3171 2247 3183 .
2431 3100 2684 3186 Et'mari.
2703 3105 3007 3186 _lntcrse_ri_t
3033 3109 3120 3164 ubi
3146 3110 3317 3186 Lugd.
3350 3110 3472 3169 Bat.
3500 3121 3682 3186 quart.
3711 3129 3804 3169 ea:-

2199 3172 2392 3249 cipitur
2421 3190 2518 3249 pro
2547 3177 2806 3249 accipitur
2835 3179 3028 3234 scribit
3055 3172 3346 3238 secundus.

2275 3243 2398 3299 155.
2424 3243 2671 3323 Callias;
2700 3248 2755 3323 ld
2798 3267 2985 3306 verum
3020 3269 3240 3309 nomen.
3282 3257 3407 3313 Mss.
3449 3255 3622 3323 Lugd.
3658 3255 3800 3312 Batt.

2197 3326 2367 3401 praet
2395 3325 2519 3401 t’ert:
2572 3317 2841 3401 Gallicas.
2882 3338 2996 3401 sec.
3045 3323 3294 3401 Charias,
3343 3336 3507 3398 quart
3536 3317 3800 3401 Comicus,

2195 3385 2372 3441 Periz.
2401 3385 2593 3472 Colias,
2627 3392 2778 3448 Meus
2801 3392 2999 3460 Cutius,
3036 3385 3318 3465 mendose,
3354 3385 3410 3456 ut
3440 3399 3612 3455 multa
3648 3385 3801 3454 loco;

2195 3473 2315 3511 rum
2350 3473 2592 3517 nomina.

2269 3529 2392 3614 156‘.
2425 3532 2504 3614 Ab
2533 3534 2820 3614 occidente.
2867 3535 3039 3607 Lugd.
3075 3539 3193 3594 Bat.
3223 3549 3405 3612 quart.
3436 3541 3502 3596 ab
3529 3557 3716 3596 occasu
3747 3551 3803 3597 et

2193 3614 2331 3683 mox
2341 3601 2677 3683 Aquitaniam
2706 3621 2818 3662 sec.
2838 3647 2854 3672 ,
2887 3601 3023 3683 teft.‘
3039 3619 3097 3683 et
3128 3601 3312 3683 quart.

2267 3674 2389 3727 157.
2438 3673 2856 3755 Lugdunensem.
2920 3673 3163 3755 Galliani
3215 3683 3464 3755 quaedam
3527 3683 3799 3742 editiones

2193 3754 2538 3814 pracponuut,
2570 3749 2663 3803 sed
2693 3749 2744 3803 in
2779 3765 2913 3806 mss.
2944 3752 3118 3808 abest.

2264 3815 2391 3871 158.
2426 3815 2639 3874 Insulas
2656 3819 2926 3877 Baleares.
2959 3823 3206 3882 Priorem
3237 3825 3426 3883 delent
3447 3825 3620 3898 Lugd.
3649 3827 3790 3883 Batt.

2190 3897 2303 3940 sec.
2337 3898 2392 3942 et
2422 3898 2601 3959 quart.

2231 3959 2755 4044 .l39.‘Aqu_ilanica.
2788 3963 2932 4021 Ultr.
2966 3966 3251 4038 Aquitania
3277 4013 3291 4039 ,
3341 3979 3398 4027 et
3421 3973 3541 4044 ejus
3570 3969 3623 4026 in
3655 3969 3786 4036 illis,

2191 4033 2306 4100 ejus
2331 4039 2425 4100 est,
2462 4033 2625 4090 delet.

2264 4100 2388 4181 110.
2422 4103 2466 4156 Α
2504 4105 2675 4181 circio
2714 4122 2985 4163 oceanum.
3035 4109 3094 4165 lu
3148 4111 3248 4166 Ed.
3284 4113 3420 4181 Aug.
3475 4121 3557 4168 est
3601 4129 3791 4167 oceano

2192 4171 2355 4244 Editt.
2393 4189 2477 4244 pr.
2529 4185 2584 4231 et
2630 4177 2853 4235 Veneta:
2882 4198 2916 4234 a
2958 4182 3116 4238 circio
3159 4182 3310 4238 habet
3357 4171 3630 4240 oceanum.
3664 4186 3799 4239 Mox-

2195 4241 2457 4314 lIispanbs
2484 4246 2623 4307 Ultr.

2264 4315 2386 4371 1-11.
2423 4314 2698 4398 quirersa.
2732 4320 2904 4398 Lugd.
2956 4323 3098 4379 Batt.
3130 4340 3217 4398 pr.
3241 4371 3254 4394 ,
3291 4336 3416 4384 tert.
3444 4369 3459 4390 ,
3492 4326 3619 4382 edd.
3669 4344 3788 4398 pr.,

2187 4385 2330 4468 ᾼμε.
2362 4385 2958 4468 εῑηνοιιοῑω-ῳιξυὲνδο,
2989 4405 3047 4450 ut
3075 4385 3333 4452 ad'sit'um
3368 4385 3474 4452 non
3506 4400 3572 4453 ad
3600 4385 3791 4468 llispa;

2190 4461 2334 4540 niam
2366 4461 2651 4540 gereratur.
2683 4463 2972 4540 Vulgatum
3005 4477 3186 4522 tuetur
3213 4469 3415 4526 {Ethici
3455 4461 3789 4539 Cosmegra-

2189 4530 2338 4611 phia.
2375 4530 2565 4611 Delent
2588 4545 2662 4588 est
2689 4530 2822 4611 m_s_s'.
2849 4537 2996 4593 Flor.
3032 4549 3284 4607 uterque,
3309 4540 3482 4611 Lugd.
3511 4530 3788 4595 Battfscc.

2187 4610 2407 4727 3:123},
2440 4602 2616 4660 Periz.
2650 4616 2705 4661 ct
2733 4606 2905 4676 Meus,
2942 4620 2995 4664 ut
3027 4617 3084 4666 et
3114 4602 3214 4682 quc
3247 4624 3371 4683 post
3392 4602 3675 4683 VTyrrlteni
3705 4627 3788 4682 pr.

557 4740 683 4832 lilii.
717 4738 858 4832 Aqua.
894 4733 1198 4832 cpit-liuenti:
1517 4733 1690 4806 Lugd.
1729 4735 1872 4793 Batt.
1911 4753 1996 4808 pr.
2028 4747 2084 4794 et
2109 4771 2162 4832 Ι)
2194 4830 2225 4832 Β
2256 4743 2564 4832 inﬂictae
2593 4747 2766 4832 insula
2786 4750 3028 4832 efﬁcitur.
3062 4751 3334 4832 Ex_cditis
3357 4753 3578 4832 quidam
3605 4753 3788 4832 penin-

486 4827 597 4868 sec.
629 4822 685 4866 ut
711 4821 777 4866 et-
793 4811 881 4864 ed.
913 4813 1050 4878 Aug.
1079 4822 1198 4878 qua!
1221 4806 1502 4862 exhibent.

558 4883 680 4938 150.
727 4881 856 4947 Qua:
883 4897 915 4934 a
940 4876 1144 4934 Gallico
1182 4879 1314 4931 mari
1343 4894 1500 4949 super
1533 4876 1857 4949 Ligusticum
1885 4879 2076 4934 sinum.

483 4953 655 5025 Lugd.
698 4953 814 5025 But.
859 4965 971 5006 sec.
1012 4951 1120 5021 qui.
1155 4949 1253 5004 Ed.
1292 4952 1429 5025 Aug.
1457 4965 1573 5019 qua:
1599 4948 1800 5005 Gallico
1824 4953 1959 5005 mari
1989 4969 2081 5020 per

483 5019 602 5098 Lig'.
631 5043 676 5098 s.
709 5024 846 5098 llltr.
877 5038 979 5098 ms.
1005 5019 1340 5098 quoqueper
1366 5019 1483 5098 Lig.
1505 5038 1551 5075 s.

557 5091 684 5153 151.
718 5095 892 5151 Donec
939 5095 994 5148 in
1024 5091 1177 5164 isinu,
1208 5091 1492 5164 Liburnico
1536 5091 1854 5163 deligantur.
1900 5095 2073 5164 Lugd.

485 5168 630 5223 Batt.
663 5183 775 5223 sec.
811 5166 1126 5237 deﬁguntur.
1157 5163 1263 5220 Sed
1287 5174 1466 5234 quart.
1499 5163 1666 5219 donec
1695 5165 1748 5219 in
1777 5166 1950 5222 sinum
1981 5163 2074 5223 Li-

479 5240 750 5295 burnicum
789 5239 1049 5291 desinant.
1111 5239 1116 5244 ’

556 5312 680 5367 152.
715 5310 791 5365 Ab
819 5309 986 5363 Euro.
1020 5305 1423 5378 Atlduntihabet
1454 5306 1626 5377 Lugd.
1649 5309 1790 5364 Batt.
1825 5327 1910 5378 pr.
1931 5325 2072 5378 sec.,

478 5391 629 5449 tert.,
663 5391 719 5437 et
741 5381 831 5437 ed.
865 5379 1005 5450 Aug.
1036 5379 1194 5447 Alpes
1235 5377 1503 5433 Penninas
1534 5391 1714 5435 autem
1760 5377 1848 5436 hic
1876 5383 2072 5438 iterum

478 5455 730 5509 scribunt
761 5449 971 5518 l’eriz.,
1005 5449 1176 5520 Lugd.
1211 5450 1354 5505 Batt.
1401 5459 1528 5506 tert.
1579 5459 1636 5507 et
1665 5461 1844 5522 quart.
1899 5463 1954 5508 et
1984 5452 2073 5507 in-

478 5541 643 5594 super
676 5526 900 5595 primus,
927 5523 1022 5578 sed
1068 5523 1120 5575 in
1154 5523 1350 5595 primo,
1383 5535 1546 5595 manu
1590 5524 1896 5595 secundaa
1931 5539 2073 5595 prte-

482 5593 723 5665 ponitur,
757 5604 816 5650 ut
859 5603 1014 5650 notet
1062 5594 1396 5664 Apenninus,
1441 5593 1600 5646 sicuti
1648 5595 1699 5648 in
1745 5593 2071 5664 quibusdam

474 5676 672 5722 exstat.

549 5742 672 5794 135.
707 5738 1055 5792 Britanniam.
1091 5737 1186 5789 Ms.
1226 5735 1366 5790 Ultr.
1399 5745 1452 5789 et
1481 5736 1607 5791 edd.
1641 5751 1726 5808 pr.
1759 5738 1983 5793 Veneta:
2016 5751 2072 5796 et

473 5811 612 5880 Aug.
643 5809 1021 5880 Britannicam.
1052 5807 1214 5880 Addit
1246 5808 1522 5880 aliquanto
1545 5807 1666 5880 post
1695 5808 1950 5876 Galliam,
1975 5811 2072 5866 de-

471 5877 583 5936 nuo
629 5880 683 5940 in
726 5881 792 5939 iis
841 5879 987 5937 habet
1045 5877 1349 5952 Belgicam,
1396 5877 1924 5952 UltrCAquitauiam
1967 5898 2066 5955 pro

2184 4816 2302 4896 δ”,ία
2332 4817 2569 4887 edim-ur.
2605 4818 2733 4874 Post
2763 4816 2881 4890 qua:
2906 4823 3124 4879 additur
3147 4825 3200 4880 in
3232 4816 3461 4896 Augfac
3483 4816 3786 4880 ins-alama-

2186 4903 2321 4940 mme
2347 4898 2600 4943 censetur.

2257 4958 2381 5014 M5.
2433 4959 2672 5037 Angulus
2721 4963 2885 5037 prior.
2917 4964 3111 5037 Lugd.
3145 4966 3267 5022 Bat.
3313 4973 3496 5036 quart.
3549 4965 3785 5037 propior.

2183 5028 2331 5109 Idem
2363 5047 2490 5086 mox
2518 5028 2675 5109 legit,
2703 5028 2953 5109 adeatris
2998 5028 3147 5109 [cubet
3177 5028 3786 5109 Aquitanicam'provin-

2182 5103 2342 5181 ciam,
2385 5117 2547 5181 quam
2599 5104 2898 5181 lectionem,
2943 5107 2995 5163 in
3025 5108 3185 5163 tertio
3215 5103 3435 5181 quoque
3483 5103 3690 5181 inveni.
3725 5107 3782 5161 In

2182 5172 2406 5248 angulus
2419 5175 2553 5242 ejus,
2581 5175 2724 5244 quod
2752 5179 2996 5247 sequitur
3016 5172 3361 5248 postremam
3377 5193 3568 5236 vocem
3597 5179 3783 5234 delent

2182 5243 2313 5317 mss,
2347 5243 2501 5317 Flor.
2535 5243 2762 5317 uterque
2789 5243 2845 5304 et
2875 5243 3282 5308 erldeenetm.

2251 5313 2376 5369 111.
2415 5314 2516 5370 Ubi
2542 5313 2816 5386 Brigantia
2849 5318 3089 5376 Calecia’.
3126 5321 3201 5376 Ita
3245 5321 3567 5388 scripsimus
3615 5319 3784 5382 exli-

2177 5385 2278 5462 bro
2309 5397 2546 5462 vetusto,
2585 5385 2680 5462 pro
2710 5405 2818 5459 quo
2843 5391 2896 5445 in
2932 5392 3163 5462 vulgatis
3193 5403 3298 5461 est,
3327 5385 3617 5447 Gal/meite.
3650 5391 3783 5446 Dio-

2181 5455 3075 5538 d_orus__librolrigesimgcptimo,
3101 5455 3388 5538 Βρισγᾲνίτιον
3409 5463 3554 5522 πόλιν
3575 5463 3785 5538 Καλλω-

2180 5530 2292 5605 ζέας
2323 5529 2478 5584 dicit.
2505 5530 2774 5605 Faunae-
2797 5532 2944 5588 Flor.
2979 5529 3092 5589 sec.
3127 5529 3377 5590 Ga'llecia:
3401 5535 3783 5605 superscripto

2181 5600 2232 5674 ξ,
2266 5610 2320 5654 ut
2354 5602 2828 5674 notetﬂGallic-iw,
2869 5615 3032 5674 prout
3085 5607 3136 5660 in
3169 5621 3280 5661 sec.
3314 5600 3552 5661 Florfet
3603 5600 3778 5673 Lugd.

2182 5670 2297 5746 Bal.
2330 5683 2491 5743 atque
2520 5673 2659 5728 Ultr.
2703 5683 2758 5728 et
2788 5670 2989 5731 [Ethici
3024 5677 3319 5746 Cosmogr.
3362 5685 3566 5732 exstat.
3603 5670 3776 5746 Lugd.

2182 5743 2323 5796 Batt.
2358 5759 2440 5813 pr.
2476 5753 2603 5799 tert.
2644 5755 2697 5798 ct
2730 5752 2908 5814 Quart.
2963 5746 3168 5803 Gallia).
3224 5743 3474 5803 Perizon.
3507 5745 3775 5801 Galleciar.

2182 5815 2334 5869 Meus
2360 5813 2594 5870 Galiciaz.
2625 5815 2730 5870 Sed
2749 5813 3021 5873 Callaecia:
3049 5827 3254 5874 rectum
3279 5829 3382 5874 est.
3416 5819 3622 5872 Przeter
3651 5817 3779 5870 Dio-

2182 5885 2374 5943 dorum
2410 5886 2508 5946 Dio
2534 5886 2777 5958 Cassius,
2813 5891 2902 5947 ubi
2936 5890 3003 5948 de
3034 5889 3247 5949 Caesare
3279 5890 3538 5966 loquitur,
3585 5886 3778 5946 Ca'ltc-
