4062 6340
294 302 403 363 (597

1363 298 1837 359 HISTORIARUM
1876 297 2088 356 LIBER
2126 298 2168 355 l.
2207 295 2366 355 CAP.
2413 292 2501 354 111.

3486 288 3594 352 698

290 418 495 472 sinum.
519 415 696 472 'l‘enet
715 422 899 471 autem
929 412 1069 470 "’in
1098 412 1263 485 longo
1286 413 1454 470 millia
1485 427 1743 484 passuum
1764 427 1891 470 cen-
1915 420 1974 483 Α
1997 410 2162 467 homo
2188 451 2204 475 ,
2251 423 2412 479 quem
2460 413 2667 465 rectum
2721 412 2883 479 atque
2926 404 3332 464 immaculatum
3394 404 3597 464 fecerat

294 522 411 566 tum
439 512 748 583 sexaginta,
776 510 831 566 in
855 510 967 566 lato
1010 510 1176 565 millia
1209 509 1400 580 viginti
1429 524 1547 565 scx.
1574 508 1768 564 Insulae
1794 508 1896 562 Ba-

293 604 473 659 leares
499 603 621 660 dua:
651 614 802 671 sunt,
836 603 1011 672 major
1038 612 1093 658 et
1116 608 1314 669 minor,
1340 604 1535 674 quibus
1560 603 1740 658 insunt
1768 603 1893 658 bina

292 696 493 765 oppida
542 712 559 755 :
604 695 777 766 maior
821 695 1214 764 Tarraconem,
1265 695 1541 766 lliSpauiae
1594 695 1891 763 civitatem,

292 789 474 842 minor
488 786 558 819 ’³⁷⁵
572 786 928 843 Barcinonem
945 788 997 842 in
1014 785 1530 858 mseptentrionem
1558 801 1753 843 versus
1767 801 1897 843 con-

295 889 377 933 tra
406 895 468 936 se
499 879 683 935 habet.
711 880 903 949 Majori
931 879 1179 950 subjacet
1219 878 1393 934 insula
1421 878 1658 935 Ebusus.
1691 878 1897 935 Deinde

293 972 364 1029 ab
390 973 605 1028 oriente
634 970 963 1039 Sardiniam,
990 972 1057 1026 ab
1082 971 1338 1041 aquilone
1362 986 1510 1028 mare
1541 970 1833 1037 Gallicum,
1864 986 1898 1027 a

293 1063 523 1119 meridie
539 1074 589 1120 et
606 1062 791 1120 Africo
815 1063 1236 1121 Mauritanicum
1263 1065 1507 1138 pelagus,
1527 1066 1597 1097 ’³⁸
1622 1066 1897 1123 aboccasu

294 1155 565 1212 lbericum
597 1158 821 1229 pelagus
852 1166 1083 1228 spectat.
1112 1159 1200 1214 lla-
1225 1170 1352 1216 sunt
1383 1161 1576 1216 insula:
1598 1162 1665 1217 ab
1688 1161 1899 1217 llclles-

294 1259 462 1319 ponto
490 1265 663 1323 usque
690 1251 759 1307 ad
779 1253 1057 1308 Oceanum
1078 1267 1174 1324 per
1202 1262 1374 1312 totum
1402 1253 1654 1326 Magnum
1674 1256 1897 1327 pelagus

289 1344 605 1399 constituta:
636 1361 649 1398 :
682 1360 803 1412 qua:
828 1354 882 1400 et
911 1346 1059 1401 cultu
1086 1346 1420 1403 etmcntoria
1450 1349 1622 1420 magis
1648 1350 1899 1405 celebres

293 1436 586 1492 habentur.
621 1436 727 1510 35
760 1438 829 1470 ³³⁷
857 1438 1151 1496 Percensui
1173 1441 1415 1497 breviter
1467 1442 1548 1515 (ut
1577 1442 1752 1514 pomi)
1775 1458 1899 1513 pro-

291 1529 501 1585 vincias
531 1538 587 1586 et
616 1531 820 1586 insulas
846 1531 916 1565 ³³⁸
939 1532 1089 1588 orbis
1135 1534 1371 1590 universi
1425 1550 1440 1589 :
1495 1550 1641 1590 nunc
1693 1535 1898 1593 locales

292 1624 364 1656 ’³³⁸
387 1623 632 1693 gentium
654 1624 987 1694 singularum
1011 1626 1517 1696 miserias,sicutab
1541 1628 1694 1684 initio
1715 1628 1897 1686 inces-

290 1716 539 1772 sabiliter
559 1719 910 1785 exstiterunt,
934 1717 1005 1750 "°
1036 1730 1091 1777 et
1120 1719 1354 1791 qualiter
1376 1718 1443 1753 ³⁵⁸
1472 1722 1777 1794 quibusque
1804 1738 1900 1781 cx-

289 1816 427 1864 ort-e
459 1818 608 1879 sunt,
638 1808 691 1866 in
721 1819 984 1882 quantum
1009 1809 1300 1883 sul'l‘ecero,
1330 1814 1627 1885 proferam.

906 1970 1138 2030 CAPUT
1179 1971 1273 2030 IlI.

800 2066 875 2122 De
896 2067 1093 2122 diluvio
1119 2068 1213 2123 sub
1244 2067 1379 2123 Noe.

369 2183 382 2214 ³
415 2181 555 2239 Cum
589 2192 709 2255 post
738 2182 1031 2254 fabricam,
1062 2194 1425 2257 ornatumque
1470 2187 1658 2244 mundi
1689 2188 1854 2260 hujus
1875 2230 1891 2257 ,

1997 503 2173 569 Deus,
2208 504 2228 534 ²
2259 516 2323 559 ac
2352 500 2580 572 perinde
2614 499 2913 556 humanum
2938 514 3109 571 genus
3138 498 3458 555 libidinibus
3499 498 3597 557 de-

1998 603 2277 664 pravatum
2307 594 2547 664 peccatis
2575 590 2954 649 obsorduisset
2983 632 2998 657 ,
3048 591 3307 647 continuo
3339 591 3595 661 injustam

1994 687 2268 743 licentiam
2312 686 2421 759 36
2461 685 2607 757 justa
2631 683 2842 756 punitio
2864 683 2886 715 ³
2916 692 3212 741 consecuta
3239 694 3342 740 est.
3369 686 3597 739 Senten-

1997 783 2126 838 tiam
2152 785 2416 839 creatoris
2447 780 2542 838 Dei
2570 789 2627 837 et
2649 779 2871 851 judicis;
2897 778 3148 851 peccanti
3171 778 3375 836 homini
3397 794 3461 834 ae
3487 787 3599 834 ter-

1996 894 2072 934 ra:
2104 886 2329 949 propter
2378 876 2656 933 hominem
2685 875 3014 932 destinatam
3043 915 3059 943 ,
3116 888 3437 945 semperque
3467 873 3597 929 dum

1998 970 2249 1027 homines
2276 977 2480 1026 terram
2532 968 2900 1025 habitaverint
2952 966 3267 1023 duraturam
3293 1009 3308 1035 ,
3360 982 3551 1024 omnes
3578 1007 3596 1034 ,

1996 1062 2019 1094 ⁸
2040 1063 2197 1119 inviti
2223 1062 2376 1127 licet.
2407 1070 2501 1118 aut
2533 1060 2827 1132 probamus
2852 1059 3124 1132 negando,
3155 1070 3252 1116 aut
3277 1056 3593 1117 conﬁtendo

1997 1155 2294 1212 toleramus
2324 1170 2340 1212 :
2374 1153 2395 1185 ⁸
2421 1154 2819 1225 obstinatisque
2859 1152 3134 1210 mentibus
3164 1153 3320 1209 testis
3361 1152 3465 1209 sibi
3514 1152 3599 1208 in-

1997 1248 2226 1305 ﬁrmitas
2281 1263 2377 1304 sua
2433 1247 2631 1315 inurit,
2686 1247 2884 1317 quibus
2937 1245 3112 1303 fidelis
3160 1247 3431 1318 scriptura
3487 1260 3598 1301 non

1998 1343 2247 1399 suaserit.
2273 1341 2295 1373 ⁸
2316 1339 2523 1398 Deinde
2555 1341 2743 1398 refuso
2766 1340 2821 1396 in
2842 1354 3063 1397 omnem
3089 1350 3290 1396 terram
3313 1339 3472 1406 mari,
3498 1339 3602 1394 im-

1999 1439 2275 1507 missoque
2301 1435 2529 1502 diluvio,
2552 1451 2675 1492 cum
2709 1444 2824 1493 toto
2849 1436 2982 1491 orbe
3011 1444 3267 1492 contecto
3290 1450 3457 1492 unum
3476 1448 3603 1505 spa-

1999 1532 2132 1589 tium
2159 1530 2284 1588 cmli
2311 1537 2460 1587 esset
2484 1543 2547 1586 ac
2575 1528 2782 1601 pelagi,
2813 1527 3051 1584 deletum
3077 1526 3246 1584 fuisse
3285 1528 3600 1583 universum

2000 1626 2301 1681 humanum
2346 1637 2561 1695 genus,
2600 1622 2787 1694 paucis
2826 1621 2879 1678 iu
2908 1635 3034 1676 arca
3061 1618 3190 1677 fidei
3235 1634 3351 1676 sua:
3403 1618 3603 1676 merito

2000 1720 2022 1752 "
2042 1718 2114 1775 ad
2140 1717 2581 1776 substituendam
2611 1715 2877 1787 originem
2925 1714 3238 1776 reservatis.
3259 1712 3607 1772 evidentissi-

1922 1820 1971 1883 Β
2000 1829 2088 1869 me
2112 1815 2134 1846 ⁸
2164 1811 2503 1870 veracissimi
2552 1808 2849 1881 scriptores
2903 1807 3125 1866 docent.
3152 1810 3172 1841 ’
3203 1806 3396 1864 Fuisse
3424 1815 3604 1865 tamen

1998 1908 2163 1965 etiam
2192 1907 2269 1964 illi
2298 1905 2588 1963 conteStati
2613 1910 2774 1971 sunt,
2806 1902 2896 1975 qui
2920 1901 3202 1975 praeterita
3223 1900 3442 1974 quidem
3461 1910 3606 1967 tem-

1999 2016 2158 2072 pora,
2192 1999 2481 2071 ipsumque
2507 2004 2788 2054 auctorem
2823 2006 3133 2066 temporum
3162 1993 3492 2060 nescientes,
3525 2001 3608 2049 ta-

2003 2114 2126 2154 men
2161 2097 2203 2132 ¹⁰
2231 2112 2297 2153 ex
2338 2095 2542 2153 indicio
2587 2106 2643 2152 et
2688 2094 3004 2166 conjectura
3057 2089 3333 2163 lapidum,
3383 2102 3521 2161 quos
3547 2086 3604 2142 in

2005 2193 2230 2251 remotis
2258 2192 2538 2250 montibus
2566 2192 2795 2249 conchis
2822 2201 2879 2248 et
2907 2189 3102 2246 ostreis
3146 2187 3374 2245 scabros
3396 2224 3411 2253 .
3460 2198 3609 2258 Step0

1591 2305 2044 2403 navancauri
2083 2344 2320 2404 norm.

370 2477 501 2533 9.55.
532 2476 599 2531 In
638 2476 793 2550 longo
828 2476 995 2533 millia
1022 2492 1286 2548 passuum.
1318 2475 1578 2550 Qnmdam
1632 2476 1757 2533 edd.
1809 2478 1898 2534 hic

304 2549 356 2603 in
381 2550 611 2621 longum,
636 2558 691 2604 et
718 2547 845 2604 mox
874 2550 929 2603 in
958 2547 1123 2603 latum
1144 2549 1287 2621 mille
1307 2565 1491 2618 passus
1546 2547 1718 2621 Lugd.
1750 2551 1894 2606 Ball.

304 2636 425 2694 pr._:
457 2622 601 2694 idem
626 2636 723 2694 pro
759 2621 938 2694 viginti
960 2637 1050 2675 sca:
1075 2620 1266 2694 scribit
1294 2636 1467 2694 xxvn.

375 2692 505 2748 2⁸54.
532 2689 887 2747 Barcinone'm.
919 2693 975 2747 lu
1018 2708 1151 2747 mss.
1198 2689 1565 2762 Barcelouam,
1625 2692 1900 2748 Barchilo-

307 2781 449 2828 nam,
476 2762 806 2837 Barcinolam
829 2772 884 2819 et
916 2762 1162 2837 Qarcilon
1218 2764 1435 2833 legitur.
1486 2763 1545 2819 In
1576 2765 1895 2837 quibusdam

306 2852 497 2904 supra,
520 2835 893 2906 Tarraconem,
920 2833 1236 2906 Tragonam,
1262 2843 1369 2890 etc.

376 2907 505 2963 953.
537 2905 604 2961 In
632 2905 1049 2980 septentrionem.
1076 2906 1141 2960 In
1168 2908 1319 2963 abest
1350 2923 1380 2962 a
1412 2906 1580 2980 Lugd.
1637 2906 1754 2962 Dat.
1813 2923 1896 2978 pr.

308 2978 425 3034 Mox
459 2979 647 3032 habent
672 2993 775 3048 pro
794 2977 944 3048 habet
969 2979 1056 3033 etl.
1093 2983 1230 3048 Aug.

373 3049 520 3123 εἶθ-,4
539 3049 614 3123 Ab
636 3046 820 3123 occasu
844 3046 1101 3123 Ibericum
1116 3046 1335 3123 pelagus
1354 3059 1569 3123 spectat.
1594 3050 1691 3106 Illa
1718 3049 1900 3123 aboe-

306 3138 428 3176 rasu
472 3120 726 3179 lbericum
752 3122 947 3176 desunt
977 3122 1028 3193 in
1063 3122 1149 3193 tjd.
1185 3125 1323 3191 Aug.
1357 3120 1513 3193 Legit
1554 3139 1684 3178 vero
1709 3121 1899 3177 eadem

307 3209 426 3268 eum
451 3203 683 3268 quatuor
712 3191 1038 3268 mss._Lugd.
1072 3191 1113 3246 Β
1132 3201 1189 3268 ut.
1215 3191 1458 3268 spectanti
1474 3195 1713 3268 pelagus,
1746 3194 1899 3265 quasi

306 3266 373 3319 de
405 3263 600 3319 insulis
642 3263 978 3322 Balearibus.
1009 3279 1113 3317 non
1137 3265 1204 3319 de
1232 3263 1485 3330 Corsica,
1516 3263 1665 3322 esset
1695 3263 1898 3322 sermo.

308 3337 435 3403 l'ost
471 3334 877 3389 Mauritanicum
906 3337 1049 3390 delet
1078 3337 1292 3405 pelagus
1324 3337 1468 3394 Flor.
1504 3354 1618 3394 sec.

374 3409 503 3462 2'57.
541 3406 849 3461 Percensui.
879 3406 1022 3461 Flor.
1052 3415 1204 3470 tert.,
1236 3407 1507 3465 Ilecettsui.

372 3480 500 3533 “15%.
539 3477 693 3533 0'bis
734 3479 983 3533 uniuersi.
1019 3477 1349 3546 Trans-ponit
1381 3480 1553 3547 Lugd.
1591 3481 1712 3536 Bat.
1741 3496 1823 3549 pr.

373 3550 501 3606 259.
537 3549 778 3624 Gentium
822 3550 1168 3624 singularum.
1195 3551 1323 3606 Mss.
1358 3552 1527 3624 Lugd.
1563 3552 1747 3608 Batavi
1788 3569 1905 3608 ont-

308 3638 403 3676 nes
442 3623 677 3693 gentium
724 3622 1131 3691 insularumque,
1156 3638 1218 3675 ex
1253 3622 1458 3690 quibus
1479 3625 1749 3693 secandus
1778 3640 1901 3678 cum

310 3692 693 3768 Ultﬂinsupcr
720 3693 849 3762 legit
873 3694 1105 3768 gentium
1145 3693 1533 3768 insularumque
1554 3692 1902 3768 singularum.

309 3766 410 3820 Sed
435 3767 728 3838 vulgatam,
762 3764 961 3835 prteter
983 3764 1325 3821 Florentiuos
1356 3764 1485 3821 mss.
1517 3764 1665 3821 bit-us
1689 3782 1904 3838 quoque

307 3853 427 3960 euq}
459 3836 638 3892 Periz.
666 3844 869 3905 tuetur,
900 3851 1130 3907 eamque
1157 3850 1340 3893 veram
1362 3849 1412 3894 et
1449 3836 1761 3909 germanam
1782 3836 1905 3894 esse

310 3923 377 3960 Illl
407 3924 510 3960 κείς).

332 3924 510 3962 ιιιιιίζιι.

304 3923 510 4035 Jugis.-
538 3977 607 4033 Et
634 3977 873 4051 qualiter.
909 3977 1101 4035 Delent
1150 3988 1198 4034 rt
1245 3978 1420 4051 Lugd.
1480 3980 1619 4036 Batt.
1672 3987 1800 4036 tert.
1848 3988 1904 4036 et

347 4063 555 4106 narlus.

308 4067 1097 4195 qngillujbuibusqueexorta:
1142 4132 1281 4177 sunt.
1349 4123 1501 4180 Delet
1554 4123 1724 4195 Lugd.
1783 4123 1901 4177 Bal.

305 4208 482 4263 quart.
510 4211 607 4266 que
636 4203 756 4266 post
774 4192 986 4265 quibus.
1019 4196 1088 4251 At
1110 4196 1427 4265 temporibus
1455 4192 1904 4266 supers'cribtrba-

309 4277 392 4321 tur
422 4267 473 4321 in
508 4265 675 4336 Lugd.
713 4265 828 4319 But.
865 4267 1060 4335 primo.
1097 4266 1326 4322 Videtur
1356 4267 1406 4320 id
1432 4265 1571 4320 haud
1605 4270 1905 4337 incongrue

309 4341 490 4410 posse]
512 4339 670 4410 addi,
701 4352 879 4408 neque
909 4338 1052 4392 enim
1083 4342 1244 4394 modo
1269 4340 1512 4394 narrabit
1532 4338 1760 4394 Orosius
1784 4353 1904 4409 qua:

307 4408 486 4474 mala,
511 4408 769 4481 qualiter,
800 4420 1054 4481 respectu
1088 4410 1474 4481 magnitudinis
1498 4452 1513 4475 ,
1558 4408 1861 4480 quibusque
1885 4451 1902 4475 ,

308 4479 556 4554 respectu
608 4479 917 4554 hominibus
945 4480 1059 4535 sive
1083 4479 1371 4554 gentibus,
1420 4484 1515 4538 sed
1560 4479 1616 4537 et
1647 4481 1906 4554 tempori-

309 4550 412 4607 bus'
432 4594 447 4619 ,
477 4552 782 4608 evenerint.
825 4551 882 4606 lu
930 4562 1207 4621 posuemo
1254 4552 1398 4608 enim
1448 4554 1682 4609 maxime
1710 4550 1907 4607 enituit

1926 3232 1973 3294 C

2004 2482 2403 2549 consulnimus,
2436 2480 2568 2537 illud
2600 2489 2950 2552 augmentum
2990 2477 3313 2552 agnoscunt.
3341 2477 3605 2552 Inprima

2004 2554 2093 2610 cd.
2122 2569 2341 2626 quoque
2370 2562 2454 2626 est
2483 2554 2720 2626 funditus
2746 2550 3132 2626 absorberetur,
3162 2567 3263 2626 pro
3286 2567 3395 2626 quo
3413 2550 3468 2607 in
3499 2550 3608 2605 Ve-

2005 2622 2154 2683 nctti
2191 2622 2261 2681 et,
2290 2622 2753 2693 Paris.'[unditus
2804 2624 3186 2679 absorberetur.
3233 2623 3342 2678 Sed
3382 2622 3434 2676 in
3468 2636 3601 2677 mss.

2006 2694 2337 2753 Florentinis
2366 2705 2421 2751 et
2450 2695 2697 2763 reliquis,
2748 2710 2889 2765 quos
2921 2693 3134 2761 insiiexi
3160 2737 3177 2762 ,
3220 2693 3434 2748 eunetis
3458 2733 3476 2761 ,
3530 2693 3609 2765 leo

2005 2770 2150 2829 citur
2181 2768 2407 2837 peccatis
2437 2764 2817 2836 obsorduisset,
2867 2765 3014 2837 quod
3039 2764 3609 2837 verbutn_respondet

2008 2839 2116 2906 illi,
2141 2834 2284 2910 quod
2313 2854 2477 2908 supra
2507 2834 2810 2910 invenitur.
2828 2834 3244 2910 immaculatum.
3275 2834 3334 2910 tn
3360 2835 3605 2910 bluguttt.

2004 2927 2137 2968 vero
2162 2907 2296 2966 edit.
2326 2907 2485 2981 quam
2517 2909 2729 2964 curavit
2759 2908 2931 2964 Andr.
2963 2908 3245 2972 Sebettus.
3276 2908 3472 2981 legitur
3504 2907 3604 2981 Ιιυο

2004 3001 2107 3047 mo,
2135 2998 2287 3055 quem
2316 2978 2383 3037 ad
2402 2982 2681 3055 imaginem
2708 2996 2858 3055 suam
2888 2991 3085 3055 rectum
3109 2989 3262 3048 atque
3285 2978 3602 3055 immacula-

2004 3066 2115 3109 tum
2147 3050 2193 3126 γ.
2251 3053 2343 3120 0.,
2397 3050 2623 3126 intrusis
2668 3050 2843 3107 tribus
2886 3052 3113 3108 vocibus
3143 3058 3333 3105 contra
3363 3050 3607 3105 omnium

2006 3124 2231 3182 mss.'et
2260 3126 2422 3182 editt.
2459 3124 2643 3178 fidem.

2075 3199 2130 3252 2.
2162 3198 2234 3251 Ac
2260 3197 2474 3269 perinde
2503 3197 2786 3269 humanum
2816 3210 2979 3269 genus
3011 3192 3316 3269 libidinibus
3356 3192 3611 3269 deprava-

2008 3281 2116 3324 tum
2147 3263 2367 3341 peccatis
2398 3263 2940 3341 obsorduisset._Ante
2964 3266 3079 3321 haec
3099 3265 3264 3321 verba
3287 3263 3611 3341 invulgatis

2008 3333 2245 3410 additur,
2278 3341 2432 3394 morti
2461 3356 2516 3393 se
2540 3338 2899 3392 substravissct
2930 3352 2950 3391 :
2976 3352 3098 3408 quae
3119 3333 3338 3407 quando
3365 3335 3418 3410 in
3444 3333 3608 3410 nullis

2009 3412 2163 3468 libris
2220 3405 2461 3482 antiquis
2504 3411 2832 3482 invenimus,
2879 3405 3155 3482 tamquam
3200 3405 3553 3482 supposititia
3584 3444 3601 3472 ,

2008 3484 2141 3538 nihil
2177 3477 2371 3539 tamcn'
2394 3480 2837 3552 pra'judicanles.
2867 3480 3192 3535 delevituus.
3221 3477 3388 3533 Faen.

2078 3557 2131 3611 5.
2166 3547 2451 3611 Consecuta
2480 3547 2571 3608 est.
2603 3551 2775 3611 Luxd.
2824 3552 2942 3608 Bat.
2976 3566 3088 3607 sec.
3134 3563 3190 3605 et
3223 3553 3353 3605 llitt.
3383 3558 3435 3603 et
3468 3547 3606 3604 Ultr.

2005 3626 2274 3695 subsecuta
2301 3636 2399 3681 est.
2436 3623 2638 3683 Scribit
2675 3620 2801 3679 dein
2833 3627 3060 3694 August.
3098 3622 3270 3691 Quam
3297 3620 3609 3676 sententiam

2007 3699 2254 3752 creatoris
2289 3697 2405 3765 Dei,
2439 3706 2551 3751 etc.

2076 3769 2131 3823 4.
2164 3769 2324 3824 Inviti
2352 3768 2490 3822 licet.
2528 3766 2630 3822 Ed.
2657 3765 2828 3833 prima
2856 3765 3112 3820 videlicet.

2078 3840 2132 3897 5.
2190 3839 2601 3909 Obstinatisque.
2638 3838 2810 3902 Meus,
2847 3837 3137 3909 obstinatis.
3160 3833 3326 3909 _Edtl‘.
3362 3833 3607 3909 Veneta,

2008 3912 2365 3981 obstinateque
2394 3905 2649 3966 mentibus
2681 3920 2856 3977 testes,
2884 3917 3018 3974 etc.,
3054 3907 3225 3963 Paris.
3258 3905 3609 3974 obstinatique

2007 3984 2262 4038 mentibus
2290 3991 2461 4039 testes.

2080 4056 2130 4110 6.
2162 4053 2366 4110 Deinde
2392 4054 2568 4122 refuso
2599 4050 2693 4106 sub
2726 4049 2864 4105 Noe.
2892 4052 3020 4106 Duze
3045 4058 3332 4120 postrema:
3358 4062 3525 4104 voces
3554 4048 3607 4122 in

2006 4126 2132 4182 libr.
2165 4138 2273 4182 vet.
2305 4140 2409 4180 non
2450 4117 2726 4194 'leguutur,
2761 4134 2816 4177 et
2864 4117 3090 4194 possunt
3115 4137 3230 4194 non
3240 4117 3611 4194 incommode
3641 4178 3647 4187 ,

2007 4199 2219 4253 abesse.
2257 4198 2421 4253 ["antt.
2452 4191 2533 4236 -’
2553 4194 2749 4249 Delent
2777 4191 2994 4249 easdem
3029 4206 3161 4248 mss.
3186 4191 3329 4248 Ultr.
3359 4203 3414 4247 et
3438 4192 3608 4247 Meus.

2006 4269 2153 4325 Inter
2176 4269 2347 4340 Lugd.
2379 4268 2609 4323 Batavos
2640 4264 2693 4321 in
2724 4279 2835 4321 sec.
2867 4275 2921 4320 et
2949 4274 3103 4340 νιιιτι.
3142 4262 3358 4340 legitur
3408 4261 3610 4340 διιιῙιιιο

2005 4340 2101 4396 sub
2131 4332 2329 4396 A'oe'in
2358 4357 2408 4395 ο.
2433 4350 2472 4395 t.
2500 4355 2606 4402 m.,
2656 4346 2838 4406 quart.
2869 4339 3044 4407 refuso
3070 4335 3164 4389 sub
3198 4332 3314 4392 Noe
3334 4336 3527 4407 ipsein
3553 4350 3609 4407 o.

2007 4421 2048 4467 t.
2081 4429 2150 4467 m.
2196 4411 2410 4482 lleliqui
2446 4425 2570 4466 cum
2599 4404 2767 4482 editt_._
2791 4404 3017 4482 vetustis
3065 4407 3247 4482 refuso
3289 4409 3381 4461 sub
3413 4404 3529 4461 Noe
3556 4406 3611 4459 in
3672 4464 3675 4467 _

2008 4502 2059 4539 ο.
2088 4494 2128 4538 t.
2161 4501 2231 4539 m.
2257 4476 2379 4540 Mo'x
2408 4483 2663 4554 missoque
2690 4477 2909 4536 diluvio.
2941 4480 3088 4539 Meus
3114 4476 3168 4534 et
3193 4476 3339 4534 Flor.
3367 4492 3481 4534 sec.
3512 4492 3612 4548 pro

2008 4571 2357 4628 immissaque.

306 4622 489 4684 Orosii
536 4624 825 4691 industria,
858 4619 947 4696 qui
978 4635 1267 4693 praptcrea
1297 4625 1548 4680 omnibus
1579 4626 1808 4696 eruditis
1846 4624 1901 4678 iu
1933 4630 1985 4693 1)
2081 4629 2134 4682 7.
2163 4619 2673 4684 Ad'substituendam
2701 4622 2975 4696 originem.
3000 4624 3152 4681 Meus
3170 4624 3240 4680 ad
3257 4619 3614 4693 suﬁciendam

307 4712 467 4768 manu
497 4696 681 4768 haberi
698 4735 713 4756 ,
737 4695 1231 4768 auctoritatemque
1254 4709 1405 4752 suam
1432 4695 1785 4753 eummodare
1812 4710 1902 4751 so-

307 4766 400 4823 let.
428 4771 609 4839 Quare
632 4767 777 4822 hunc
812 4769 991 4821 locum
1012 4766 1091 4821 sic
1116 4766 1250 4839 puto
1281 4780 1413 4839 esse
1434 4769 1744 4839 legendum,
1768 4784 1905 4822 nunc

305 4838 498 4912 locales
526 4839 773 4912 gentium,
802 4834 1224 4912 singularumque
1245 4834 1651 4904 miseriasﬁicut
1671 4834 1736 4912 ab
1757 4840 1906 4894 initio

306 4911 685 4983 incessabiliter
714 4910 1052 4977 exstiterunt,
1083 4914 1330 4983 qualiter,
1375 4911 1559 4979 quibus
1587 4954 1602 4980 ,
1624 4910 1907 4982 quibusque

306 4982 629 5050 temporibus
646 4990 842 5037 exorta:
860 4991 1001 5047 sunt,
1036 4993 1143 5039 etc.

378 5056 512 5110 Car.
530 5055 614 5110 ΙΙΙ.
632 5084 705 5099 -ο
718 5057 741 5111 1
755 5095 770 5110 .
788 5055 918 5111 Cum
944 5064 1058 5127 post
1073 5056 1346 5128 fabricam,
1370 5066 1709 5126 ornatumque
1728 5054 1908 5108 mundi

310 5129 470 5201 hujus
498 5131 680 5193 homo,
714 5144 865 5201 quem
891 5139 1087 5183 rectum
1120 5141 1275 5199 atque
1302 5130 1693 5201 innnaculatunt
1721 5129 1911 5198 fecerat

311 5198 480 5267 Deus,
510 5202 661 5254 morti
681 5218 735 5256 se
757 5200 1114 5256 substravisset
1135 5217 1155 5256 :
1176 5198 1238 5256 ac
1268 5202 1488 5271 proinde
1516 5198 1804 5271 humanum
1827 5215 1915 5271 ge-

311 5289 408 5328 nus
431 5272 732 5327 libidinibus
760 5272 1096 5345 depravatum
1120 5269 1339 5340 peccatis
1361 5272 1597 5345 funditus
1618 5269 1916 5345 obsorduis-

309 5355 401 5401 set.
467 5344 600 5398 Illud
643 5344 796 5398 morti
817 5341 871 5398 se
892 5343 1249 5399 substravisset
1276 5341 1412 5400 liber
1444 5344 1681 5400 Venetus
1719 5341 1913 5396 Orosio

311 5416 567 5471 reddidit.
612 5416 876 5473 Similiter
920 5423 977 5470 et
1029 5416 1180 5481 illud,
1236 5417 1508 5484 funditus;
1560 5412 1748 5469 omisit
1780 5428 1911 5468 vero

310 5488 756 5542 Marcoduranus.
790 5487 903 5557 Ego
933 5502 998 5541 ex
1046 5487 1409 5551 obsorbuisset,
1458 5496 1513 5541 et
1562 5484 1911 5557 obsurbuisset

310 5560 413 5613 feci
468 5554 859 5615 obsorduissetf
888 5556 1061 5614 Recte
1090 5560 1344 5615 fortasse.
1396 5558 1587 5613 Posset
1631 5566 1686 5611 et
1726 5554 1907 5610 obsor-

310 5629 499 5686 buisset
537 5639 747 5686 rectum
793 5645 938 5696 esse,
968 5630 1052 5686 vel
1073 5630 1443 5686 obsurduisset.
1475 5627 1642 5683 Laur.
1670 5657 1739 5666 —
1762 5626 1911 5683 Prte-

313 5712 396 5757 ter
432 5703 663 5759 Venetas
694 5701 821 5756 edit.
857 5710 913 5756 et
950 5702 1146 5769 Paris.,
1179 5702 1310 5757 llitt.
1343 5715 1394 5757 et
1426 5700 1741 5757 Cervieorn.
1774 5698 1909 5754 illud

313 5778 463 5827 morti
491 5789 545 5829 se
574 5773 930 5828 sttbstruvisset
976 5777 1145 5842 prima
1178 5789 1395 5842 quoque
1426 5772 1686 5842 exhibet;
1720 5785 1906 5825 verum

311 5858 485 5916 neque
517 5851 824 5916 Augustaua
852 5885 868 5913 ,
924 5841 1099 5916 neque
1142 5841 1281 5900 ullus
1310 5841 1384 5901 ex
1418 5841 1571 5901 libris
1604 5856 1736 5898 mss.
1765 5856 1911 5912 quos

2016 4714 2287 4755 ortatnem.

2088 4718 2511 4827 anguinum
2531 4765 3097 4841 scriptores.__Primam
3122 4780 3313 4841 vocem
3342 4763 3491 4821 delet
3510 4762 3616 4841 Pe-

2016 4842 2141 4909 riz.’,
2170 4842 2268 4899 sed
2290 4845 2450 4898 editt.
2482 4836 2715 4912 llittorp.
2750 4848 2806 4893 et
2828 4838 3112 4912 Bolsuing.
3157 4839 3362 4909 legunt,
3392 4836 3615 4892 veracis-

2015 4914 2137 4969 simt'
2156 4913 2433 4986 scriptores
2458 4910 2813 4986 doctoresque.

2090 4987 2144 5042 9.
2178 4977 2365 5040 Fuisse
2390 4993 2561 5037 tamen
2586 4977 2763 5037 etiam.
2795 4979 2967 5054 Lugd.
3007 4982 3125 5039 Bat.
3160 4995 3273 5037 sec.
3326 4989 3382 5038 et
3429 4977 3570 5035 Ultr.
3592 5016 3612 5044 ,

2020 5053 2151 5113 Htcc
2179 5060 2339 5129 fuisse
2359 5066 2551 5129 tamen.

2095 5120 2190 5185 1οξ
2219 5127 2304 5183 Ea:
2330 5127 2521 5199 indicio
2548 5132 2596 5178 et
2629 5123 2934 5199 conjectura
2958 5124 3218 5199 lapidum.
3251 5122 3394 5199 Gen.
3414 5135 3508 5177 vtn
3535 5120 3613 5199 le—

2017 5201 2196 5270 gimus
2225 5214 2404 5254 arcam
2432 5196 2548 5270 Noe
2579 5192 2910 5270 requievisse
2940 5192 3106 5270 super
3126 5205 3340 5252 montes
3361 5192 3612 5270 Araratlt,

2019 5263 2073 5327 id
2102 5280 2189 5329 est
2217 5269 2514 5330 Armeniae.
2548 5263 2911 5333 ubi,‘auctore
2935 5263 3285 5338 Hieronymo,
3315 5280 3488 5334 usque
3507 5263 3608 5338 h_o-

2019 5345 2109 5399 die
2138 5343 2258 5414 ejus
2288 5349 2607 5413 permanent
2637 5339 2877 5414 vestigia.
2901 5340 2992 5414 De
3021 5333 3247 5414 Arafatlt
3277 5333 3418 5414 idem
3448 5333 3614 5414 unde-

2015 5407 2185 5471 cimo'
2209 5407 2740 5470 Commentariorum
2777 5407 2843 5465 in
2898 5411 3132 5467 Esaiam.
3163 5408 3437 5478 Josephus
3464 5407 3559 5461 lib.
3598 5421 3615 5462 ι

2017 5486 2283 5557 Antiquit.
2310 5484 2518 5553 scribit,
2552 5487 2818 5557 Arnienos
2846 5483 2987 5552 loco,
3022 5484 3213 5557 inquo
3244 5481 3449 5557 Noe__es
3484 5492 3608 5532 arca

2018 5549 2269 5630 egressus
2308 5566 2412 5624 est,
2446 5549 2813 5630 διιιὲρϐοισιηὰλοιονΔ
2838 5549 3035 5630 nomen
3085 5549 3299 5630 fecisse.
3342 5549 3509 5630 Faue.
3541 5578 3612 5589 —-

2018 5622 2102 5685 es
2119 5629 2325 5703 judicio
2355 5622 2724 5703 e‘rollectura.
2760 5626 3000 5703 b’ielego
3028 5640 3093 5681 ex
3129 5625 3232 5680 fide
3262 5622 3609 5703 cod._Colou.

2016 5693 2138 5776 ιιι)ιῖ
2153 5705 2475 5776 conjectura.
2524 5698 2697 5776 Laur.
2720 5725 2795 5776 --_
2820 5693 3164 5776 Nilii_1_mu_t.o,
3192 5693 3612 5776 quamvisjadif

2015 5774 2095 5827 cio
2113 5788 2219 5842 quo
2240 5765 2324 5843 {ue
2341 5779 2519 5829 exstat
2543 5774 2595 5827 in
2614 5770 2744 5826 edit.
2770 5770 2907 5840 Aug.
2928 5767 3047 5826 Mos
3075 5765 3225 5826 Ultr.?
3239 5776 3287 5823 et
3315 5765 3524 5825 conchis
3564 5773 3613 5821 ct

2020 5846 2221 5900 ostreis.
