3962 6336
437 249 545 310 703

1849 242 2058 303 PAULI
2095 240 2323 300 OROSll

3597 248 3686 308 7M

438 359 701 432 quondam
747 359 897 415 urbes
928 359 1046 431 igne
1074 357 1265 415 caelesti
1289 359 1540 432 ﬂagrasse
1576 355 1908 411 concesserim
1940 371 1957 408 :
1982 356 2052 408 ita
2079 358 2130 417 Λ
2160 352 2416 423 tionibus,
2474 351 2834 422 mtatibusque
2863 351 2905 386 ¹⁹
2934 359 3275 423 proruerent.
3331 352 3504 426 Itaque
3551 357 3697 420 iratus

439 454 610 509 halitu
639 454 780 508 lacus
820 454 965 522 inﬁci
1003 462 1192 508 terram
1217 460 1265 508 et
1291 449 1552 522 corrumpi
1577 466 1710 505 reor.
1732 447 1851 517 Quo
1871 447 2042 514 dicto,

443 547 646 602 invitus
694 547 843 614 licet,
884 546 956 602 de
981 545 1185 602 exustis
1214 545 1461 610 urbibus,
1508 560 1630 615 qua:
1659 542 1844 612 procul
1877 541 2046 597 dubio

443 648 790 710 peccatorum
813 655 954 695 noxa
1004 640 1045 671 “
1097 639 1589 710 conﬂagraverunt,
1623 636 1664 668 ¹²
1694 643 1751 691 et
1777 634 1947 690 scisse
1985 649 2046 690 se

441 743 498 788 et
541 734 881 789 concessisse
924 732 1228 800 confessus,
1271 731 1448 803 palam
1494 729 1763 802 prodidit,
1806 745 1914 785 non
1939 728 2044 784 sibi

443 827 771 896 cognitionis
798 826 960 880 [idem
990 825 1249 893 defuisse,
1280 825 1375 880 sed
1399 823 1764 894 exprimenda:
1795 822 1915 878 ﬁdei
1945 837 2044 877 vo-

443 919 710 974 luntatem
746 936 758 972 :
789 917 932 989 quod
979 917 1022 949 ⁸³
1063 932 1095 972 a
1147 933 1233 973 me
1274 932 1418 973 nunc
1464 917 1675 987 plenius
1715 915 2044 986 proferetur.

467 1012 488 1044 ³
513 1013 568 1067 1n
600 1011 838 1068 eoulinio
860 1011 1072 1066 Arabia:
1101 1021 1155 1068 et
1178 1011 1624 1079 l‘almstlnm,qna
1657 1010 1700 1041 ¹⁸
1730 1008 1940 1064 dimissi
1969 1009 2048 1064 al—

445 1102 714 1158 trinsecus
780 1111 1022 1169 montes,
1089 1102 1350 1174 subjectis
1413 1102 1622 1170 eampis
1676 1101 2046 1170 excipiuntur,

445 1197 684 1266 quinque
740 1195 990 1250 civitates
1046 1195 1089 1226 ¹⁶
1139 1195 1324 1264 fuere,
1386 1195 1654 1260 Sodoma,
1707 1193 2046 1261 Gomorrha,

448 1285 678 1353 Adama,
712 1285 955 1355 Seboim,
991 1295 1046 1340 et
1073 1286 1273 1356 Segor;
1317 1287 1415 1341 sed
1451 1286 1622 1357 Segor
1648 1300 1712 1340 ex
1747 1285 1828 1339 his
1862 1300 2047 1355 parva,

453 1379 494 1410 ”
528 1378 637 1433 illae
681 1379 875 1450 ampla:
907 1387 961 1435 et
987 1394 1199 1450 magna:
1243 1397 1256 1433 :
1299 1380 1501 1450 quippe
1531 1379 1726 1448 quibus
1756 1387 1811 1434 et
1841 1379 1942 1434 soli
1974 1378 2052 1434 le-

447 1471 696 1527 eunditas
726 1473 967 1539 suberat,
1005 1482 1060 1527 et
1087 1471 1340 1527 Jordanis
1368 1472 1560 1526 ﬂuvius
1588 1486 1687 1543 per
1716 1471 1872 1540 plana
1899 1470 2053 1527 ditiu-

449 1579 563 1631 sns,
589 1580 652 1620 ac
674 1573 1083 1636 perOpportnne
1097 1563 1322 1634 divisus,
1351 1563 1652 1635 augmentis
1677 1563 1940 1620 ubertatis
1959 1563 2056 1618 im-

452 1656 807 1726 pcndebatur.
828 1655 963 1711 lluie
985 1656 1252 1712 universa:
1275 1655 1505 1727 regioni,
1522 1653 1675 1710 bonis
1689 1653 1830 1711 male
1853 1655 2050 1724 utenti,

448 1749 781 1804 abundantia
814 1765 994 1805 rerum
1037 1764 1197 1805 causa
1231 1749 1494 1804 malorum
1526 1747 1650 1802 fuit.
1691 1748 1735 1779 ¹⁸
1767 1746 1844 1802 Ex
1884 1746 2058 1802 abun—
2089 1772 2134 1832 Β

448 1845 636 1899 dantia
665 1843 810 1900 enim
841 1845 1072 1912 luxuria,
1118 1859 1186 1901 ex
1214 1843 1430 1900 luxuria
1470 1841 1630 1899 fmdm
1669 1841 1777 1916 42
1803 1841 2058 1898 libidines

451 1935 740 1991 adolevere
768 1952 782 1988 :
814 1933 976 2002 adeo,
1027 1944 1086 1991 ut
1115 1935 1344 1991 masculi
1379 1935 1432 1990 in
1461 1935 1735 1989 masculos
1769 1942 2058 2004 operantes

455 2025 866 2098 turpitudinem,
915 2042 984 2084 ne
1022 2026 1383 2084 consideratis
1411 2025 1631 2098 quidem
1666 2023 1836 2092 locis,
1869 2023 2059 2080 condi-

2152 448 2314 511 Deus,
2367 443 2505 516 pluit
2532 444 2578 476 ¹⁰
2605 458 2768 513 super
2795 442 2935 498 hanc
2977 453 3176 499 terram
3208 447 3376 516 ignem
3403 458 3454 504 et
3479 449 3696 520 sulphur,

2147 545 2423 608 totamque
2485 537 2763 606 regionem
2832 553 2952 590 cum
3022 536 3238 608 populis
3297 547 3450 609 atque
3509 542 3701 600 utbibus

2146 639 2435 695 exustam,
2491 638 2682 683 testem
2731 625 2918 698 judicii
2983 629 3065 683 sui
3136 628 3395 697 futuram,
3443 633 3482 664 ’ί
3530 645 3701 690 aeterna

2149 721 2450 791 perditione
2508 721 2782 775 damnavit
2834 737 2847 773 :
2904 729 2959 775 ut
3015 735 3156 776 nunc
3217 736 3425 793 quoque
3483 738 3707 794 appareat

2147 817 2364 886 quidem
2431 815 2600 871 forma
2661 813 2932 886 regionis,
3000 813 3096 869 sed
3155 813 3450 870 inveniatur
3494 818 3536 848 "
3583 819 3706 888 regia

2149 908 2369 972 cineris,
2422 908 2762 978 mediamque
2803 906 3105 962 convallem
3149 922 3306 978 qttam
3347 907 3708 965 .lordanisirri-

2149 1011 2391 1074 gaverat,
2446 1018 2587 1056 nunc
2633 1017 2780 1056 mare
2837 1001 3180 1069 superfusum
3231 1001 3277 1032 "
3320 1009 3478 1072 tegat.
3518 1002 3560 1033 "
3588 1004 3707 1058 Tan-

2155 1103 2373 1164 tumque
2418 1093 2485 1149 de
2527 1093 2686 1148 rebus
2743 1093 2821 1161 (ιιι
2867 1091 3107 1163 putatur)
3156 1092 3335 1161 parvis
3379 1093 3562 1149 divina:
3597 1096 3716 1148 indi-

2150 1186 2422 1257 gnationis
2472 1201 2760 1242 accensum
2807 1195 2910 1251 e5t,
2968 1194 3025 1240 ttt
3075 1195 3300 1256 propter
3349 1186 3448 1243 hoc
3487 1189 3611 1258 quod
3650 1191 3715 1248 illi

2153 1281 2294 1336 male
2343 1289 2556 1335 utentes
2614 1278 2802 1344 bonis,
2857 1277 2904 1310 "
2956 1278 3165 1334 fructus
3229 1279 3714 1350 misericordiarum,

2155 1375 2482 1428 nutrimenta
2540 1370 2818 1427 libidinum
2861 1371 3100 1427 fecerant
3132 1413 3146 1436 ,
3197 1383 3346 1428 terra
3395 1388 3595 1444 quoque
3627 1376 3718 1449 43

2155 1469 2290 1538 ipsa,
2348 1480 2468 1534 qum
2534 1463 2630 1518 has
2692 1463 2952 1519 habuerat
2995 1464 3282 1528 civitates,
3336 1467 3556 1533 primum
3607 1482 3721 1521 exu-

2154 1573 2237 1620 sta
2294 1563 2553 1634 ignilms,
2613 1571 2734 1628 post
2798 1577 3058 1632 oppressa
3128 1561 3322 1633 aquis,
3383 1560 3435 1616 in
3487 1572 3718 1621 :eteruam

2155 1655 2558 1712 damnationem
2589 1653 2635 1686 ’⁸
2663 1653 2936 1710 communi
2969 1653 3173 1724 periret
3203 1655 3468 1726 θειιεςιιιί.

2787 1767 3017 1827 CAPUT
3058 1769 3147 1826 VI.

2325 1885 2656 1958 Comparatio
2685 1885 2850 1941 cladis
2881 1884 3220 1943 Sodomiticar
3247 1895 3295 1942 et
3325 1884 3588 1942 Romanae.

2239 2020 2427 2091 Itaque
2448 2034 2612 2088 nunc,
2647 2019 2692 2074 si
2733 2017 2932 2090 placet,
2971 2018 3026 2074 bi
3067 2019 3160 2092 qui
3185 2019 3239 2075 in
3270 2017 3562 2086 Christum,
3591 2034 3730 2092 quem

1762 2159 2213 2220 llAVERCAMPI
2255 2159 2490 2217 NOTAE.

523 2282 614 2340 11.
641 2279 1124 2353 Conﬂagraverunt.
1150 2277 1326 2353 Lugd.
1354 2279 1622 2353 Batt.pr.,
1661 2287 1813 2347 tert,,
1849 2286 2052 2350 quart.,

454 2369 577 2408 cum
621 2353 746 2408 edd.
795 2350 990 2423 prima,
1044 2351 1263 2407 Venetis
1313 2360 1368 2406 et
1415 2350 1652 2422 llittorp.
1702 2354 2057 2424 conﬂagrave-

457 2435 596 2480 rant.

531 2497 618 2550 19..
669 2494 736 2550 Et
780 2496 936 2550 scisse
977 2510 1032 2549 se
1075 2504 1124 2550 et
1152 2495 1482 2566 concessisse.
1514 2493 2056 2566 Lngd.Bataviipr.,

459 2577 610 2631 tert.,
649 2577 829 2637 quart.
858 2569 1014 2620 scisse
1043 2570 1326 2638 confessus,
1373 2565 1571 2622 deletis
1608 2565 1860 2634 reliquis.
1886 2565 2054 2632 Ultr.,

459 2640 614 2694 scisse
661 2636 714 2694 se
757 2639 1041 2711 confessus.
1091 2636 1264 2710 Lugd.
1309 2637 1427 2692 Bat.
1453 2653 1565 2692 sec.
1601 2647 1647 2692 et
1674 2637 1830 2692 scisse
1860 2653 1913 2692 se
1935 2654 2060 2691 con-

485 2727 648 2764 €881“.

460 2711 696 2837 [θδῗὲῗοΑ
742 2797 820 2836 me
865 2797 1020 2835 nunc.
1071 2779 1144 2836 lta
1168 2779 1256 2835 ed.
1295 2779 1433 2850 Aug.
1463 2788 1517 2836 et
1540 2795 1675 2838 mss.
1707 2779 1877 2851 Lugd.
1913 2779 2054 2835 Batt.

461 2867 542 2924 pr.
574 2863 628 2908 et
661 2864 784 2908 tert.
817 2854 916 2908 Alii
942 2853 1101 2924 vulgo
1131 2867 1266 2907 nunc
1294 2869 1326 2906 a
1353 2869 1453 2907 me.
1488 2853 1612 2907 Mox
1648 2853 1910 2922 profertur
1933 2867 2057 2908 cum

463 2923 682 2980 Venetis
720 2926 809 2980 ed.
852 2923 1045 2994 prima.

463 3016 486 3030 ν
533 2995 624 3052 14.
678 2994 743 3049 1η
763 2997 989 3065 conﬁnio
1021 2996 1225 3051 Arabia:
1245 3005 1293 3050 et
1318 2995 1643 3058 Palms'inaz,
1672 2995 1746 3048 De
1770 2994 2057 3050 eversione

462 3067 651 3122 barum
675 3068 956 3123 civitatum
989 3068 1164 3122 Moses
1194 3067 1420 3123 Genesis
1451 3067 1666 3122 decimo
1694 3081 1860 3122 nono.
1884 3065 2050 3121 FABR.

463 3136 530 3191 In
560 3140 848 3206 confinibus
878 3139 1204 3194 Membrana:
1236 3154 1390 3194 mete.

538 3210 627 3264 15.
682 3209 894 3264 Dimissi
931 3209 1233 3264 altrinsecus
1256 3220 1469 3265 montes.
1503 3209 1630 3264 Mss.
1664 3209 1836 3278 Lugd.
1871 3207 2054 3263 Batavi

464 3298 570 3342 ιη’..
620 3289 747 3336 tert.
776 3291 831 3336 et
852 3290 1097 3350 quartus,
1140 3299 1242 3352 qua
1273 3281 1500 3336 dimissis
1527 3279 1834 3334 altrinsecus
1863 3281 2053 3334 monti-

461 3353 555 3406 bus
575 3352 792 3424 subjecti
821 3353 990 3424 campi
1018 3353 1378 3424 excipiuntur;
1408 3363 1463 3424 et
1492 3353 1573 3406 sic
1601 3367 1815 3420 quoque
1845 3353 1897 3405 itt
1924 3353 2055 3405 edit.

465 3423 777 3490 Angustam
828 3423 1046 3494 legitur,
1098 3423 1200 3478 nisi
1230 3425 1376 3494 quod
1412 3423 1482 3477 ibi
1511 3425 1744 3476 demissis
1770 3423 2060 3486 scribitur;

464 3496 769 3550 demittitur
794 3506 972 3550 autem
1009 3510 1184 3564 mons,
1229 3496 1316 3549 ubi
1347 3495 1548 3550 sensim
1572 3512 1599 3547 ιι
1629 3495 1913 3548 cacumine
1946 3510 2065 3548 ver-

467 3581 562 3621 sus
594 3565 870 3636 planitiem
900 3567 1177 3628 dilatatur,
1205 3565 1448 3620 dimissos
1479 3580 1611 3619 vero
1637 3574 1848 3619 montes
1879 3565 2063 3634 appel-

465 3639 582 3709 lare
630 3638 847 3693 videtur
874 3639 1097 3693 Orosius
1126 3652 1244 3705 eos,
1271 3638 1362 3708 qui
1395 3638 1572 3692 media
1603 3636 1921 3692 dividuntur
1951 3639 2070 3709 pla-

471 3708 611 3795 ιι
648 3722 808 3795 atque
854 3709 1205 3795 dirimuntur.

545 3783 631 3836 16.
686 3779 872 3836 Fuere.
933 3780 988 3836 In
1017 3781 1151 3836 edit.
1211 3780 1406 3851 prima,
1455 3779 1679 3836 Venetis
1727 3787 1781 3835 et
1824 3779 2060 3851 Hittorp.

468 3852 626 3922 fuisse
667 3855 984 3923 referuntur.

543 3926 628 3980 17.
677 3923 797 3979 Illa:
823 3924 1014 3994 ampla:
1037 3933 1085 3978 et
1114 3941 1334 3994 magiae.
1385 3923 1613 3990 Quidam
1639 3923 1794 3988 editi,
1826 3924 1932 3978 illic
1957 3941 2070 3978 ma-

468 4012 584 4066 gna:
627 4007 673 4050 et
719 3998 925 4064 t-tttpltv.
982 3997 1112 4051 Mss.
1164 3997 1334 4066 Lugd.
1363 3997 1502 4050 Batt.
1535 4011 1618 4066 pr.
1646 4003 1701 4050 et
1731 4004 1858 4050 tert.
1891 3996 1998 4050 illa:
2025 4006 2071 4050 et

468 4067 659 4131 ampla:
688 4079 734 4139 et
774 4085 988 4139 ntagna'.
1023 4069 1120 4122 Ed.
1154 4067 1294 4133 Aug.
1327 4069 1435 4122 illa:
1461 4079 1633 4121 autem
1660 4085 1708 4120 a.
1743 4069 1790 4121 et
1818 4083 1887 4120 nt.

547 4140 630 4193 13.
679 4138 759 4194 Ea:
807 4138 1126 4194 abundantia
1173 4142 1330 4203 enim,
1363 4152 1469 4194 etc.
1523 4140 1705 4192 Codex
1751 4153 1902 4192 meus
1931 4147 1978 4192 et
2007 4153 2074 4192 ea:

467 4209 703 4268 luxuria.
745 4211 849 4267 Sed
900 4211 1070 4280 Lugd.
1104 4212 1244 4267 Βιιι.
1281 4223 1511 4277 quatuor
1537 4212 1618 4264 sic
1663 4210 2073 4280 locumconsti-

471 4293 649 4343 luunt,
705 4283 786 4338 Ea:
833 4279 1152 4336 abundantia
1202 4284 1339 4336 enim
1389 4283 1613 4336 luxuria:
1643 4282 1794 4351 fwda:
1835 4279 2072 4336 libidines

469 4353 757 4409 adolevere.

543 4426 629 4480 19.
691 4425 1027 4480 Proruerent.
1080 4425 1154 4479 Ex
1189 4439 1322 4479 mss.
1368 4432 1425 4480 et
1450 4423 1636 4491 editis,
1687 4423 1906 4494 quidam
1950 4440 2074 4495 pro-

469 4506 703 4559 ruerunt,
737 4497 830 4551 abi
861 4497 1176 4566 prorucrint.

541 4566 633 4622 20.
678 4569 850 4634 Super
896 4569 1030 4620 hanc
1061 4576 1272 4620 (errant.
1325 4567 1659 4622 Postremam
1701 4579 1890 4620 vocem
1928 4566 2078 4622 delet

467 4639 600 4694 edit.
647 4642 816 4710 Aug.;
841 4654 995 4710 super
1021 4649 1212 4692 terram
1235 4639 1385 4692 illam
1415 4639 1545 4705 legit
1575 4652 1678 4692 ms.
1706 4636 1882 4705 Ultr.;
1913 4649 2076 4694 totum

471 4726 593 4763 mox
626 4726 723 4781 pro
753 4721 1012 4780 totamth
1041 4726 1144 4765 ms.
1190 4711 1358 4778 Lugd.
1393 4710 1511 4765 Bat.
1535 4718 1711 4774 quart.

539 4783 629 4836 21.
675 4781 900 4836 terna
924 4783 1207 4847 perditione
1232 4783 1517 4836 damnavit.
1543 4782 1931 4851 Transponunt
1949 4781 2070 4851 qui-

468 4851 592 4908 dam
632 4864 825 4908 arterna
872 4854 1137 4925 damnavit
1185 4854 1492 4924 perditione.
1537 4853 1644 4906 Pro
1667 4854 1953 4925 perditione
1977 4853 2068 4908 ed.

472 4925 644 4992 prima
697 4942 819 4979 cum
871 4939 973 4979 ms.
1033 4924 1173 4981 Ultr.
1225 4926 1558 4980 damnatione
1608 4924 1885 4981 exhibent.
1946 4925 2073 4980 Mox

465 4997 730 5065 quondam
761 4998 930 5068 forma
975 4996 1124 5053 Flor.
1163 5007 1290 5052 tert.

537 5069 630 5125 22.
677 5063 836 5139 Regio
880 5069 1087 5124 cineris.
1122 5069 1248 5124 Post
1288 5069 1402 5122 haec
1431 5068 1599 5124 verba
1630 5063 1854 5139 insignis
1881 5067 2077 5139 ,assuif

469 5148 557 5194 tttr
605 5137 798 5196 lacinia
842 5139 898 5194 in
940 5139 1178 5195 editione
1235 5143 1542 5207 Augustana
1585 5144 1710 5195 anni
1739 5137 1887 5196 147i
1934 5137 2076 5208 apud

469 5210 734 5266 Joannem
764 5212 1085 5278 Schuszler,
1118 5212 1204 5267 his
1233 5212 1408 5267 verbis
1439 5223 1700 5281 concepta
1729 5230 1741 5266 :
1769 5212 1793 5265 1
1805 5214 1893 5266 llic
1915 5227 2069 5284 poma

468 5284 684 5338 t'isentia
711 5295 760 5338 et
789 5285 1039 5354 formatos
1067 5300 1282 5339 uvarum
1326 5300 1575 5348 racemos,
1617 5293 1671 5338 ut
1700 5285 1969 5339 edentibus
1990 5283 2072 5352 gi-

465 5366 627 5424 gnant
664 5357 1029 5426 cupiditatem,
1077 5358 1122 5411 si
1153 5373 1368 5428 carpas.
1421 5357 1667 5428 fatiscunt
1713 5358 1769 5410 in
1823 5357 2066 5416 cinerem,

469 5433 768 5498 fumumque
807 5429 1054 5494 excitant,
1083 5427 1501 5498 quasi'ardeant.
1537 5427 1757 5490 Verum,
1791 5443 1912 5481 cum
1954 5427 2070 5479 hmc

469 5499 694 5553 totidem
747 5500 926 5552 verbis
969 5503 1022 5553 in
1053 5499 1356 5569 Hegesippo
1396 5500 1516 5570 (seu
1557 5500 1617 5554 S.
1650 5499 1939 5570 Ambrosio
1966 5512 2066 5566 po-

470 5570 598 5638 tius)
631 5571 989 5633 inveniantur,
1036 5571 1159 5625 inde
1187 5571 1494 5633 desumpta,
1543 5587 1648 5624 non
1681 5585 1810 5625 vero
1839 5569 1909 5623 ab
1936 5570 2075 5623 Oro-

471 5639 553 5692 sio
602 5641 837 5710 profecta
869 5656 1010 5704 esse,
1062 5641 1336 5695 videntur.
1386 5641 1669 5709 llegesippi
1709 5641 1862 5694 locus
1895 5647 2074 5694 exstat

477 5711 569 5762 lib.
624 5726 675 5764 tv
725 5727 846 5782 cap.
884 5713 947 5766 18
975 5713 1044 5767 de
1078 5712 1265 5767 Excid.
1317 5711 1678 5783 llicrosolym.
1719 5714 1931 5782 Species
1964 5711 2074 5766 illic

473 5783 539 5832 ad
567 5783 782 5852 speciem
811 5799 964 5854 poma
987 5783 1287 5846 viridantia,
1312 5784 1562 5851 [armatos
1583 5800 1796 5838 uvarum
1823 5798 2072 5852 racemos,

2160 2289 2216 2353 ut
2237 2279 2420 2353 edendi
2439 2287 2685 2353 generent
2717 2279 3063 2350 spectantibus
3091 2281 3450 2348 cupiditatem.
3477 2280 3536 2337 Si
3555 2298 3734 2353 carpas,

2160 2351 2406 2419 fatiscunt
2451 2366 2513 2403 ac
2551 2351 2880 2422 resolvuntur
2916 2355 2970 2405 in
3013 2353 3256 2416 cinerem,
3303 2359 3597 2422 fumumque
3618 2351 3736 2406 erci-

2162 2431 2292 2546 tanjt,
2315 2423 2476 2547 lquasi
2503 2421 2673 2476 adhuc
2695 2422 2934 2477 ardeant.
2982 2424 3089 2479 Pro
3114 2421 3407 2480 convallem
3430 2441 3548 2480 mox
3575 2425 3738 2479 vallem

2163 2510 2227 2548 co
2274 2534 2285 2546 .
2357 2510 2490 2548 t't‘lz.

2237 2566 2330 2620 25.
2371 2563 2550 2636 Tegat.
2594 2563 2698 2620 Ed.
2752 2566 2888 2637 Aug.
2937 2576 2991 2622 et
3033 2581 3165 2623 mss.
3218 2567 3396 2639 Lugd.
3429 2567 3563 2624 Batt.
3595 2584 3670 2639 pr.
3695 2575 3744 2623 et

2164 2646 2318 2700 tert.,
2350 2640 2494 2706 tegit.

2236 2709 2328 2782 24.
2373 2709 2690 2782 Tantumque
2734 2709 2797 2762 de
2836 2711 2986 2766 rebus
3019 2711 3096 2782 (ut
3119 2712 3359 2782 putatur)
3390 2711 3554 2780 parvis
3582 2710 3746 2764 divinat

2168 2781 2536 2854 indignationis
2584 2781 2732 2844 furor
2760 2799 3007 2854 accensus
3029 2780 3144 2854 est.
3174 2780 3349 2853 Vulgo
3379 2784 3586 2853 legitur,
3609 2781 3744 2854 judi-

2167 2853 2301 2904 cium
2340 2867 2609 2924 aceensam
2650 2863 2744 2906 est.
2777 2853 3000 2917 Vocem,
3040 2853 3328 2924 judicium,
3381 2855 3436 2908 in
3469 2853 3624 2908 nullis
3649 2869 3749 2907 ma.

2166 2923 2458 2984 nuserintis
2493 2924 2664 2990 reperi
2699 2942 2710 2976 :
2741 2925 2835 2979 St‘d
2870 2927 3010 2994 quod
3039 2923 3123 2978 est
3149 2924 3200 2978 in
3230 2927 3443 2992 optimo
3472 2925 3605 2979 libro
3632 2925 3747 2976 Cor-

2169 2995 2292 3048 nelii
2334 2993 2610 3050 Gualtheri
2655 2993 2895 3064 reposui.
2931 2997 3097 3051 Faun.
3140 3025 3212 3036 —
3239 2996 3564 3065 Tantumque
3599 2996 3659 3050 de
3679 3011 3749 3049 rc-

2167 3065 2290 3134 bus,
2336 3076 2390 3120 ut
2421 3076 2658 3140 putatur,
2704 3070 2895 3140 parvis,
2941 3068 3129 3122 divina:
3164 3068 3540 3140 indignationis
3591 3084 3752 3120 occen-

2165 3153 2283 3190 sam
2314 3148 2407 3192 est.
2449 3137 2503 3190 In
2549 3139 2866 3204 quibusdam
2902 3139 3052 3193 libris
3074 3147 3178 3204 est,
3201 3137 3469 3208 judicium
3499 3153 3747 3193 accensum

2165 3219 2274 3274 cst,
2324 3210 2473 3271 aliis,
2517 3208 2664 3277 {uror
2722 3227 2960 3266 accensus
3009 3221 3119 3272 est,
3161 3212 3322 3279 fquod
3377 3211 3594 3267 retinuit
3638 3223 3754 3275 quo-

2165 3295 2268 3352 que
2317 3281 2734 3336 Marcoduranus
2783 3300 2795 3334 :
2853 3292 2981 3352 puto
3013 3291 3303 3350 utrumque
3355 3299 3384 3336 a
3441 3283 3626 3337 scribe
3668 3297 3752 3335 eu-

2163 3351 2377 3420 jusdam
2417 3353 2748 3424 glossemate
2804 3351 2863 3408 in
2917 3365 3120 3408 textum
3171 3354 3482 3424 irrepsisse.
3533 3355 3751 3424 Quapro-

2172 3433 2288 3490 pter
2312 3423 2502 3477 Ltttiue
2537 3432 2591 3476 et
2620 3424 2919 3493 eleganter,
2947 3425 3172 3495 jubente
3197 3423 3364 3480 etiam
3395 3424 3587 3480 Colon.
3619 3423 3756 3477 endi-

2168 3508 2230 3548 ce
2256 3496 2412 3564 cjcei.
2439 3495 2626 3567 Laur.
2655 3525 2726 3536 —-
2759 3497 2936 3551 Etlitio
2967 3498 3210 3552 omnium
3238 3499 3415 3567 pritna
3447 3497 3623 3557 habet,
3651 3505 3756 3548 tau-

2169 3576 2372 3640 tumque
2410 3566 2474 3640 de
2501 3567 2648 3640 rebus
2682 3582 2698 3620 :
2731 3579 2784 3622 ut
2815 3578 3027 3640 putatur
3055 3584 3072 3621 :
3107 3566 3278 3638 parvis
3329 3569 3520 3623 dit-ina?
3542 3569 3760 3638 indigna-

2171 3638 2322 3691 tionis
2341 3639 2601 3708 judicium
2627 3638 2894 3692 accensum
2917 3650 3012 3694 est.
3046 3640 3322 3706 Secunda,
3357 3643 3477 3695 sive
3515 3641 3758 3707 Augusta-

2173 3725 2260 3775 na,
2287 3709 2456 3764 Lautii
2483 3725 2546 3763 ex
2581 3727 2681 3763 ms.
2709 3709 3016 3766 Coloniensi
3044 3713 3334 3767 lectionem
3361 3713 3521 3780 plane
3542 3711 3758 3768 exhibet;

2173 3781 2406 3848 llitlovp.
2437 3791 2495 3853 et
2525 3781 2804 3853 Bolsuing.
2836 3798 2957 3836 eum
2994 3781 3231 3848 Venetis,
3259 3799 3288 3836 a
3323 3782 3498 3853 prima
3532 3799 3632 3836 non
3665 3780 3764 3853 dis-

2170 3853 2388 3907 cedunt.
2435 3852 2580 3906 Inter
2629 3850 2770 3907 mss:
2809 3853 2945 3909 Ultr.
2991 3855 3138 3924 furor
3184 3850 3372 3919 habet,
3404 3867 3463 3910 ttt
3499 3865 3554 3910 et
3607 3850 3761 3920 Lugd.

2174 3923 2292 3978 Bal.
2357 3939 2469 3979 sec.
2515 3932 2572 3978 et
2609 3935 2730 3978 Iert.
2768 3927 2828 3978 At
2863 3923 3001 3981 inter
3033 3926 3384 3981 Florentinos
3423 3941 3534 3980 sec.
3567 3926 3642 3994 (in
3670 3935 3764 3992 quo

2172 3994 2458 4065 accessum)
2503 4003 2558 4050 et
2599 4004 2726 4051 tert.
2778 4009 2938 4066 atque
2984 3997 3124 4052 inter
3174 3998 3350 4067 Lugd.
3402 3999 3543 4052 Batt.
3576 3995 3762 4066 primus

2174 4083 2297 4120 cttrn
2333 4068 2684 4120 l’erizoniano
2727 4067 2971 4137 Mcoqtte.
3025 4069 3198 4124 latttii
3230 4068 3563 4125 cor-ﬁrmant
3592 4081 3761 4122 emcn-

2175 4138 2471 4193 dationem.
2523 4139 2760 4207 Eamque
2795 4139 3125 4195 locutionem
3157 4157 3280 4195 cum
3317 4142 3528 4196 librarii
3558 4154 3660 4192 non
3685 4152 3764 4189 ea.

2177 4219 2387 4280 pereat,
2419 4220 2801 4282 corruperunt,
2832 4211 2973 4282 unde
3001 4213 3053 4266 in
3091 4228 3192 4266 ms.
3228 4221 3428 4282 quarto
3463 4211 3631 4279 Lugd.
3662 4209 3766 4282 Bat.

2176 4281 2247 4356 ita
2274 4283 2578 4356 concipitur
2611 4298 2623 4334 :
2649 4280 2885 4356 Tamque
2915 4281 2978 4336 de
3000 4287 3148 4338 rebus
3179 4279 3257 4353 (ut
3275 4284 3578 4356 putabatur)
3608 4279 3768 4356 parvis

2177 4354 2351 4407 divina
2401 4353 2692 4423 indignatio
2737 4350 2954 4407 accensa
2999 4365 3090 4410 est.
3149 4350 3305 4421 Quod
3329 4350 3765 4423 seqttiturpqttpd

2179 4441 2285 4478 non
2343 4421 2614 4494 agnoscit
2643 4424 2816 4480 editio
2863 4425 3068 4496 prima,
3125 4442 3288 4498 quant
3332 4421 3770 4498 sequuntur'Ve-

2178 4508 2340 4552 ποια).

2248 4569 2340 4623 25.
2401 4567 2633 4621 Fructus
2693 4568 3186 4624 misericordiarum.
3257 4570 3468 4624 Omnes
3517 4565 3773 4624 editiones

2181 4641 2554 4709 turpissimum
2606 4638 2691 4693 hic
2738 4639 2936 4695 insedit
2982 4641 3260 4696 mendum.
3299 4641 3528 4711 Legitur
3555 4638 3694 4711 enim
3724 4635 3770 4689 itt

2027 4781 2038 4794 ο
2098 4731 2151 4792 D
2181 4713 2287 4767 illis
2336 4712 2534 4794 fructus
2573 4711 2916 4794 miseriarum.
2958 4712 3155 4794 Veram
3188 4709 3482 4794 lectionem
3525 4709 3773 4794 discimus

2174 4801 2242 4840 ex
2292 4780 2426 4838 mss.
2468 4781 2636 4852 Lugd.
2673 4780 2789 4836 Bat.
2822 4794 3038 4853 quarto,
3069 4784 3312 4854 Meoque.
3356 4783 3573 4854 Reliqui
3601 4791 3778 4854 omnes

2174 4864 2451 4924 receptum
2501 4851 2743 4908 errorem
2772 4851 2994 4920 errant;
3024 4865 3080 4909 et
3103 4851 3408 4921 saepissime
3441 4851 3661 4909 in'tnss.
3692 4851 3767 4903 ha:

2175 4942 2339 4982 voces
2391 4933 2799 4996 permutantur,
2845 4928 2988 4981 unde
3035 4926 3138 4981 hoc
3170 4927 3291 4981 loco
3322 4927 3379 4982 in
3415 4925 3663 4996 margine
3695 4936 3780 4977 eo-

2179 4999 2315 5054 dicis
2347 4996 2452 5052 mei
2476 4997 2789 5059 aserihitur,
2830 4998 2916 5050 Al.
2948 4998 3291 5052 miseriarum.
3326 5000 3478 5053 Bona
3508 5013 3640 5052 vero
3668 5006 3780 5062 qua!

2181 5070 2338 5126 nobis
2364 5070 2579 5125 caelitus
2609 5068 2953 5138 contingunt,
2979 5070 3282 5139 quibusque
3304 5069 3440 5125 mali
3470 5071 3780 5139 abutuntur,

2183 5087 2338 5126 nouis
2364 5087 2579 5125 euentus
2609 5087 2953 5138 coniungunt,
2979 5087 3173 5139 quibus
3217 5087 3282 5124 ue
3304 5087 3440 5125 tnutt
3470 5087 3780 5122 abutuntur.

2183 5158 2289 5198 non
2344 5139 2879 5213 suntmiseriarum,
2927 5143 3038 5213 sed
3066 5087 3281 5213 Dci?de
3315 5157 3430 5212 quo
3477 5134 3782 5213 hieagitur)

2179 5211 2669 5268 misericordiarnm
2718 5210 2946 5285 fruetus.
3004 5210 3258 5267 Voculam
3287 5210 3633 5285 et’prmeedit
3662 5221 3777 5264 mox

2177 5287 2490 5340 nutrimenta
2537 5286 2590 5336 in
2635 5299 2736 5337 tus.
2779 5283 2912 5338 Ultr.

2253 5357 2340 5411 2115.
2384 5355 2653 5430 Communi
2683 5355 2877 5430 periret
2907 5358 3162 5428 aspectui.
3197 5355 3369 5426 Lugd.
3423 5356 3571 5411 Batt.
3611 5367 3694 5424 pr.
3726 5356 3782 5430 et

2178 5438 2309 5484 tert.
2335 5429 2596 5480 communi
2618 5437 2788 5495 pereat
2810 5426 3076 5493 adspectu,
3102 5443 3214 5482 see.
3231 5438 3285 5482 et
3306 5437 3493 5498 quart.
3522 5426 3775 5498 committit

2179 5502 2367 5570 periret
2393 5492 2661 5570 adspectu.
2693 5497 2848 5552 Male.
2895 5492 3122 5554 Sueten.
3160 5501 3212 5554 in
3245 5492 3482 5568 Vespas.
3518 5512 3640 5568 cap.
3770 5507 3782 5544 :

2184 5565 2359 5639 Quare
2381 5565 2618 5644 princeps
2641 5585 2838 5638 quoque
2861 5579 2906 5644 et
2929 5571 3099 5624 locum
3121 5565 3563 5644 incunabulorum
3585 5565 3789 5644 assidue

2185 5633 2813 5713 frequentauit.{nianetitc
2838 5642 2982 5702 villa,
3006 5643 3173 5711 qualis
3195 5643 3361 5710 fuerat
3389 5643 3522 5696 olim
3545 5657 3564 5696 :
3586 5655 3648 5694 ne
3670 5633 3786 5706 quid

2181 5715 2373 5770 scilicet
2405 5713 2677 5769 oculorum
2702 5713 3065 5768 consuetudini
3087 5714 3363 5783 deperiret.
