4062 6340
280 333 386 391 705

1352 334 1826 396 lllSTORIARUM
1867 337 2069 397 LIBER
2109 341 2149 397 Ι.
2191 341 2344 400 CAP.
2389 341 2505 400 \‘ll.

3461 351 3566 412 706

277 468 375 510 nos
414 447 651 523 judicem
699 451 1030 508 saeculorum
1073 452 1414 510 ostendimus
1439 497 1454 522 ,
1501 463 1766 526 quantum
1815 456 1866 510 iu
1898 457 1944 516 A
1975 457 2276 514 Gothorum
2303 475 2489 527 enses,
2523 460 2562 492 ¹¹
2592 459 2637 514 si
2663 461 2998 518 concedatur
3022 463 3284 520 Romanis
3315 476 3566 536 spectare

273 548 403 619 ipsis
423 556 527 615 est,
553 553 709 618 sputa
735 546 1055 616 conjiciunt,
1079 545 1225 602 inter
1247 546 1542 603 Sodomam
1569 558 1620 603 et
1643 549 1868 604 Romam

271 643 583 698 diseernant
615 656 810 697 causas
832 682 848 709 ,
891 650 947 697 et
971 641 1255 697 conferant
1291 657 1479 712 pmnas
1525 661 1537 697 :
1574 659 1692 714 qua:
1724 661 1754 698 a
1786 662 1870 700 me

270 735 355 790 vel
385 733 614 789 maxime
642 734 713 790 ob
742 733 847 790 hoc
871 735 1236 790 retractanda:
1265 751 1371 790 nou
1401 746 1564 800 sunt,
1598 737 1720 806 quia
1751 755 1870 792 om-

270 828 432 884 nibus
462 836 606 882 notze
630 837 780 884 sunt.
811 827 877 882 Et
904 835 1085 884 tamen
1119 844 1281 900 quam
1310 828 1545 885 libenter
1569 835 1871 888 sententias

267 937 456 976 eorum
485 920 790 991 acciperem
819 962 834 987 ,
875 920 918 976 si
948 921 1024 976 illi
1060 920 1295 978 fideliter
1327 923 1397 978 ita
1427 933 1485 978 ut
1511 925 1749 980 sentiunt
1791 927 1868 982 ta-

267 1022 558 1069 terentur:
600 1014 614 1044 ¹
663 1028 988 1084 quamquam
1029 1012 1172 1084 quod
1212 1013 1282 1071 de
1327 1017 1669 1086 temporibus
1709 1018 1865 1073 Chri-

265 1106 467 1161 stianis
497 1107 518 1137 ²
550 1105 659 1160 rari
682 1147 698 1168 .
742 1116 796 1160 et
825 1105 927 1160 hoc
959 1106 1010 1160 in
1042 1106 1258 1178 angulis
1284 1107 1304 1139 ³
1333 1119 1672 1166 murmurent
1694 1152 1709 1178 ,
1757 1126 1862 1166 non

265 1214 439 1271 usque
463 1199 604 1255 adeo
628 1199 859 1255 moleste
880 1200 1262 1271 accipiendum
1285 1201 1306 1232 ⁸
1326 1212 1532 1273 putem,
1553 1219 1674 1260 cum
1701 1206 1866 1260 tetius

263 1291 450 1364 populi
474 1291 707 1347 Romani
739 1307 980 1348 consona
1001 1308 1156 1363 voce,
1191 1295 1418 1366 parique
1439 1294 1645 1367 judicio
1669 1313 1865 1354 sensus

260 1400 324 1442 ac
352 1401 538 1442 sermo
561 1387 581 1417 '
601 1387 673 1442 sit
701 1388 974 1456 cognitus.
1007 1386 1164 1444 Adeo
1189 1399 1370 1444 autem
1396 1389 1417 1420 ⁸
1440 1404 1608 1460 parvo
1629 1391 1863 1462 quodam

264 1490 319 1538 et
341 1480 450 1536 levi
482 1491 629 1536 motu
657 1481 939 1537 btesitasse
966 1496 1095 1552 erga
1127 1496 1187 1538 se
1208 1482 1228 1513 ⁷
1255 1498 1545 1553 parumper
1572 1494 1868 1540 consuetu-

259 1576 446 1632 dinem
475 1575 815 1642 voluptatum
848 1575 869 1606 ⁸
900 1573 1362 1630 iudubitatissime
1387 1573 1499 1647 44
1525 1585 1865 1633 contestatus

256 1681 376 1740 est,
404 1674 424 1705 ⁸
456 1681 514 1725 ut
543 1671 715 1726 libere
743 1669 1114 1726 ennclamaret
1139 1714 1154 1738 ,
1206 1670 1267 1724 Si
1296 1670 1544 1742 reciperet
1573 1669 1778 1726 Circum
1826 1667 1874 1704 ¹⁹

258 1765 394 1820 nihil
419 1780 531 1820 esse
560 1764 657 1820 sibi
685 1765 880 1835 factum
913 1779 932 1818 :
975 1762 1079 1820 hoc
1106 1771 1230 1830 est,
1277 1751 1414 1819 nihil
1455 1763 1634 1836 egisse
1675 1763 1864 1821 Roma:

1974 551 2282 607 Circenses.
2308 552 2348 583 ¹²
2374 551 2487 607 Nisi
2511 551 2650 609 tmte
2674 553 2744 624 (¹³
2768 562 2821 608 ιιι
2845 570 2904 611 se
2928 554 3095 610 habet
3115 556 3256 627 apud
3282 558 3568 628 plerosque

1977 644 2079 700 hoc
2108 647 2381 716 prz‘ccipue
2414 647 2684 719 tempore)
2715 648 2808 717 qui
2834 665 2903 704 ex
2938 649 3096 721 longa
3125 655 3312 724 requie
3341 654 3422 708 vel
3454 670 3569 723 par-

1980 752 2100 792 vam
2147 737 2187 768 “
2233 738 2486 794 obortam
2535 739 3002 810 sollicitudinem,
3049 744 3451 800 intolerabilem
3485 747 3566 800 la-

1976 831 2161 886 borem
2195 839 2406 901 putant,
2441 829 2485 864 ¹⁸
2519 832 2614 886 has
2644 833 3101 892 clementissimas
3126 837 3526 894 admonitiones
3554 857 3566 889 τ

1974 925 2169 994 quibus
2195 941 2385 981 omnes
2415 926 2708 998 aliquando
2736 927 2780 960 ³⁸
2804 929 3246 1001 perstringimur,
3275 932 3316 963 ¹⁷
3341 931 3568 988 aliorum

1975 1017 2348 1088 puuitiouibus
2361 1019 2504 1073 audit
2517 1021 2560 1074 is
2579 1019 2840 1091 lectisque
2857 1031 3182 1092 praeponunt
3197 1042 3206 1075 :
3223 1038 3359 1096 quos
3375 1024 3567 1079 saltem

1978 1112 2020 1144 ¹³
2046 1111 2113 1166 de
2141 1112 2241 1166 hoc
2268 1112 2388 1182 ipso
2418 1111 2563 1166 exitu
2605 1112 2969 1170 Sodomorum
2999 1123 3054 1170 et
3083 1114 3567 1185 Gomorrltmorum

1975 1218 2192 1266 moneo.
2211 1215 2267 1258 ιιι
2291 1205 2330 1238 ‘9
2350 1205 2559 1261 discere
2582 1215 2745 1274 atque
2767 1208 3074 1280 intelligere
3093 1218 3316 1280 queant,
3337 1211 3572 1281 qualiter

1975 1297 2116 1352 Deus
2141 1306 2462 1367 peceatores
2488 1299 2749 1369 punierit,
2777 1301 3013 1370 qualiter
3035 1303 3226 1373 punire
3248 1303 3419 1375 possit
3441 1321 3574 1376 qua-

1970 1391 2096 1446 liter
2125 1392 2415 1462 puuiturus
2446 1391 2538 1448 sit.

2491 1483 2601 1557 [ιε
2638 1483 2868 1542 CAPUT
2915 1487 3025 1544 vu.

1971 1575 2050 1632 De
2073 1574 2257 1649 prtulio
2283 1575 2415 1630 inter
2443 1574 2714 1649 Telchines
2742 1587 2788 1630 et
2823 1577 3131 1647 Carpathius
3158 1591 3206 1636 et
3233 1580 3569 1640 Phoronettm

2288 1664 2481 1719 regem.
2519 1645 2650 1701 Item
2687 1649 2750 1703 de
2791 1645 2987 1706 diluvio
3017 1650 3248 1708 Achaiar.

2041 1760 2182 1818 Ante
2252 1776 2426 1818 annos
2472 1762 2708 1819 condita“:
2736 1761 2901 1820 Urbis
2961 1781 3107 1822 uLxx
3141 1768 3152 1798 '
3185 1767 3474 1829 Telchines
3516 1781 3572 1829 et

1568 1899 2018 1956 IIAVERCAMPI
2057 1896 2287 1954 ΝΟΤᾸΕ.

327 1999 462 2056 Car.
498 1999 587 2055 Vl.
610 2029 682 2042 —
713 1999 773 2071 1.
812 1997 1140 2071 Quamquam
1163 1995 1320 2071 quod.
1347 1995 1438 2071 Sic
1460 2005 1640 2071 exstat
1663 1994 1714 2071 in
1741 1995 1857 2050 edi-
1892 1999 1937 2058 Β
1968 2001 2104 2071 Aug.
2145 1993 2352 2071 irouice
2384 1991 2455 2047 ita
2483 1991 2705 2049 exbibct
2726 1992 2870 2071 ,ASCtl
2899 1995 3034 2060 sola,
3067 2007 3123 2071 ut
3150 2013 3206 2052 se
3230 1998 3386 2054 habet
3414 2003 3569 2071 forti-

257 2073 406 2128 tione
431 2073 674 2126 omnium
700 2070 894 2141 prima,
915 2084 1088 2139 neque
1113 2068 1298 2123 dubito
1312 2067 1438 2138 quin
1465 2067 1658 2141 melius
1678 2067 1852 2141 locum

255 2161 417 2200 suum
442 2146 580 2199 tueri
607 2137 795 2214 possit,
825 2157 986 2212 quam
1004 2137 1171 2211 quid:
1203 2137 1345 2210 quod
1371 2139 1573 2210 passim
1599 2153 1698 2206 pro
1719 2137 1858 2209 quod

256 2216 602 2270 substituunt
625 2214 852 2283 reliqua:
874 2227 1086 2274 omnes,
1115 2221 1342 2279 excepta
1367 2216 1702 2283 Augustatia,
1740 2225 1860 2274 quae

258 2287 426 2342 liabet
451 2287 726 2359 quidquid,
748 2280 920 2341 sensu
947 2299 1052 2337 non
1085 2280 1667 2359 incommotlo.7Codex
1708 2283 1858 2337 Meus

256 2353 491 2430 quidem,
510 2369 567 2412 ut
586 2353 642 2413 et
664 2356 908 2430 Floreat.
937 2363 1066 2410 tert.
1091 2353 1308 2430 lnLug.
1334 2353 1475 2410 Batt.
1499 2369 1582 2422 pr.
1599 2363 1654 2410 et
1676 2361 1856 2424 quart.

260 2426 327 2484 Et
359 2447 669 2499 quamquam
696 2429 823 2498 quid
845 2427 906 2499 de
928 2426 1260 2495 temporibus,
1294 2436 1401 2482 etc.

328 2497 390 2556 2.
433 2501 562 2555 Rari
585 2519 605 2556 .'
631 2509 678 2554 et
708 2497 823 2554 hoc.
860 2498 1008 2553 Flor.
1045 2507 1200 2565 tert.,
1234 2513 1356 2551 raro
1387 2505 1441 2551 ut
1471 2497 1588 2553 hoc.

251 2575 258 2580 ’
331 2575 388 2629 5.
436 2573 782 2628 Murnturent.
815 2569 986 2636 Lugd.
1019 2569 1138 2624 Bat.
1165 2584 1276 2639 pr.,
1311 2579 1655 2626 murmurant.

330 2647 388 2700 4.
437 2643 644 2700 Putem.
680 2642 851 2714 Lugd.
883 2642 1000 2714 Bat.
1031 2648 1180 2705 tert.,
1218 2649 1475 2714 putemus.

335 2717 394 2788 5.
439 2716 522 2788 Sit
545 2716 803 2788 cognitus.
833 2713 1142 2788 Peri;.,‘est
1174 2713 1433 2788 cognitus.

333 2787 393 2842 6.
439 2782 860 2856 Parro'quodam
889 2793 934 2838 et
964 2783 1061 2838 levi
1093 2782 1253 2856 metu.
1284 2782 1432 2838 Edit.
1462 2799 1543 2854 pr.
1580 2782 1862 2856 etil’aris”

263 2859 412 2915 Adeo
435 2855 661 2928 quodam
688 2867 862 2912 autem
885 2871 1044 2928 parra
1065 2867 1112 2909 et
1137 2855 1236 2928 let'i
1257 2856 1590 2928 ntoltl._Edtl.
1617 2855 1862 2924 Veneta),

259 2941 316 2987 et
342 2926 584 3001 Hittorp.
609 2975 624 3000 ,
663 2929 832 2983 Parvo
859 2926 1085 3001 quodam
1116 2937 1164 2980 et
1193 2927 1300 3001 leni
1323 2926 1497 3001 modo.

335 3004 391 3059 7.
436 2997 727 3074 Parumper
756 2997 1207 3054 consuetudinem.
1251 2997 1583 3056 Membrana:
1613 3007 1820 3056 nostra:
1843 3037 1861 3066 ,

263 3075 386 3148 pari
411 3075 798 3148 consuetudine.

337 3144 390 3201 8.
440 3143 906 3198 lndubitatissime.
954 3139 1129 3214 Lugd.
1164 3140 1303 3214 Batt.
1335 3156 1442 3211 pr.,
1475 3150 1623 3210 tert.,
1653 3150 1864 3214 quart.,

260 3225 319 3273 et
350 3217 440 3272 ed.
479 3217 618 3286 Aug.
653 3217 738 3271 hic
769 3225 824 3268 et
855 3213 1052 3283 passim
1081 3212 1570 3286 ittdltbitantissime.

337 3288 391 3342 9.
442 3287 508 3342 Ut
539 3283 698 3342 libere
731 3285 1097 3340 conclamaret.
1153 3283 1302 3339 Flor.
1352 3294 1478 3341 tert.
1507 3327 1520 3351 ,
1575 3285 1660 3338 ubi
1710 3283 1867 3338 libere

263 3359 638 3416 conclmnaret.
672 3358 840 3428 Lugd.
871 3357 985 3411 Bal.
1011 3365 1216 3425 quart.,
1249 3365 1304 3410 ut
1335 3355 1494 3411 libere
1519 3357 1789 3411 clamaret.

341 3432 429 3487 10.
476 3430 626 3485 Nihil
655 3447 764 3486 esse
789 3430 886 3483 sibi
918 3430 1136 3500 factum.
1185 3428 1573 3499 Trausponuut
1603 3429 1690 3483 ed.
1722 3429 1860 3500 Aug.

261 3512 319 3558 et
354 3518 459 3559 ms.
487 3502 648 3565 Ultr.,
679 3501 811 3554 nihil
837 3500 933 3554 sibi
961 3515 1068 3552 esse
1093 3498 1309 3568 factum.

341 3575 434 3630 11.
474 3574 536 3629 Si
564 3575 895 3638 concedatur,
929 3569 1026 3624 lid.
1056 3586 1164 3639 pr.,
1198 3572 1241 3624 si
1273 3572 1658 3625 concederetur.

341 3645 431 3718 12.
476 3645 595 3718 lilisi
623 3647 779 3718 forte.
818 3643 1037 3718 Veneta:
1073 3652 1128 3718 e_t
1155 3640 1420 3712 Hittorp..
1457 3641 1610 3696 Nihil
1639 3643 1792 3718 forte:

342 3717 429 3774 15.
477 3715 545 3773 Ut
584 3712 636 3773 se
679 3715 829 3772 habet
873 3714 1013 3787 apud
1060 3712 1332 3786 plerosque
1370 3715 1708 3770 consuetudo.
1763 3712 1866 3769 Ed.

1967 2067 2090 2120 tudo
2114 2065 2547 2142 apudplerosque
2575 2080 2593 2118 :
2625 2068 2767 2135 quod
2808 2069 3174 2142 spernendum
3202 2085 3307 2124 non
3332 2065 3568 2142 videtur,

1967 2147 2188 2214 promer
2210 2136 2304 2214 illa
2330 2153 2450 2214 qum
2475 2147 2792 2214 sequuntur.
2817 2135 2877 2192 In
2905 2155 3005 2194 ms.
3030 2138 3180 2195 Flor.
3204 2158 3311 2198 sec.
3341 2155 3391 2199 et
3419 2135 3568 2214 lett;

1963 2218 2020 2263 ut
2050 2226 2102 2263 se
2131 2207 2280 2261 habet
2310 2207 2450 2279 apud
2475 2207 2765 2279 plerosque.

2035 2281 2124 2335 M.
2159 2278 2427 2333 Obortam.
2457 2279 2557 2334 Ms.
2578 2278 2744 2352 Ultr.,
2769 2281 3142 2352 obortamque;
3166 2297 3302 2339 mss.
3323 2283 3570 2344 Flurcul.

1965 2367 2077 2408 sec.
2114 2363 2167 2406 et
2200 2361 2351 2413 tert.,
2386 2367 2569 2419 parum
2599 2351 2856 2406 obortam.

2172 2421 2308 2500 llas.
2338 2420 2494 2500 Unus
2521 2437 2583 2500 οξ
2610 2423 2779 2500 Lugd.
2811 2425 2980 2490 Batt.,
3005 2434 3199 2481 tantas.
3227 2425 3379 2484 Flor.
3408 2440 3561 2500 tert.,

1966 2505 2138 2550 tantas
2163 2493 2318 2547 hasce
2346 2491 2794 2549 clementissintas.

2041 2567 2126 2622 16.
2170 2564 2619 2644 Perstringiutur._
2631 2564 2750 2644 _Ed._
2765 2582 2848 2638 pr.
2869 2567 3157 2644 _el_l’aris.,
3184 2570 3567 2644 restringinmr,

1965 2635 2568 2719 Aug.,_atlstringimur.
2602 2635 2700 2719 his.
2730 2635 2904 2710 Lugd.
2938 2640 3061 2696 Bal.
3094 2657 3175 2711 pr.
3197 2683 3214 2708 ,
3260 2635 3570 2718 constringi;

1965 2727 2102 2772 mur,
2138 2717 2292 2781 tert.,
2317 2717 2776 2781 constringuntur.

2040 2783 2128 2836 17.
2172 2778 2429 2862 Aliorum.
2465 2778 2710 2851 Ed.'pr.,
2760 2782 2944 2838 alienis
2968 2823 2984 2851 ,
3027 2790 3084 2838 et
3112 2797 3236 2839 mox
3263 2784 3351 2841 ed.
3389 2789 3521 2861 Aug.
3554 2837 3568 2862 ,

1971 2861 2300 2925 praeportant.

2041 2921 2248 2996 18η-οε
2277 2920 2539 2996 hocipso.
2594 2923 2694 2978 Ms.
2734 2921 2912 2996 Lugd.
2940 2924 3056 2980 Bat.
3105 2936 3288 2996 quart.
3317 2969 3332 2996 ,
3377 2947 3440 2985 ex
3474 2937 3570 2988 hoc

1968 2998 2101 3070 ipso.
2135 2993 2296 3070 Ultr.,
2325 2993 2403 3047 vel
2426 2993 2498 3070 rte
2528 2996 2622 3070 hoc
2648 2997 2784 3070 ipso.

2044 3065 2406 3140 l9._Discere.
2441 3066 2610 3140 Lugd.
2653 3067 2769 3122 Bat.
2804 3081 2914 3137 pr.,
2949 3076 3104 3134 tert.,
3133 3080 3337 3140 quart.,
3367 3072 3568 3127 discer-

1968 3157 2111 3195 nere.
2141 3137 2274 3205 Qua:
2309 3152 2437 3191 vero
2468 3137 2539 3193 in
2564 3138 2667 3194 hoc
2699 3141 2879 3210 capite
2913 3137 3215 3210 disputavit
3241 3141 3463 3197 Orosius
3505 3150 3572 3203 de

1971 3211 2232 3280 temporis
2263 3209 2342 3262 sui
2375 3212 2734 3277 perversitate
2761 3209 2781 3275 ,
2817 3225 2926 3282 qua
2969 3212 3126 3266 ludos
3155 3213 3426 3269 circenses
3455 3259 3468 3282 ,
3516 3236 3570 3274 tn

1972 3284 2172 3353 quibus
2200 3281 2570 3350 aurigationes
2595 3319 2610 3344 ,
2653 3281 3082 3354 venationesque
3110 3299 3300 3354 magna
3333 3302 3454 3341 cum
3490 3291 3572 3344 in-

1974 3355 2127 3408 srinia
2161 3356 2572 3422 spectabantur,
2603 3353 2739 3407 adeo
2771 3369 2896 3408 vera
2922 3365 3070 3420 sunt,
3096 3364 3154 3409 ιιι
3175 3372 3200 3408 a
3225 3354 3567 3417 Constantini

1972 3427 2144 3493 Magni
2177 3425 2537 3493 temporibus,
2572 3435 2626 3478 et
2667 3424 2889 3480 Honorii
2933 3425 3207 3496 prtecipue
3237 3438 3418 3488 :etate.
3455 3432 3561 3485 iui-

1972 3511 2160 3552 mensa
2194 3499 2278 3550 vis
2309 3512 2654 3550 nummorum
2685 3500 3157 3552 eoutoruiatorum
3188 3513 3340 3565 cusa,
3377 3501 3446 3554 ho
3474 3508 3565 3555 tit-.-

1971 3585 2077 3638 que
2101 3568 2347 3642 stultitia:
2371 3569 2494 3642 ejus
2513 3567 2665 3642 testis
2687 3569 2908 3642 existat,
2937 3567 3083 3639 quod
3107 3570 3190 3623 vel
3217 3585 3357 3624 unus
3378 3586 3573 3642 arguat

1975 3642 2061 3694 hic
2084 3657 2144 3694 ex
2173 3639 2455 3694 Thesauro
2481 3640 2669 3708 llegio,
2705 3639 2757 3693 in
2781 3655 2886 3709 quo
2912 3649 3138 3709 propter
3163 3639 3568 3709 reparatiolem

1976 3713 2220 3768 muneris
2253 3712 2450 3767 invicta
2482 3710 2655 3766 Roma
2686 3718 2742 3766 et
2769 3711 2899 3766 felix
2924 3711 3196 3782 judicatur
3225 3715 3475 3770 Senatus.

1472 3915 1776 4204 ea
2247 3957 2992 4194 @NWNJSM:
3162 3970 3175 3985 '

855 4174 952 4260 s-
2473 4182 2537 4266 d,
2607 4201 2730 4266 Γ,
2856 4174 2858 4177 ,

781 4461 879 4496 νει
1018 4426 1125 4492 ὅ)
1154 4406 1337 4511 Qui,
1824 4449 1834 4478 ς
1919 4417 2035 4474 -
2181 4436 2208 4462 λ
2308 4436 2388 4505 J-
2432 4480 2485 4491 ἐκ
2552 4426 2636 4501 «3....

852 4636 1538 4958 ·
1626 4713 1761 4845 εδ
2083 4757 2086 4761 λ
2193 4592 3088 4887 te

1158 4908 1213 4926 ””
1338 4878 1416 4938 λ
2280 4877 2992 5021 “(or

337 5184 473 5238 CAP.
525 5178 805 5237 Vll.—-l.
847 5178 1118 5234 Telchines
1145 5187 1194 5233 et
1216 5175 1512 5249 Carpathii.
1559 5176 1863 5249 Telchines,
1891 5179 1938 5243 C
1974 5178 2212 5234 Vetusta:
2251 5177 2522 5235 editiones
2563 5179 2788 5249 nomina
2830 5181 2948 5238 haec
2979 5183 3060 5240 sic
3101 5183 3355 5239 eli‘erunt.
3399 5181 3576 5238 Prima

269 5272 378 5312 non
411 5251 695 5315 Telchises,
727 5252 848 5306 ideo
869 5252 1210 5318 scripsimus,
1237 5245 1386 5321 quod
1407 5247 1477 5303 ab
1498 5245 1583 5304 his
1609 5245 1863 5306 Rhodum

271 5334 590 5395 occupatam
617 5323 847 5395 Orosius
882 5323 1065 5395 statim
1107 5321 1469 5395 scr_ibat_:_qui
1501 5331 1682 5395 autem
1719 5321 1870 5376 Rbo-

271 5391 787 5463 dum'occuparunt,
816 5394 852 5450 ii
881 5409 908 5446 a
941 5393 1147 5449 Graecis
1178 5391 1459 5463 Telchines
1490 5391 1769 5461 dicuntur,
1801 5395 1876 5450 de

270 5471 469 5538 quibus
516 5461 715 5533 praeter
753 5461 1078 5522 Strabonem
1137 5464 1403 5538 Diodorus
1444 5461 1593 5538 libro
1649 5467 1875 5538 quinto,

272 5533 360 5601 {vis
377 5539 433 5596 δὲ
461 5545 616 5612 νῆσον
645 5543 743 5612 τὴνγ
759 5539 1130 5612 ὀνομαζομένην
1152 5533 1315 5612 Ῥῥδ-ον
1328 5535 1630 5612 ξατῲιςησαγ
1647 5537 1692 5591 oi
1711 5559 1882 5612 προστ

276 5605 939 5688 αγορευόμενοιςιίελχῐῄςς,
969 5605 1018 5662 td
1053 5616 1164 5688 est...
1199 5605 1880 5688 Rhoduminsulam‘érimi

274 5674 550 5738 tenuerunt
576 5681 664 5750 qui
701 5674 966 5734 Telchines
993 5678 1345 5751 appellantur.
1372 5675 1429 5751 I_n
1453 5674 1679 5751 Eusebii
1703 5674 1876 5751 Chro-

273 5757 395 5810 nico
426 5757 542 5806 inec
564 5744 652 5806 res
685 5752 757 5806 ita
788 5744 1071 5818 descripta
1093 5751 1294 5813 legitur
1326 5764 1339 5800 :
1371 5744 1642 5818 Teltaphis
1665 5759 1712 5802 et
1744 5748 1874 5804 Car-

271 5826 399 5879 satis
420 5827 669 5878 adversus
703 5817 1031 5879 l’horoneunt
1058 5832 1103 5874 et
1133 5818 1446 5874 Parrhasios
1468 5817 1742 5875 inatituunt
1765 5821 1874 5876 bel-

275 5899 402 5954 lum.
433 5895 490 5954 lu
521 5909 630 5950 uno
659 5895 1050 5969 manuscripto,
1090 5891 1313 5951 Carsatii
1358 5889 1577 5964 legitur.
1611 5891 1775 5952 Fana.
1801 5923 1868 5938 --

1973 5262 2030 5306 et
2061 5250 2287 5317 August.
2316 5260 2371 5304 et
2393 5249 2570 5306 Paris.
2606 5248 2866 5306 Thelcises
2906 5261 2952 5308 ct
2979 5254 3261 5310 Carsathii.
3295 5254 3424 5308 llitt.
3457 5271 3578 5307 ('tttlt

1975 5322 2226 5396 Yenctis,
2255 5321 2522 5396 T_elchises
2550 5331 2598 5377 et
2629 5321 2922 5396 Qarpathii.
2959 5338 3014 5380 et
3053 5329 3138 5382 sic
3165 5342 3382 5396 quoque
3417 5326 3580 5379 habet

1979 5393 2259 5462 Bulsuing.
2295 5393 2439 5448 Inter
2464 5409 2596 5448 mss.
2629 5393 2780 5448 Flor.
2813 5410 2951 5462 sec.,
2985 5393 3242 5451 Thelcis'es
3269 5393 3316 5450 et
3340 5397 3580 5461 (Σιινὶηηί,

1981 5473 2137 5535 tert.,
2173 5463 2434 5519 Tltelcises
2459 5473 2509 5519 et
2541 5464 2815 5536 Chariatii.
2855 5466 3028 5536 Ultr,,
3066 5467 3237 5536 Lugd.
3282 5471 3422 5521 Batt.
3459 5485 3537 5536 pr.
3561 5507 3576 5529 ,

1989 5546 2146 5602 tert.,
2187 5544 2396 5605 quart.,
2428 5537 2578 5591 Meus
2608 5545 2664 5591 et
2695 5535 2871 5592 Periz.
2913 5553 3128 5601 omnes.
3154 5535 3440 5603 Telchises,
3484 5540 3578 5593 SN.

1987 5608 2041 5663 in
2073 5610 2140 5664 iis
2185 5623 2282 5679 pro
2311 5605 2605 5679 Carpathii,
2641 5623 2724 5677 pr.
2755 5618 2811 5679 et
2859 5618 3010 5677 tert.,
3060 5608 3324 5675 Carthasi,
3368 5626 3478 5664 see.
3526 5617 3583 5664 et

1982 5679 2145 5744 Ultr.,
2180 5678 2460 5742 Carsathii,
2492 5689 2695 5749 quart.,
2735 5678 3083 5734 Cartharassi.
3112 5681 3284 5746 Meus,
3309 5680 3573 5748 Charinvi,

1979 5751 2178 5818 Periz.,
2208 5750 2533 5805 Charruthii.
2571 5750 2737 5821 [lecte
2771 5759 2950 5806 tamen
2985 5752 3136 5821 prius
3159 5769 3356 5808 nomen
3394 5753 3578 5808 Fabii-

1974 5821 2368 5895 ciusmutavit
2413 5822 2468 5877 in
2525 5820 2825 5895 Telchines,
2882 5820 3025 5892 quod
3081 5825 3316 5879 servavit
3364 5839 3582 5895 qttnqtt.

1975 5894 2143 5968 Lugtl.
2177 5894 2292 5950 Bai.
2328 5908 2438 5953 sec.
2466 5902 2521 5951 et
2554 5893 2606 5951 iu
2642 5891 2817 5964 primo
2849 5891 3285 5971 superscriptum
3315 5891 3428 5954 voci
3456 5894 3580 5955 γει.
