4062 6340
269 295 370 355 7'21
1332 299 1810 361 IIISTORIARUM
1850 301 2055 360 LIBER
2093 302 2133 360 I.
2176 302 2330 359 CAP.
2371 302 2512 360 XIII.
3465 304 3571 363 722

266 411 486 482 occidit,
512 420 669 487 pater
690 413 949 471 comedit.
976 412 1233 472 iniisdem
1262 417 1601 489 temporibus
1629 418 1863 474 Perseus
1891 420 1943 484 Α
1969 415 2091 473 liari
2117 415 2389 473 lenocinio
2410 430 2778 489 prmparasse,
2803 417 2898 490 qui
2934 417 3111 490 ipsum
3142 433 3362 492 quoque
3396 421 3570 477 ﬁlium

266 522 301 563 a
322 504 528 563 Grmcia
556 507 612 562 in
638 505 828 563 Asiam
857 513 900 546 ιι
932 515 1278 564 transvectus
1304 518 1409 576 est,
1469 508 1544 564 ibi
1602 508 1866 565 barbaras
1969 510 2226 582 Pelopem
2248 512 2425 577 epulis
2449 510 2568 581 ejus
2598 526 2706 567 non
2739 511 3002 567 dubitarit
3022 512 3358 584 impendere.
3381 513 3572 571 Taedet

264 608 458 670 gentes
484 594 1027 671 gravidiuturnoque
1049 599 1197 657 bello
1227 600 1460 671 domuit,
1484 611 1535 657 ct
1570 601 1868 659 novissime
1969 602 2136 662 etiam
2181 605 2354 674 ipsius
2384 603 2605 676 Pelopis
2649 615 2843 660 contra
2886 604 3200 661 Dardanum
3239 614 3406 677 atque
3431 604 3576 661 Tro-
3606 610 3611 613 ’

266 694 444 748 victor
470 709 666 749 nomen
710 693 972 765 subjecta:
1000 694 1151 766 genti
1181 693 1332 753 dedit
1364 712 1378 751 :
1409 709 1532 750 nam
1581 709 1611 750 a
1664 693 1868 752 Perseo
1967 698 2152 769 janos,
2195 698 2503 770 quamlibet
2547 713 2746 770 magna
2791 698 3003 756 referre
3039 699 3341 756 certamina
3378 717 3392 754 :
3422 714 3572 772 quae,

265 787 451 845 Persa:
478 797 522 828 η
550 790 679 845 ‘sunt
716 789 918 845 vocati.
1971 790 2096 859 quia
2124 791 2177 845 in
2210 790 2410 845 fabulis
2450 789 2720 846 celebrari
2748 793 2769 825 θ
2793 790 2960 847 solita
3007 799 3170 859 sunt,
3206 791 3575 862 negligcntius

871 884 1103 943 CAPUT
1142 884 1263 942 XII.
1973 880 2018 913 ¹⁰
2043 881 2363 937 audiuntur.
2398 881 2491 936 Illa
2521 897 2744 953 quoque
2776 882 2817 913 “
2852 891 3142 952 praetereo,
3181 898 3302 954 quae
3341 883 3408 939 de
3432 882 3574 959 Per-

322 979 601 1054 Congeries
632 979 914 1035 multorum
936 980 1234 1050 facinorum
1265 996 1358 1050 per
1387 979 1812 1053 prwleritionem.
1972 989 2093 1045 seo,
2128 976 2173 1008 "
2197 974 2424 1041 Cadmo,
2449 975 2763 1042 Thebanis,
2793 974 3187 1047 Spartanisque
3214 989 3313 1046 per
3347 974 3578 1031 inextri-

335 1075 410 1130 At
438 1089 539 1143 ego
570 1089 714 1129 nunc
745 1088 914 1145 cogor
967 1072 1132 1129 fateri
1185 1090 1272 1130 me
1323 1073 1696 1145 prospiciendi
1747 1073 1872 1129 linis
1973 1069 2181 1126 cabiles
2222 1069 2617 1126 alternantium
2671 1069 2944 1141 malorum
2992 1070 3036 1102 ³³
3068 1083 3351 1137 recursus,
3397 1069 3575 1125 Palm-

261 1167 554 1225 commodo
580 1167 649 1223 de
689 1176 836 1222 tanta
896 1166 1163 1222 malorum
1210 1167 1394 1223 saeculi
1454 1165 1871 1224 circumstantia
1975 1163 2143 1235 phato
2169 1163 2475 1232 scribente,
2499 1162 2841 1219 referuntur.
2876 1163 3057 1220 Taceo
3086 1162 3290 1233 ﬂagitia
3319 1161 3578 1219 Lemnia-

261 1260 553 1334 prazterire
582 1260 1047 1331 plurima,cnneta
1072 1259 1338 1317 breviare.
1362 1258 1871 1330 Nequaquamcnim
1977 1257 2145 1325 dum,
2203 1255 2570 1327 praetermitto
2620 1255 2916 1312 Pandionis
2967 1256 3384 1313 Atheniensium
3429 1257 3575 1328 regis

263 1364 376 1410 tam
412 1355 638 1411 densam
685 1352 976 1423 aliquando
1006 1353 1204 1411 silvam
1246 1352 1597 1425 praetergrcdi
1632 1366 1871 1424 possem,
1975 1350 2019 1382 η
2049 1350 2291 1407 flebilem
2344 1349 2560 1422 fugam;
2599 1347 2754 1407 Atrei
2799 1359 2855 1407 et
2900 1350 3159 1423 Thyestis
3198 1350 3346 1418 odia,
3379 1360 3573 1422 stupra

262 1447 370 1502 nisi
390 1448 553 1503 etiam
581 1443 1082 1504 crebrisinterdum
1111 1443 1873 1501 saltibussubvolarem.Nam
1979 1445 2025 1476 ’⁸
2072 1454 2128 1500 et
2175 1444 2491 1515 parricidia,
2539 1445 2680 1502 erelo
2726 1460 2946 1517 quoque
3001 1446 3205 1514 invisa,
3259 1446 3569 1503 dissimulo.

260 1555 391 1597 cum
420 1556 645 1612 regnum
674 1541 1019 1613 Assyriorum
1051 1552 1148 1609 per
1197 1554 1337 1595 acu
1385 1553 1557 1594 annos
1598 1552 1768 1610 usque
1807 1537 1876 1594 ad
1978 1535 2187 1594 Omitto
2211 1536 2548 1610 “OEdipum
2580 1537 2986 1594 interfectorem
3018 1540 3210 1609 patris,
3234 1541 3428 1595 matris
3460 1554 3576 1595 ma-

260 1631 833 1704 Sardanapalum,per
857 1630 1242 1704 quinquaginta
1279 1630 1671 1703 propemodum
1720 1645 1878 1702 reges
1946 1630 2166 1700 'ritum,
2202 1633 2444 1689 filiorum
2473 1633 2719 1701 fratrem,
2752 1632 3004 1687 vitricum
3038 1647 3213 1687 suum.
3241 1631 3399 1688 Sileri
3433 1633 3581 1688 malo

261 1735 451 1783 actum
480 1726 573 1791 sit,
602 1735 658 1783 et
686 1740 981 1796 numquam
1009 1739 1153 1797 pene
1182 1724 1268 1781 vel
1294 1723 1592 1782 inferendis
1618 1724 1705 1781 vel
1733 1725 1880 1782 exci-
1982 1723 2261 1780 Eteoclem
2309 1724 2420 1796 62
2466 1733 2628 1794 atque
2673 1722 2991 1795 Polynicem
3046 1721 3249 1778 mutuis
3298 1722 3578 1779 laborasse

263 1819 484 1891 picndis
505 1821 611 1894 61
642 1833 817 1890 usque
862 1819 917 1874 in
970 1818 1024 1874 id
1070 1829 1285 1889 tempus
1335 1818 1492 1876 bellis
1521 1819 1537 1851 ¹
1565 1818 1861 1890 quieverit,
1899 1816 2356 1883 Bconcursibus,
2397 1834 2466 1873 ne
2515 1817 2639 1887 quis
2684 1833 2874 1873 corum
2923 1816 3196 1888 parricida
3242 1831 3351 1873 non
3405 1827 3577 1873 esset.

260 1914 390 1985 quis
414 1912 539 1969 finis
567 1914 897 1984 reperietur,
932 1912 976 1968 si
1018 1925 1082 1967 ea
1124 1925 1562 1968 commemorare
1591 1913 1612 1944 ³
1643 1926 1869 1969 cnumc-

260 2007 466 2077 rando,
497 2007 519 2039 ³
546 2014 607 2063 ιιι
631 2021 738 2063 non
761 2006 940 2064 dicam
970 2005 1359 2073 describenda,
1387 2006 1685 2063 conemur?
1726 2020 1868 2077 pra:-

260 2101 459 2158 scrtim
490 2116 613 2159 cum
639 2111 693 2158 ct
721 2100 743 2132 ⁸
764 2099 1083 2157 Graecorum
1113 2100 1495 2172 praetereunda
1517 2116 1625 2156 non
1652 2100 1781 2163 sint,
1809 2111 1867 2157 et

260 2190 666 2259 Romanorum,
722 2192 813 2248 vel
861 2191 1098 2248 maxime
1141 2192 1163 2224 ⁸
1191 2190 1528 2248 rccensenda
1565 2191 1698 2248 sint.
1754 2189 1867 2247 Nec

263 2283 405 2339 milii
438 2297 584 2339 nunc
625 2297 956 2340 enumerare
1001 2297 1137 2353 opus
1180 2290 1268 2339 est
1293 2281 1509 2339 Tantali
1556 2289 1612 2339 et
1648 2281 1864 2352 Pelopis

261 2374 408 2431 facta
462 2372 665 2445 turpia,
698 2374 720 2406 ⁸
760 2373 975 2431 fabulas
1022 2373 1296 2443 turpiores
1349 2390 1363 2428 :
1404 2387 1638 2443 quorum
1668 2374 1689 2404 "
1717 2371 1865 2428 Tan-

260 2468 414 2525 talus
440 2484 538 2525 rex
568 2468 931 2541 Plirygiorum
954 2467 1326 2541 Ganymedem
1348 2465 1532 2535 Trois,
1564 2465 1868 2523 Dardanio-

259 2576 386 2618 rum
419 2561 566 2633 regis
589 2560 784 2629 filium,
814 2574 937 2616 cum
970 2558 1398 2632 ﬂagitiosissime
1429 2559 1868 2630 rapuisset,'ma-

252 2652 381 2724 jore
418 2654 666 2710 conserti
718 2653 1038 2710 certaminis
1081 2653 1333 2710 fmditate
1379 2651 1637 2718 detinuit,
1674 2652 1868 2708 sicut8

259 2744 572 2802 Pbanocles
618 2754 779 2817 poeta
831 2745 1139 2814 confirmat,
1184 2744 1277 2816 qui
1332 2745 1624 2801 maximum
1666 2745 1866 2801 bellum

259 2841 569 2896 excitatum
607 2839 679 2896 ob
720 2839 825 2896 hoc
871 2839 1040 2896 fuisse
1092 2847 1493 2895 commemorat
1535 2854 1550 2892 :
1587 2836 1702 2894 sive
1743 2837 1868 2908 quia

260 2931 416 2989 hunc
447 2933 626 3004 ipsum
657 2932 970 3000 Tantalum,
1000 2941 1192 3004 utpote
1213 2933 1480 2990 asseclam
1510 2933 1761 3002 deorum,
1790 2932 1870 2989 vi-

260 3025 387 3084 deri
408 3025 528 3083 vult
553 3036 771 3099 raptum
813 3041 1041 3100 puerum
1083 3025 1151 3083 ad
1199 3024 1482 3083 libidinem
1506 3025 1661 3084 Jovis
1700 3026 1869 3084 fami-

1973 1910 2118 1968 Nolo
2164 1909 2482 1965 meminisse
2512 1910 2554 1941 ¹⁷
2584 1909 2788 1966 Medeae
2829 1925 3020 1965 amore
3062 1924 3209 1965 saevo
3255 1908 3477 1976 sauciae,
3521 1918 3580 1965 et

1974 2005 2264 2075 pignorum
2293 2002 2650 2074 parvulorum
2681 2002 2832 2058 crede
2872 2001 3184 2075 gaudentis,
3221 2010 3277 2060 ct
3311 2002 3577 2074 quidquid

1981 2095 2092 2152 illis
2121 2095 2458 2167 temporibus
2490 2103 2857 2166 perpetratum
2883 2096 3083 2166 conjici
3110 2096 3272 2151 datur
3300 2113 3313 2150 :
3343 2095 3577 2167 qualiter

1981 2188 2233 2245 homines
2275 2189 2320 2222 ¹⁸
2347 2189 2742 2258 sustinuerint,
2786 2189 2931 2261 quod
2977 2191 3144 2247 etiam
3181 2197 3329 2244 astra
3367 2186 3576 2259 fugisse

1975 2281 2252 2339 dicuntur.

2566 2373 2798 2432 CAPUT
2838 2372 2982 2431 XIII.

1972 2468 2242 2527 Certamen
2272 2468 2407 2525 inter
2436 2467 2703 2526 Cretenses
2742 2477 2790 2524 et
2830 2466 3197 2535 Athenienses,
3236 2463 3490 2537 Lapithas
3524 2475 3576 2522 et

2632 2539 2930 2596 Thessalos.

2050 2657 2068 2689 ί
2097 2657 2258 2714 Anno
2301 2664 2431 2711 ante
2458 2653 2651 2711 urbem
2681 2650 2957 2709 conditam
2984 2666 3089 2707 nu
3119 2652 3140 2683 ³
3163 2648 3576 2706 atrocissimum

1976 2747 2118 2805 inter
2158 2746 2461 2803 Cretenses
2494 2752 2551 2800 et
2589 2744 2959 2799 Athenienses
2999 2754 3282 2797 certamen
3311 2741 3412 2795 fuit
3440 2758 3455 2795 :
3485 2741 3578 2797 ubi

1976 2842 2193 2914 populis
2225 2842 2502 2911 utrimque
2532 2838 2829 2895 infeliciter
2863 2833 3165 2907 profligatis
3193 2822 3573 2891 cruentiorem

1976 2936 2264 2993 victoriam
2322 2932 2622 2990 Cretenses
2670 2938 3038 2988 exercuerunt
3088 2946 3103 2985 :
3153 2930 3245 2999 qui
3307 2928 3573 2984 nobilium

1975 3030 2392 3090 Atheniensium
2418 3029 2558 3085 filios
2587 3025 2919 3093 Minotauro,
2948 3031 3129 3080 utrum
3150 3022 3172 3054 ³
3196 3024 3315 3079 fero
3334 3021 3565 3088 homini,

1557 3166 2013 3226 HAVERCAMPI
2050 3168 2285 3226 ΝΟΤέΕ.

346 3285 434 3341 ιο.
461 3284 656 3341 Iisdem
675 3284 990 3358 temporibus
1040 3282 1300 3358 Perseius
1320 3282 1556 3358 Perseus
1576 3282 1759 3358 __.lo_vis
1787 3292 1869 3358 _ct
1896 3284 1943 3347 C
2049 3283 2104 3358 9.
2138 3282 2313 3358 solita
2341 3290 2483 3338 sunt.
2513 3279 2719 3358 Periz.,
2748 3278 2931 3358 8_0_lent.

268 3357 487 3413 Danaes
539 3357 685 3413 filius
731 3354 1007 3427 profectus
1064 3356 1131 3410 ad
1171 3355 1452 3427 Cepheum
1497 3354 1613 3410 lleli
1654 3354 1870 3427 F._cjns

269 3428 440 3483 filiam
470 3425 873 3485 Andromedam
908 3442 1143 3482 uxorem
1173 3426 1355 3490 duxit,
1387 3442 1452 3482 ex
1493 3441 1670 3494 eaque
1701 3425 1869 3480 filium

269 3500 482 3555 Persen
513 3500 758 3568 sustulit,
783 3515 812 3554 a
844 3514 955 3570 quo
975 3498 1182 3564 Persae,
1206 3497 1296 3569 qui
1312 3507 1483 3570 antea
1506 3496 1790 3570 Cephenes
1819 3507 1875 3553 et

268 3571 445 3627 Artzei
467 3567 905 3641 appellabantur,
963 3584 1164 3627 nomen
1190 3567 1372 3625 sortiti
1404 3577 1555 3625 sunt.
1585 3567 1872 3626 ’llcrodot.

269 3640 375 3698 lib.
402 3657 498 3697 vn.
530 3641 696 3698 FLBB.

292 3657 375 3697 ΙΙ).
402 3657 498 3697 VII.
530 3657 696 3698 ιτηιι.

350 3713 443 3770 ιι.
476 3712 820 3769 Transvectus
849 3721 943 3769 est.
992 3711 1274 3767 Postrema
1319 3725 1456 3768 voce
1482 3710 1609 3767 auxi
1664 3727 1732 3768 ex
1777 3730 1875 3772 sex

270 3785 367 3858 vel
398 3794 788 3858 septem_m_s_s.,
812 3783 953 3858 bleo,
974 3784 1177 3858 Pe_riz.,
1196 3779 1336 3839 Ultr.
1361 3791 1417 3838 et
1437 3791 1669 3854 quatuor
1701 3784 1872 3858 Lugd.

277 3856 428 3912 Batt.
451 3854 555 3912 Pro
580 3856 651 3910 ibi
678 3854 819 3911 Ultr.
842 3854 975 3925 legit
1002 3855 1109 3909 ubi.

351 3927 445 3983 12.
477 3926 614 3984 Sunt
635 3928 821 3982 vocati.
848 3923 940 3980 Sic
981 3926 1035 3980 in
1062 3923 1310 3996 plurimis
1335 3938 1468 3996 mss.
1503 3923 1677 3995 Lugd.
1708 3926 1876 3993 Batt.;

279 4006 467 4069 quart.
492 4008 611 4053 sunt
635 3998 800 4063 delet,
828 4005 891 4052 ut
918 3995 1088 4069 eted.
1124 4002 1260 4065 Aug.
1286 3995 1456 4069 Lugd.
1484 3996 1601 4069 flat.
1648 4012 1730 4066 pr.
1752 4015 1881 4053 nam

280 4066 317 4123 ἁ
330 4068 545 4135 Perseo,
560 4079 665 4126 etc.
687 4069 792 4125 Pro
803 4069 967 4123 vocati
986 4067 1187 4123 habent
1204 4066 1412 4121 vocitati
1438 4067 1593 4122 editt.
1610 4071 1878 4137 quaedam.

353 4141 631 4224 φιλίη-ΧΠ.
657 4172 729 4183 —
751 4142 803 4197 1.
838 4139 1120 4208 Quisverit.
1149 4138 1325 4210 Lugd.
1356 4137 1503 4194 Batt.
1536 4155 1620 4208 pr.
1647 4150 1705 4195 et
1726 4149 1878 4212 tert.,

279 4222 587 4283 quieverint.

354 4285 412 4337 2.
435 4281 833 4339 Ennmerando.
860 4281 953 4341 Sic
983 4280 1037 4338 in
1067 4295 1179 4338 uno
1207 4294 1274 4337 ex
1305 4279 1478 4354 Lugd.
1510 4280 1654 4338 Batt.
1688 4281 1884 4340 melius

283 4355 820 4426 quaminumerando.
857 4354 1170 4426 utﬁpassim.

2051 3357 2140 3413 10.
2170 3352 2653 3427 AudinnturJiss.
2685 3344 2904 3421 quidam
2933 3357 2988 3405 et
3013 3347 3166 3412 cditi,
3190 3344 3571 3427 adjuuguntur.

2050 3429 2138 3483 11.
2170 3426 2454 3482 Prwtereo.
2485 3415 2737 3479 Perizon.
2764 3432 3038 3493 praeterea,
3064 3416 3221 3491 quasi
3254 3415 3581 3487 praeceden-

1978 3500 2123 3557 tibus
2153 3504 2537 3553 annecteretur
2564 3495 2765 3550 oratio.

2048 3572 2135 3626 l2.
2179 3568 2397 3624 Cadmo.
2430 3566 2694 3634 Copulam
2716 3574 2767 3619 et
2794 3563 2959 3620 iidem
2984 3561 3292 3634 prmfigunt.

2053 3643 2141 3697 15.
2171 3639 2454 3695 Recursus.
2487 3638 2658 3708 Lugd.
2701 3637 2840 3691 Batt.
2873 3643 3008 3708 tres,
3031 3649 3284 3689 recessus.

2052 3712 2144 3766 14.
2172 3708 2451 3765 Flebilem.
2482 3704 2659 3764 Periz.
2690 3704 3057 3761 miserabilem.

2056 3783 2145 3839 15.
2189 3780 2258 3836 Et
2302 3778 2607 3854 parricidia.
2649 3778 2912 3849 Copulam
2957 3774 3129 3831 deleri
3167 3772 3364 3845 iubent
3400 3773 3578 3845 Lugd.

1983 3856 2124 3912 Batt.
2156 3870 2240 3912 nr.
2272 3865 2329 3908 et
2352 3861 2477 3907 tert.

2056 3870 2632 3995 Ilii.p(;;"t?ilpitct:tl..Editi
2671 3918 2889 3989 quidam
2930 3926 2979 3995 et
3008 3915 3290 3995 (Endipttnt.

2056 3998 2143 4052 17.
2178 3984 2376 4049 Medeae
2413 4010 2589 4047 amore
2627 3984 2760 4047 saivo
2797 3990 3010 4046 sauciat.
3053 3984 3295 4059 Res‘picit
3322 3984 3479 4044 illum
3505 3986 3585 4044 lo-

1981 4084 2106 4128 cum
2137 4066 2295 4124 Ennii
2322 4082 2390 4122 ex
2420 4064 2631 4131 Medea,

2045 4166 2168 4216 Nam
2188 4175 2437 4225 nunquam
2457 4161 2578 4211 hera
2602 4171 2775 4210 errans
2790 4170 2901 4207 mea
2924 4156 3072 4205 domo
3087 4152 3298 4226 efferret
3310 4152 3494 4217 pedem

2045 4228 2245 4293 Medea,
2268 4227 2431 4276 animo
2452 4236 2608 4287 aegra,
2630 4234 2799 4272 amore
2817 4232 2951 4271 εξεκό
2965 4230 3150 4269 saucia.

1984 4334 2087 4400 Qui
2113 4333 2263 4388 locus
2284 4337 2456 4386 exstat
2480 4327 2603 4383 libr.
2620 4341 2668 4400 it
2690 4324 3109 4400 [tlictoricornm
3132 4321 3200 4378 ad
3223 4320 3584 4390 Herennium,

359 4398 1442 4498 57117";an"anilia?'F'IBE:"iiierquie_et
1484 4425 1618 4481 editi
1662 4424 1883 4498 quidam
1986 4398 2149 4477 atque
2174 4403 2243 4461 de
2274 4403 2380 4458 illis
2413 4398 2777 4470 Euripidianis
2803 4408 3096 4466 expressus
3132 4403 3263 4449 est:

287 4513 352 4570 ne
389 4497 585 4565 dicam,
626 4496 726 4555 sed
770 4496 1199 4568 superscriptum
1248 4494 1306 4553 in
1352 4494 1502 4553 Flor.
1549 4494 1773 4570 pr.,'ut
1821 4514 1885 4553 ne

284 4569 480 4624 dicam.

286 4639 418 4768 te:
450 4638 757 4767 ξ’ἔῆίονκπι
782 4657 838 4712 Ρ·
864 4659 920 4699 no
943 4657 991 4697 ³ο
1023 4638 1338 4713 Adiungunt
1376 4638 1550 4713 Lugd.
1576 4640 1718 4698 Batt.
1768 4655 1852 4713 pr.

401 4751 442 4768 οι
579 4729 632 4768 a.

401 4751 442 4781 .,
476 4729 632 4768 neua.

362 4784 421 4839 5.
456 4784 805 4842 Recensenda.
828 4784 1013 4843 Codex
1052 4783 1204 4841 Meus
1231 4792 1287 4841 et
1314 4782 1562 4841 Floreat.
1589 4791 1717 4842 tert.
1753 4784 1891 4840 scri-

290 4853 430 4911 bunt
449 4856 745 4913 recolenda.

2424 4505 2476 4544 οὗ
2498 4504 2567 4556 τὰρ
2587 4503 2632 4542 ἀν
2649 4498 2904 4562 δέσποιν’]μή

2237 4564 2385 4618 uidua.
2405 4569 2559 4619 πῦρτους
2578 4570 2642 4617 τῆς
2655 4563 2798 4604 ἱκλιυσ⁹
2818 4558 2988 4610 Ῑωλιιὶδος

2237 4620 2354 4684 ipim
2374 4630 2484 4681 θυμὸν
2506 4628 2712 4679 ἱιπλατιῑσ⁹
2736 4627 2909 4673 Iberos.

1863 4684 1880 4711 ’
1909 4685 1966 4747 Ῑ)
1992 4706 2235 4765 Meminit
2262 4715 2316 4760 et
2339 4702 2532 4759 Cicero
2558 4702 2613 4755 in
2634 4698 2892 4758 Creliana.
2920 4696 3089 4753 Fara.
3112 4725 3181 4775 έ-
3200 4695 3352 4753 Flor.
3379 4703 3505 4752 tert.
3538 4702 3598 4755 ct.

1992 4780 2168 4844 Meus,
2208 4776 2479 4833 sancialw.

2067 4838 2167 4906 18.
2186 4845 2565 4906 Sustinuerint.
2591 4841 2741 4900 Flor.
2771 4849 2895 4898 tert.
2920 4849 2977 4898 et
3017 4838 3106 4896 ed.
3128 4838 3295 4911 Aug.,
3338 4838 3598 4895 sustinue-

366 4928 422 5000 (ξ.
452 4924 687 5000 Fabatus
718 4929 993 5000 turpiores.
1029 4925 1482 4997 Conjunctionem
1512 4934 1559 4981 et
1576 4942 1729 5000 quso
1750 4942 1890 4997 prze-
1992 4933 2135 5000 runt.

291 4996 522 5071 eedlt_in
549 4996 814 5071 vulgatis,
834 4999 1073 5057 unanimi
1099 4996 1235 5071 mss.
1262 5012 1533 5071 consgtsu
1557 4998 1758 5071 delevi.

367 5070 424 5140 7.
447 5066 703 5128 Tantth
717 5066 829 5127 rex.
850 5073 982 5140 Quae
1006 5071 1109 5126 hoc
1124 5070 1302 5139 capite
1320 5068 1389 5124 de
1404 5068 1655 5136 Tantalo,
1668 5066 1885 5139 Cadmo,

293 5137 526 5213 aliisque
545 5141 824 5210 dicuntur,
862 5137 936 5213 de
964 5142 1097 5208 illis,
1128 5137 1253 5213 cum
1286 5141 1340 5195 in
1371 5142 1572 5213 vulgus
1596 5149 1724 5197 nota
1752 5137 1887 5210 sint,

297 5210 549 5284 putidum
578 5222 663 5269 est
687 5212 890 5284 aliquid
919 5213 1182 5284 scribere.
1207 5211 1377 5269 FABR.

372 5284 430 5356 8.
460 5280 980 5356 PhanoclesILugd.
1011 5284 1159 5340 Batt.
1188 5300 1272 5356 pr.
1302 5294 1359 5356 et
1389 5291 1541 5347 tert.,
1571 5282 1851 5356 Phanodes
1872 5325 1888 5352 ,

302 5352 468 5428 male.
497 5353 644 5411 Vixit
687 5352 1009 5428 Pharnoéles,
1056 5352 1214 5428 poeta
1234 5355 1565 5428 Melegiacus,
1616 5362 1740 5428 post
1785 5354 1895 5412 De-

304 5423 670 5482 mosthenem.
698 5423 1204 5495 Meminerunt'ejus
1222 5423 1475 5483 Clemens
1495 5423 1898 5482 Alexandrinus

306 5494 361 5548 in
408 5494 753 5553 Protreotico
787 5515 846 5553 ι).
895 5499 969 5553 2b
998 5509 1054 5553 et
1101 5498 1201 5553 lib.
1249 5512 1300 5553 Vl
1348 5498 1613 5553 Stromat.
1668 5513 1723 5553 ι).
1762 5497 1896 5553 627:

307 5513 361 5548 m
409 5513 753 5565 rrotrepuco
787 5515 846 5570 ι).
895 5513 969 5554 20
998 5513 1054 5554 et
1102 5513 1201 5554 ιιυ.
1249 5513 1300 5553 v1
1348 5513 1613 5555 atromat.
1668 5513 1723 5568 p.
1762 5513 1896 5564 om;

307 5564 532 5639 gratius
555 5566 610 5623 in
650 5568 856 5626 Stobtci
891 5570 1185 5639 Excerptis
1225 5584 1281 5639 p.
1313 5570 1441 5636 202,
1470 5582 1524 5625 et
1561 5570 1806 5639 Scaliger
1832 5571 1903 5625 ad

310 5636 594 5712 Euseb.p.
623 5639 692 5694 41
725 5639 949 5712 Tantali
994 5652 1047 5697 et
1076 5636 1410 5712 Ganymedis
1453 5636 1787 5712 mentionem
1821 5642 1905 5697 fe-

348 5654 513 5717 .useo.
623 5654 692 5694 at
733 5654 949 5698 'l‘antau
994 5654 1047 5697 et
1076 5654 1410 5712 Ganymedis
1453 5654 1787 5696 mentionem
1821 5654 1905 5697 Ie-

348 5722 454 5785 tsse
480 5709 543 5789 vi‘
575 5721 699 5789 etur
721 5711 775 5789 in
797 5725 1070 5789 poemate,
1100 5712 1244 5784 quod
1266 5712 1668 5789 inscribebatur
1683 5709 1907 5789 ’ξΕρςιρτες

314 5783 428 5857 sive
458 5780 626 5857 aulai,
653 5780 812 5857 cujus
830 5784 1036 5845 mentio
1058 5780 1145 5843 est
1171 5783 1316 5856 apud
1335 5783 1672 5843 Clementem
1699 5780 1757 5840 iu'
1775 5783 1911 5844 Pro-

306 5494 361 5570 iii
408 5494 753 5570 Protreptico
787 5515 847 5570 ι).
895 5499 969 5554 2b
998 5509 1054 5554 et
1101 5498 1201 5554 lib.
1249 5512 1300 5553 Vl
1348 5498 1613 5555 Stromat.

311 5708 454 5763 cisse
480 5709 533 5763 vi

320 5851 567 5922 tropaeo.

2066 4993 2197 5048 Car.
2242 4990 2381 5047 XIII.
2410 4989 2555 5045 -1,
2597 4985 2751 5041 Anno
2792 4986 2932 5051 ante,
2979 4991 3087 5040 etc.
3131 4980 3210 5037 Ex
3253 4998 3385 5038 mss.
3420 4980 3596 5052 Lugd.

1997 5065 2139 5120 Batt.
2176 5080 2313 5117 unus
2343 5076 2614 5116 annorum
2647 5067 2773 5114 ante
2800 5056 2869 5113 U.
2899 5056 2963 5112 C.
2994 5070 3283 5111 numerum
3310 5052 3503 5111 deﬁnit
3531 5055 3603 5107 ad

1996 5151 2155 5193 nch.
2189 5134 2307 5189 Duo
2336 5134 2428 5189 alii
2467 5147 2625 5187 neu.
3656 5178 3659 5183 .

2067 5210 2124 5261 2.
2157 5206 2549 5262 Atrocissimum
2578 5203 2715 5256 inter
2739 5199 3028 5256 Cretenses.
3058 5197 3173 5253 IIoc
3196 5196 3400 5252 bellum
3429 5193 3607 5250 Minos

2000 5295 2095 5337 rex
2136 5276 2479 5335 Cretensium
2520 5286 2708 5346 contra
2755 5272 3115 5346 Athenienses
3166 5268 3607 5346 mottitmprOpter

2002 5350 2263 5421 Androgei
2300 5348 2602 5421 interituni.
2631 5343 2699 5400 de
2741 5357 2870 5421 quo,
2902 5350 2958 5397 et
2987 5340 3289 5421 Minotattro
3319 5337 3475 5421 Diod.
3509 5337 3605 5391 lib.

2004 5438 2086 5488 ιν,
2112 5408 2442 5478 Plutarchus
2468 5418 2520 5472 in
2552 5408 2785 5479 Theseo,
2822 5408 3335 5488 Pausanias_libr._t.
3362 5408 3536 5488 [τηις.

2080 5480 2132 5551 5.
2181 5490 2322 5547 Fero
2361 5488 2581 5558 homini,
2623 5503 2690 5541 an
2739 5487 2978 5540 humana:
3014 5481 3207 5558 (restire.
3252 5480 3387 5536 Cum
3419 5485 3613 5558 prisca:

2010 5550 2136 5623 edd.
2162 5578 2376 5626 omnes,
2406 5550 2579 5631 prima
2609 5559 2887 5623 videlicet,
2920 5560 3062 5631 aug.
3096 5552 3316 5631 Veneta:
3348 5562 3403 5631 et
3431 5550 3612 5606 Paris.

2014 5642 2088 5693 ita
2117 5637 2261 5692 hunc
2288 5624 2465 5688 locum
2494 5632 2880 5699 expresserim,
2919 5627 3154 5699 llittoro.
3179 5624 3406 5699 reliquis
3428 5638 3612 5699 egeni-

2018 5692 2162 5782 plum
2186 5706 2338 5763 dedit
2360 5692 2681 5782 reponendi,
2700 5697 3186 5782 inltumanwbestiaf
3207 5696 3351 5782 qunod
3373 5692 3614 5782 (ξιιιῖίῴι-Ζ

2019 5764 2076 5837 Iit
2103 5782 2324 5836 Scottus
2354 5764 2719 5841 retinuerunt,
2746 5785 2969 5847 prorsus
2995 5768 3237 5847 illepide.
3265 5764 3619 5847 Sustulerunt

2023 5855 2168 5911 enim
2194 5848 2594 5923 oppositioncm
2614 5838 2773 5916 quam
2802 5842 3027 5899 Orosius
3045 5838 3196 5909 fecit,
3223 5839 3377 5909 quasi
3399 5838 3615 5896 nescius
