2031 3170
197 157 250 186 725

196 214 251 251 65
263 213 393 242 ultionem
406 220 539 242 ctesorttm
555 213 712 250 eonjugnm,
727 214 902 243 finitimorum
915 215 990 244 exci-
1006 217 1031 247 Α

196 261 242 290 dio
254 266 467 298 consequuntur.
485 262 496 277 °
510 262 586 290 Tunc
598 269 664 297 pace
679 262 762 290 armis
772 262 896 298 qumsita,
907 268 997 290 exter-

196 317 246 337 nos
262 309 421 338 concubitus
437 310 542 344 ineunt,
565 310 654 337 editos
668 316 758 338 mares
783 317 844 336 mox
870 313 994 342 enecant,

196 355 310 383 feminas
322 355 444 384 studiose
459 355 591 387 nutriunt,
607 356 616 371 ⁷
631 355 728 383 inustis
743 354 885 382 infantium
903 355 997 383 dexte-

196 401 314 430 rioribus
327 402 464 435 mamillis,
480 403 491 418 "
501 409 535 430 ne
545 402 703 438 sagittarum
716 401 807 436 jactus
827 402 994 437 impediren-

196 454 251 482 tur,
262 449 332 477 unde
343 449 495 477 Amazones
506 449 597 477 dictae.
611 449 711 476 llarum
723 448 783 476 duae
795 448 871 476 fuere
882 449 994 484 reginae,

195 497 206 512 ⁸
219 495 352 530 Marpesia
374 501 403 523 et
424 495 567 530 Lampeto,
586 502 647 530 quae
660 495 770 531 agmine
784 494 874 522 diviso
886 495 913 522 in
928 495 995 523 duas

194 547 297 577 partes,
313 541 431 570 vicissim
452 550 544 570 curam
560 542 623 570 belli
634 546 663 570 et
683 542 781 570 domus
801 542 951 570 custodiam
973 542 995 558 ¹⁰

192 589 389 617 sortiebantur.
401 590 485 624 Igitur
498 596 559 617 cum
573 589 592 605 “
606 589 721 624 Europae
732 587 876 616 maximam
889 593 994 624 partem

193 636 373 670 domuissent,
390 637 464 665 Asiae
475 644 543 665 vero
557 636 702 672 aliquantis
718 635 873 664 civitatibus
896 636 993 672 captis,

723 155 961 187 lllSTORlARUM
980 156 1083 185 LIBER
1102 155 1123 185 l.
1145 155 1222 185 CAP.
1243 155 1304 185 XV.

1792 156 1847 186 726

1046 215 1067 231 ι’
1093 215 1159 251 ipsae
1187 213 1327 250 Ephesum
1345 234 1353 247 .
1382 213 1504 251 aliasque
1530 214 1613 244 urbes
1638 206 1846 253 condidissent,

1048 262 1209 298 prmcipuam
1230 262 1366 291 exercitus
1386 262 1428 290 sui
1453 266 1559 298 partem
1580 267 1706 292 onustam
1733 264 1847 299 opulcn-

1047 311 1150 339 tissima
1172 310 1284 345 praeda,
1306 310 1416 338 domttm
1437 315 1584 339 revocant:
1608 311 1629 326 "
1654 311 1787 346 reliquae,
1812 312 1847 339 ad

1047 357 1174 385 tuendum
1207 358 1278 385 Asia:
1306 357 1450 393 imperium
1481 349 1590 386 relict-.0
1622 365 1682 386 cum
1712 358 1845 394 Marpesia

1047 405 1150 439 regina,
1174 411 1307 432 concursu
1328 404 1448 432 hostium
1465 404 1647 432 trucidantur.
1663 404 1686 421 ¹¹⁵
1701 405 1787 440 Hujus
1807 406 1847 433 lo-

1046 458 1108 478 cum
1130 450 1247 485 capeSsit
1266 450 1321 486 66
1343 450 1364 466 “
1387 450 1488 485 Sinope
1513 450 1577 484 tilia,
1600 458 1662 486 quae
1682 451 1847 486 singularem

1046 496 1155 524 virtutis
1170 496 1283 532 gloriam
1298 501 1427 532 perpetua
1442 496 1596 531 virginitate
1611 496 1769 525 cumulavit.
1791 497 1847 524 Hac

1045 543 1115 571 fama
1140 543 1161 560 "
1183 543 1284 574 excitos
1308 548 1403 580 gentes
1426 548 1499 572 tanta
1522 543 1667 571 admiratio
1681 548 1709 571 et
1730 543 1848 572 formido

1045 588 1192 621 invaserat.
1210 589 1231 605 ¹⁷
1245 593 1274 616 ιιι
1289 589 1419 617 llercules
1433 589 1551 625 quoque,
1563 596 1623 617 cum
1635 588 1728 624 jussus
1750 589 1848 617 fuisset

1046 644 1060 664 a
1083 637 1193 664 domino
1217 643 1267 664 suo
1292 636 1314 653 ’⁸
1336 637 1465 665 exhibere
1488 644 1562 664 arma
1573 637 1692 672 reginae,
1713 638 1789 673 quasi
1811 637 1848 665 ad

839 681 1066 712 HAVERCAMPI
1086 684 1202 712 NOTzE.

194 733 226 757 ut
246 737 307 764 quae
330 729 386 765 jam
408 729 581 762 didicissent,
604 729 764 758 maritorum
788 736 899 757 suorum
915 736 993 762 nece,

194 766 354 800 sanguinem
373 765 497 798 tundere,
519 766 593 793 viros
607 765 754 801 trucidare,
769 772 883 801 quaeque
896 771 993 792 sexum

192 801 338 836 fortiorem
351 801 492 835 decorent,
505 800 595 829 facere
607 805 634 828 et
644 802 710 836 pati.

230 837 256 864 6.
275 835 347 864 Tunc
362 846 425 873 pace
438 846 453 864 a
467 845 492 871 φ.
509 836 595 872 Lugd.
612 835 671 873 Βιι.
689 842 790 872 quart.,
806 836 880 863 Tunc
904 844 994 872 pacem

192 873 272 900 armis
282 876 410 907 quierunt.
428 873 480 900 Pro
494 877 611 900 enecant.
630 872 673 899 ed.
689 873 805 900 Vetusta:
820 877 919 899 nerant.

229 909 255 934 '1.
283 907 384 935 Inustis
407 909 547 943 infantium
572 908 760 935 dexterioribuc
786 907 920 935 mamillis.
946 907 992 935 Sic

194 943 388 988 piptlorushl‘ib.
400 952 423 986 _n
437 937 719 988 Scribit,_Amazonas,
730 944 938 988 Faventem...»
950 944 993 988 τὲν
1008 937 1032 968 Β

191 979 272 1017 δεξιὸν
291 981 372 1017 μαζὸν
396 980 526 1017 ἐπικαίειν,
541 980 647 1017 -ἶναγμή
673 981 739 1017 tta-ro}
762 981 810 1010 τὰς
831 979 994 1017 μάχας-τῶν

191 1013 322 1060 σφμέῇὰτξυν
344 1016 514 1060 ἐπξιιρὸμξνος
537 1013 640 1060 ἐνοχλῇ
661 1016 701 1052 ἀφ’
722 1013 751 1046 ἧς
768 1013 850 1046 attici;
864 1013 995 1059 ἀὶιμϐῆναι

190 1052 221 1089 ῖρ
234 1051 304 1082 ἔθνος
317 1055 367 1089 τίὲν
378 1051 521 1089 ’ᾼμᾳζόνων
534 1051 631 1082 ταύτηξ
644 1051 738 1087 τυχεῖν
750 1056 800 1089 τῆς.
806 1052 993 1089 προσηγορίας.

191 1086 314 1124 Hoeest,
335 1086 483 1124 Virginibus
499 1087 617 1124 dextram
634 1086 772 1124 mammam
790 1086 903 1124 inurere,
919 1086 949 1113 ite
967 1089 994 1113 in

190 1122 290 1156 pra-liis
305 1122 404 1150 tumore
418 1131 465 1149 suo
481 1123 596 1158 corporis
611 1122 895 1159 agilitatentimpetliat,
914 1130 994 1159 caque

190 1158 223 1185 de
235 1166 316 1186 causa
330 1159 438 1193 factum,
454 1164 482 1185 ut
497 1157 658 1185 Amazonum
672 1166 734 1193 gens
747 1157 796 1185 hoc
811 1166 902 1185 nomen
922 1158 993 1185 inve-

193 1194 273 1220 nerit.
291 1194 373 1221 Fsen.

226 1229 253 1257 8.
271 1229 313 1257 Ne
327 1230 479 1266 sagittarum
490 1231 578 1266 jactus
594 1229 789 1266 impedirentur.
874 1229 953 1263 prim.
966 1234 994 1256 et

191 1269 246 1292 tres
263 1273 327 1292 mss.
344 1264 428 1299 Lugd.
447 1264 716 1301 llatt.,jartu.'llnus
735 1273 796 1293 cum
819 1264 890 1293 Ullr.
914 1265 992 1292 ictus.

189 1301 291 1329 Verum
305 1301 349 1328 hic
362 1302 610 1337 sagittarumjaclus
623 1301 728 1328 videtur
741 1308 804 1337 esse
817 1301 916 1337 rectius
930 1309 991 1328 cum

190 1341 282 1363 servet
304 1337 373 1364 idem
398 1337 519 1364 Justinus
541 1337 590 1363 lib.
615 1345 645 1369 ιι,
666 1345 725 1371 cap.
741 1337 770 1369 lt,
786 1336 864 1363 ()ros.
882 1336 929 1364 lib.
945 1344 990 1370 vn,

190 1380 252 1406 cap.
269 1372 314 1404 56,
329 1372 398 1399 ttltra
414 1381 561 1399 ntensnrant
577 1372 793 1407 liumanijttctus.
811 1371 870 1399 Mox
887 1372 931 1400 ed.
949 1380 990 1407 pr.

190 1408 261 1434 unde
275 1413 299 1433 et
313 1409 454 1435 Amazones
467 1409 552 1435 dicite.

226 1444 254 1471 9.
269 1442 401 1478 Marpesia
415 1448 438 1471 et
452 1443 587 1479 Lampeto.
603 1444 640 1472 lta
657 1443 717 1471 sine
738 1443 790 1471 ulla
813 1443 943 1479 varietate
964 1443 991 1472 in

191 1479 293 1506 nostris
317 1478 606 1515 manuscriptis'lihris
628 1480 717 1508 Orosii
740 1478 879 1506 etJuslini
895 1479 991 1515 barum

189 1517 344 1549 reginarum
358 1516 465 1542 nomina
482 1515 616 1550 descripta
634 1516 770 1549 leguntur,
787 1522 840 1542 non
852 1514 920 1542 utin
934 1515 991 1542 vul-

189 1552 269 1584 gatis.
287 1550 430 1578 Martltcsia
441 1556 464 1578 et
480 1550 621 1586 Lampetie.
639 1551 720 1578 ΗΒΚ.

227 1587 271 1614 10.
288 1586 478 1614 Sortiebantur.
493 1585 579 1621 Lugd.
598 1588 655 1614 Bat.
670 1590 771 1621 quart.,
788 1585 935 1612 tuebantur.

226 1622 275 1669 11ι
288 1622 418 1669 ξψόμαλιι
428 1623 572 1669 maximam
587 1628 686 1664 partem
699 1622 869 1669 domuissent.’
880 1621 925 1649 Sic
938 1621 990 1650 (Σο-
1004 1637 1027 1669 C

191 1657 247 1684 lon.
265 1658 369 1685 Latine.
384 1658 498 1691 Quidam
515 1658 559 1686 hic
578 1657 691 1685 maxima
713 1664 744 1685 ex
766 1662 839 1691 parte
861 1657 986 1692 legerunt.

189 1693 276 1721 Laur.
292 1708 328 1713 —
338 1693 371 1721 At
389 1694 562 1721 Florentinns
576 1700 691 1728 uterque
704 1700 764 1720 cum
777 1693 914 1726 Perizon.,
932 1702 989 1720 ma-

189 1729 260 1756 Iiina
271 1735 354 1765 parte,
371 1730 420 1757 Ed.
436 1732 505 1765 Aug.
521 1728 635 1765 Europw
650 1728 790 1756 maximam
804 1734 902 1764 partem
917 1729 989 1764 quod

189 1772 241 1792 crto
257 1766 372 1792 urtetnli.

207 1773 500 1835 ggﬂgriedslii'l-Ephesum
510 1801 626 1837 aliasque
642 1800 725 1827 nrbes.
740 1799 780 1827 Ab
794 1799 988 1837 Amazonibus,

189 1841 301 1864 auctore
315 1837 406 1864 Strab.
425 1838 471 1863 lib.
486 1838 517 1864 li
532 1836 655 1864 conditas
669 1841 696 1863 et
709 1836 916 1869 cognominatas
931 1836 989 1863 fne-

191 1878 264 1905 rttnt,
291 1872 429 1907 Ephesum,
454 1873 604 1907 Smyrnam,
629 1871 793 1906 Myrr/tinam
819 1876 842 1898 et
868 1870 988 1907 Paphon.

192 1908 315 1935 Meminit
329 1908 489 1935 Eustathius
503 1906 611 1942 quoque
627 1910 651 1934 in
671 1907 840 1942 Dionysium.
857 1906 939 1934 FABR.
954 1921 990 1926 —-

191 1942 261 2006 ipsa?
289 1949 374 1970 autent
401 1944 529 1979 Ephesum
559 1944 652 1979 legunt
677 1943 762 1977 Lugd.
793 1943 863 1970 Batt.
894 1950 990 1970 omnes

219 1987 333 2006 eusaue.
498 1999 500 2001 ν

208 1981 333 2007 leusaue.
498 1999 500 2001 ι

227 1988 409 2050 ἒξῳὶῖῗῖιίᾳιιω
418 2015 453 2041 ad
467 1999 600 2043 tutandum.
614 2014 678 2042 Mss.
693 2013 780 2048 Lugtl.
795 2013 866 2041 Batt.
884 2017 939 2041 tres
953 2014 989 2040 ita

190 2051 358 2085 exprimunt,
373 2052 472 2086 reliqua
487 2052 521 2078 ad
535 2051 658 2078 luendum
674 2051 741 2078 Asite
752 2050 886 2086 imperium
900 2050 990 2086 relicta

191 2095 248 2112 cum
265 2086 304 2113 Μ.
321 2095 344 2113 r.
361 2095 384 2114 ε.
397 2085 593 2114 Ιιζιτυεὶάαιιιικ
616 2086 757 2120 Vulgatatu
771 2085 891 2113 defendit
904 2085 988 2113 .Iusti-

191 2130 253 2149 nus.
270 2122 326 2158 Pro
337 2123 472 2158 imperium
488 2123 575 2150 Periz.
590 2122 673 2158 habet
682 2129 799 2157 regnum.

228 2158 271 2195 Li.
300 2156 390 2195 Hujus
414 2158 498 2185 locum
520 2159 629 2195 capessit
655 2156 780 2195 Qrithya.
800 2156 990 2195 SieJustinus

188 2194 298 2227 scribit,
319 2193 350 2221 iii
373 2194 462 2222 locttm
487 2193 628 2228 Marpesia:
652 2193 735 2221 ﬁliam
756 2194 815 2228 ejus
838 2193 990 2228 Orithyiam

190 2238 275 2264 regno
297 2230 474 2258 successisse.
500 2230 549 2257 llic
572 2234 663 2257 tamen
677 2229 703 2257 in
717 2229 830 2257 vetustis
844 2229 921 2257 libris
936 2233 988 2264 est,

191 2265 279 2301 Hujus
303 2266 388 2292 locum
408 2265 507 2301 Sinope
530 2265 586 2301 ﬁlia
607 2265 727 2301 capessit.
748 2264 833 2293 FABB.
854 2264 989 2301 —Lugd.

190 2300 249 2328 Bai.
267 2306 343 2334 tert.,
358 2302 433 2337 cujus
443 2300 539 2329 locum.

1046 729 1108 765 thya
1122 729 1238 764 legatur,
1252 733 1334 765 atque
1348 737 1382 757 ex
1398 737 1431 758 eo
1446 730 1472 758 id
1485 738 1584 759 nomen
1599 731 1625 759 in
1648 730 1746 759 Orosio
1767 737 1848 765 repo—

1046 766 1151 802 suerint
1174 766 1304 799 editores,
1331 773 1391 793 nam
1416 770 1444 794 et
1469 767 1496 794 in
1523 767 1631 794 Justino
1655 774 1762 802 quoque
1779 767 1844 794 olim

1046 800 1146 837 Sinope
1161 802 1290 836 scriptum
1306 802 1387 829 fuisse
1403 809 1477 834 reor,
1491 803 1563 831 unde
1576 803 1603 830 in
1618 800 1670 829 msI
1684 800 1734 830 suo
1758 807 1845 830 testa-

1046 840 1089 864 tur
1106 837 1216 874 Vossius
1228 837 1402 871 superscribi,
1417 837 1561 874 legendum
1572 845 1635 866 esse
1651 838 1759 874 Sinope.
1773 838 1846 865 Prte-

1046 877 1119 899 terea
1135 872 1238 900 duabus
1262 874 1295 900 de
1318 874 1407 901 causis
1430 873 1522 908 reponi
1548 873 1600 901 hoc
1622 872 1722 901 debere
1745 881 1845 901 nomen

1043 908 1147 944 iudico,
1170 909 1232 942 quia
1252 909 1356 936 scilicet
1379 913 1406 935 et
1428 908 1485 943 ipsa
1511 909 1612 944 Sinope
1626 909 1715 944 magni
1730 909 1847 936 nominis

1047 943 1097 971 fuit
1112 944 1241 978 Amazon,
1259 952 1273 972 a
1289 952 1340 979 qua
1355 944 1469 980 Sinope,
1491 943 1585 972 Ponti
1598 943 1680 980 urbs,
1701 952 1798 972 nomen
1819 949 1847 972 et

1046 980 1178 1014 originem
1196 980 1287 1011 traxit,
1305 985 1333 1006 ut
1348 985 1419 1014 patet
1435 988 1468 1007 ex
1483 979 1607 1008 adductis
1621 988 1635 1007 a
1655 979 1750 1007 Vossio
1772 981 1848 1008 testi-

1046 1015 1157 1050 moniis,
1172 1019 1201 1043 et.
1214 1016 1275 1050 quia
1292 1015 1415 1043 Justinus
1428 1021 1454 1044 et
1470 1016 1583 1043 Orosius
1594 1024 1627 1044 eo
1645 1020 1778 1050 tempore,
1792 1023 1846 1051 quo

1045 1051 1175 1087 llercules
1188 1051 1399 1087 expeditionem
1414 1052 1440 1079 in
1456 1052 1607 1079 Amazonas
1622 1051 1748 1087 sumpsit,
1774 1059 1846 1085 prte-

1045 1086 1128 1114 l‘nisse
1145 1086 1238 1114 iisdem
1253 1087 1320 1114 duas
1335 1087 1444 1114 tradttnt
1458 1095 1578 1120 sorores,
1595 1088 1730 1122 Antiopen
1751 1086 1846 1115 videli-

1044 1127 1088 1150 cet
1099 1126 1127 1150 et
1139 1122 1281 1159 Orithyan,
1296 1123 1346 1159 hoc
1359 1130 1425 1150 vero
1441 1124 1467 1150 in
1483 1123 1556 1156 loco,
1571 1131 1623 1150 non
1637 1123 1712 1159 duas
1720 1122 1780 1159 sive
1801 1130 1844 1159 so-

1045 1166 1131 1193 rores,
1155 1157 1308 1186 sive'tilias
1329 1158 1358 1194 in
1383 1167 1494 1194 regnum
1521 1159 1686 1186 successisse
1706 1158 1846 1192 Marpesian

1045 1196 1123 1221 matri
1140 1195 1271 1227 scribant,
1287 1193 1334 1222 sed
1347 1202 1428 1222 unam
1450 1202 1564 1229 eamque
1588 1193 1728 1229 Marpesia:
1749 1194 1844 1227 tiliam,

1044 1238 1105 1265 quae
1116 1230 1216 1262 Sinope
1229 1230 1364 1264 appellata
1377 1230 1455 1257 nobis
1467 1230 1552 1257 fuisse
1565 1230 1682 1257 videtur.

1082 1266 1124 1293 16.
1142 1264 1260 1293 Επίιαε.
1275 1265 1350 1293 Flor.
1368 1271 1480 1301 uterque
1499 1270 1526 1294 et
1540 1271 1595 1294 tres
1608 1265 1693 1301 Lugd.
1709 1266 1780 1293 Batt.
1798 1273 1845 1293 ex-

1044 1302 1147 1328 citatas.

1081 1336 1125 1364 l7.
1144 1336 1177 1364 Ut
1195 1336 1321 1373 Hercules
1336 1346 1435 1373 quoque
1450 1346 1508 1365 cum
1523 1339 1624 1373 jussus,
1645 1341 1698 1373 etc.
1720 1336 1845 1373 Herculis

1081 1348 1125 1364 'll.
1144 1348 1177 1364 υι
1195 1348 1321 1364 nercutt‘s
1336 1348 1435 1373 quoque
1450 1348 1508 1365 cum
1540 1348 1624 1370 "55115,
1645 1348 1698 1364 CIC.
1720 1348 1843 1364 IICI'CUIIS

1045 1372 1168 1400 dominus
1182 1373 1231 1409 luit
1248 1372 1421 1409 Eurystheus,
1443 1374 1488 1407 qui
1510 1348 1548 1401 iiii
1569 1372 1711 1409 duodecim
1735 1372 1843 1409 labores

1043 1408 1222 1436 exantlandos
1239 1407 1416 1444 praescripsit.
1432 1410 1510 1436 llunc
1531 1412 1621 1435 autem
1637 1408 1757 1435 laborem
1782 1407 1844 1435 Dio-

1043 1444 1130 1483 dorus
1140 1444 1185 1483 lib.
1201 1452 1228 1483 tv
1242 1452 1380 1483 exponens
1393 1445 1430 1471 ait
1442 1445 1581 1483 :fllpandﬁc
1594 1444 1621 1471 δὲ
1633 1444 1718 1472 λαϐὼν
1731 1444 1844 1483 aptiora-

1042 1491 1094 1516 γμα
1106 1481 1135 1508 τὸ
1147 1479 1300 1516 Ἱππολιξτης
1315 1481 1357 1509 τὸν
1371 1479 1505 1516 umetis;
1521 1482 1627 1516 ἐνεγκεῖν
1650 1479 1844 1516 ζωστῆρά.ᾼτὸν

1042 1514 1296 1554 ἒῂῖὶτᾶςᾏμνζᾷνας
1318 1514 1455 1554 "paratior:
1474 1514 1626 1554 git-ornante.
1647 1515 1680 1554 id
1703 1514 1759 1554 est,
1778 1514 1844 1554 Cum

1044 1551 1153 1578 llcrctttt'
1172 1552 1322 1587 mandatum
1339 1550 1415 1585 esset,
1430 1557 1457 1579 ut
1470 1551 1620 1587 Hippolyta:
1634 1550 1772 1577 Amazonis
1787 1551 1843 1577 cin-

1042 1588 1131 1623 gulum
1144 1586 1258 1623 a/ferret,
1274 1587 1462 1623 expeditionem
1480 1591 1571 1614 contra
1588 1587 1737 1623 Amazonas
1757 1594 1845 1623 susce-

1044 1621 1091 1656 pit.
1116 1623 1208 1657 Itaque
1232 1621 1343 1650 Orosius
1368 1631 1414 1657 per
1436 1631 1508 1649 arma
1530 1621 1665 1656 intelligit,
1691 1621 1843 1652 Ἱππολύτης

1043 1662 1165 1696 ζωστῆρᾳ
1175 1659 1323 1696 παγαίολον,
1333 1663 1361 1686 nt
1373 1659 1532 1696 Apollonius
1544 1658 1591 1696 lib.
1605 1665 1623 1684 ιι
1637 1657 1841 1696 ᾼιςοιιζνουίιι.

1042 1695 1113 1728 Lege
1122 1693 1202 1721 etiam
1212 1694 1398 1721 ductissimum
1409 1694 1638 1721 Commentarium
1649 1693 1725 1721 lsacii
1736 1693 1844 1720 'l‘zelzae

1042 1730 1069 1758 in
1084 1729 1274 1765 Lycophronis
1287 1729 1479 1757 Cassandram.
1497 1729 1580 1756 Fann.

1073 1766 1122 1796 .48.
1141 1765 1268 1792 tia/tiliae
1281 1774 1354 1792 arma
1371 1766 1478 1801 reginaz.
1494 1766 1576 1792 Arma
1592 1765 1758 1792 Amazonum
1779 1768 1844 1792 sunt

1041 1802 1113 1836 pelta
1132 1806 1159 1827 et
1180 1801 1310 1835 bipennis.
1327 1801 1455 1835 Bipennis
1470 1809 1549 1836 quam
1563 1801 1662 1836 reginae
1673 1802 1842 1828 Amazonum

1041 1836 1138 1869 eripuit
1157 1836 1297 1868 llercules,
1314 1842 1342 1863 ut
1357 1844 1437 1870 quam
1451 1836 1582 1870 Omphale
1598 1837 1632 1863 ab
1650 1836 1747 1863 eodem
1769 1836 1842 1863 dono

1041 1873 1186 1905 acceperit,
1195 1880 1307 1907 qumque
1316 1872 1348 1899 ad
1359 1872 1495 1907 Lydorum
1504 1876 1597 1906 postea
1606 1871 1743 1899 transierit
1752 1879 1841 1905 rcges,

1042 1908 1204 1942 tandemque
1216 1908 1241 1934 in
1250 1907 1327 1934 Caria
1340 1908 1366 1934 in
1378 1912 1502 1935 ornatum
1512 1907 1586 1935 Jovis
1595 1907 1775 1934 Labradensis
1783 1914 1845 1934 ces-

1041 1944 1118 1974 serit.
1135 1943 1257 1970 inctninit
1277 1943 1438 1970 Plutarchus
1452 1944 1478 1970 in
1497 1942 1599 1977 Quaest.
1621 1943 1723 1971 Grmcis
1743 1950 1768 1976 p.
1789 1943 1839 1970 501

1041 1985 1068 2006 ct
1082 1979 1144 2006 :02.
1161 1978 1209 2007 Ubi
1222 1979 1314 2011 regina
1329 1979 1374 2005 illa
1389 1978 1557 2006 Amazonum
1573 1978 1716 2013 Hippolyte
1730 1984 1843 2005 vocatur

1041 2020 1069 2042 et
1081 2014 1223 2042 interfecta
1238 2015 1272 2041 ab
1286 2014 1401 2042 Hercule
1411 2014 1496 2042 fuisse
1509 2014 1574 2050 (pro
1587 2014 1718 2050 varietate
1731 2013 1841 2048 fabulae)

1042 2050 1250 2090 narrattir.__l_’er
1265 2057 1341 2090 arma
1354 2057 1419 2090 vero
1434 2050 1570 2090 t'ingttlum
1585 2049 1738 2090 intelligere
1754 2050 1841 2083 potuit

1042 2086 1166 2118 Orosius,
1184 2085 1250 2113 illud
1267 2086 1338 2113 enitn
1352 2085 1386 2112 ab
1401 2085 1552 2121 Eurystheo
1565 2084 1664 2112 afferre
1675 2084 1767 2119 jussus
1782 2090 1842 2112 erat

1043 2122 1184 2153 Hercules,
1208 2129 1296 2156 neque
1315 2122 1425 2154 spoliari
1439 2121 1545 2156 cingulo
1562 2125 1668 2154 poterat
1681 2125 1785 2148 armata
1800 2121 1842 2148 vi-

1042 2165 1117 2192 rago,
1133 2157 1183 2184 nisi
1200 2157 1241 2184 vel
1254 2157 1344 2184 occisa
1361 2158 1403 2184 vel
1416 2157 1532 2185 devicta.
1548 2157 1700 2185 Exhibctur
1714 2164 1780 2184 vero
1797 2156 1841 2184 hic

1043 2194 1118 2221 labor
1129 2193 1260 2224 llereulis,
1269 2193 1295 2219 in
1303 2192 1408 2220 duobus
1416 2193 1533 2220 nunnnis
1542 2193 1662 2226 antiquis
1671 2192 1841 2226 imperatoris

1042 2229 1166 2262 Macrini,
1175 2228 1715 2264 primiatqucsecundimoduli,lleraclea:
1723 2228 1748 2254 in
1757 2227 1843 2254 Ponto

1042 2265 1127 2298 ensis,
1143 2263 1278 2300 inquibus
1291 2263 1456 2293 Amazonem
1469 2265 1586 2299 equitem
1598 2264 1681 2299 pedes
1694 2263 1843 2300 insectatur

1043 2301 1185 2333 ilercules,
1203 2300 1310 2328 leonina
1325 2304 1415 2329 tectus
1429 2305 1456 2328 et
1473 2300 1549 2328 clava
1564 2305 1694 2327 armatus.
1714 2299 1743 2326 ln
1759 2299 1844 2326 altero

226 2338 271 2365 15.
286 2334 462 2373 Sinope—ﬁlia.
478 2337 578 2373 Omnes
593 2336 654 2364 libri
673 2344 739 2365 mss.
759 2336 858 2373 Orosii,
882 2344 916 2365 ne
936 2344 989 2365 uno
1002 2334 1028 2364 D
1041 2342 1144 2373 armata
1157 2336 1268 2371 bipenni
1281 2336 1373 2373 regina
1387 2337 1520 2373 minatur,
1531 2335 1584 2373 nisi
1598 2335 1701 2370 insequi
1717 2334 1842 2373 desistat,

1038 2370 1204 2402 deditionem
1225 2370 1349 2407 poscenti
1371 2372 1493 2406 Herculi;
1513 2371 1541 2399 in
1561 2371 1648 2400 altero
1670 2370 1842 2407 prehendens

1042 2407 1170 2437 nudatam
1196 2406 1280 2436 armis
1302 2408 1445 2443 Hercules,
1460 2414 1488 2437 et
1507 2408 1583 2436 clava
1598 2407 1701 2441 minax,
1714 2406 1772 2443 jam
1785 2406 1842 2442 jam

1042 2450 1148 2480 captam
1165 2448 1252 2472 tenet.

189 2372 298 2408 quidem
320 2378 447 2407 excepto,
464 2381 516 2401 non
541 2372 673 2408 Orithyia,
689 2372 737 2401 sed
752 2372 849 2408 Sinope
872 2373 981 2407 legunt;

188 2409 254 2444 quin
269 2413 297 2436 et.
311 2408 356 2445 ed.
372 2409 587 2445 Aug.,quamvis
603 2409 659 2436 sola
672 2409 744 2445 inter
758 2409 858 2445 editos.
873 2409 898 2436 id
910 2416 985 2436 com-

189 2444 295 2479 probat.
320 2444 425 2480 Neque’
435 2444 480 2474 me
492 2449 594 2478 movet,
608 2444 681 2480 quod
695 2444 766 2480 apud
779 2444 914 2473 Justinum
928 2445 991 2473 Ori-

290 2553 583 2680 JIW
621 2643 655 2682 ὠ
826 2643 830 2647 ·

262 2727 300 2804 φ,
448 2752 449 2755 ‘
633 2740 671 2799 ἓ
1332 2757 1334 2759 ’
1366 2691 1557 2802 ἔξω
1581 2705 1729 2797 ·

265 2774 333 2872 7%.
818 2796 895 2870 “iis?
1192 2827 1196 2836 ί
1380 2781 1447 2870 ’ἒ
1506 2790 1559 2872 Ᾰί
1609 2807 1612 2809 ’
1696 2788 1754 2862 ἕ

314 2886 324 2895 ‘
855 2868 879 2890 Ὢ
896 2869 1139 2924 κῶιιέῗῗιέδί
1152 2884 1164 2887 ﬂ
