4092 6346
392 298 401 309 ·
426 270 531 330 ’ΞΞἹ

434 482 537 538 ciae
556 480 666 552 67
696 480 897 535 lectam
924 492 990 535 ac
1019 476 1257 534 nobilem
1284 478 1626 547 juventutem
1655 476 2018 544 contraxerit,

426 589 624 639 novem
657 572 849 644 longas
875 585 1044 628 naves
1074 568 1396 641 prmpararit
1424 587 1437 624 :
1468 570 1509 603 ¹⁹
1538 582 1641 626 nec
1680 575 1865 625 tamen
1891 581 2022 625 con-

428 672 615 721 tentus
634 664 890 720 examine
909 662 1128 731 virium,
1163 676 1231 717 ex
1256 661 1555 733 improviso
1585 659 1828 733 aggredi,
1864 668 1920 716 ct
1944 660 2026 717 in-

418 742 680 831 lsperatas
716 756 1119 814 circumvenire
1145 755 1419 812 maluerit.
1469 756 1600 811 Duae
1641 763 1768 812 tunc
1797 770 2022 814 sorores

424 866 598 923 regno
620 859 917 922 praeerant,
938 849 1176 921 Antiope
1197 859 1251 906 et
1271 848 1576 921 “Orithya.
1601 849 1864 908 Hercules
1883 848 2021 907 mari

432 946 717 1014 advectus,
745 945 995 1000 incautas
1021 943 1377 1016 inermesque
1401 952 1457 999 et
1485 944 1636 1015 pacis
1676 942 1888 1001 incuria
1926 943 2024 1001 de-

424 1038 576 1094 sides
605 1035 903 1108 oppressit.
931 1034 1081 1095 Inter
1108 1048 1279 1091 caesas
1306 1044 1605 1106 captasque
1634 1034 2025 1106 complurimas

431 1133 478 1164 ²¹
501 1132 622 1188 duae
643 1144 865 1187 sorores
887 1129 1162 1200 Antiopte,
1188 1129 1496 1201 Menalippe
1518 1129 1586 1185 ab
1614 1129 1871 1199 Hercule,
1900 1129 2026 1201 Ilip-

430 1225 617 1295 polyte
645 1238 677 1279 a
706 1222 942 1292 Theseo,
963 1223 1009 1253 ¹²
1041 1230 1270 1278 retenta:
1299 1229 1448 1278 sunt.
1479 1220 1586 1278 Sed
1618 1220 1863 1279 Theseus
1893 1221 2028 1294 Ilip-

429 1317 655 1390 polyteu
684 1314 1035 1371 matrimonio
1062 1315 1280 1381 ascivit,
1305 1314 1567 1371 Hercules
1583 1314 1924 1387 Menalippen
1940 1329 2027 1372 so-

428 1409 545 1466 rori
574 1406 833 1474 reddidit,
874 1417 930 1464 et
962 1422 1115 1463 arma
1154 1407 1356 1480 regina:
1406 1407 1583 1478 pretio
1627 1407 2023 1480 redemptionis

424 1500 660 1573 accepit.
689 1500 737 1533 ²³
762 1500 896 1557 Post
923 1500 1209 1571 Oritltyam
1251 1498 1601 1556 Penthesilea
1643 1514 1817 1571 regno
1848 1500 2025 1570 potita

429 1603 515 1650 est
544 1611 557 1646 :
589 1591 746 1664 cujus
774 1591 1013 1663 Trojano
1052 1591 1199 1647 bello
1228 1590 1534 1649 clarissima
1562 1591 1707 1649 inter
1747 1592 1899 1649 viros
1925 1591 2028 1648 do-

427 1695 685 1743 cumenta
711 1684 931 1742 virtutis
971 1684 1302 1756 accepimus.

1840 267 2050 329 PAULI
2087 267 2317 332 OROSII
2389 276 2407 287 ‘

426 384 743 446 inevitabile
790 383 1094 456 periculum
1140 380 1470 449 destinatus,
1515 383 1826 442 universam
1867 383 2025 441 Grte-
2052 391 2105 453 Α

3618 278 3731 340 728

2646 385 2759 462 es
2792 354 3028 446 CAPUT
3064 386 3209 447 xvr.

2198 519 2452 595 Epilogus
2480 521 2710 579 historia:
2738 523 3061 580 Amazonum
3088 541 3107 581 :
3135 527 3191 582 in
3217 543 3320 598 quo
3347 539 3655 600 prmsentem

2430 601 2793 659 Romanorum
2820 602 3109 661 caecitatem
3136 607 3441 664 insectatur.

2196 763 2338 821 Proh
2355 762 2536 832 dolor,
2568 763 2734 835 pudet
2760 764 2966 822 erroris
3001 767 3246 822 humani.
3277 766 3528 825 Mulieres
3555 768 3735 839 patria

2131 863 2376 938 profuga
2417 864 2695 937 Europam
2722 876 2886 937 atque
2909 866 3100 931 Asiam
3128 908 3145 935 ,
3176 867 3231 924 id
3258 875 3344 927 est
3367 909 3384 935 ,
3418 869 3436 901 ι
3465 869 3738 941 plurimas

2130 966 2566 1039 fortissimasque
2594 966 2779 1023 mundi
2811 975 2995 1038 partes
3023 968 3392 1038 intraverunt,
3426 979 3737 1043 pervagata:

2130 1058 2278 1141 sunt,
2300 1069 2644 1136 deleverunt,
2664 1079 2883 1126 centum
2907 1084 3048 1142 pene
3069 1072 3230 1129 annis
3250 1073 3552 1131 evertendo
3568 1075 3739 1131 urbes

2132 1170 2415 1243 plurimas,
2442 1172 2463 1204 ²
2487 1178 2652 1242 atque
2671 1170 2810 1227 alias
2831 1170 3242 1242 constituendo,
3272 1162 3566 1231 tenuerunt
3594 1195 3605 1230 :
3632 1190 3741 1233 nec

2131 1281 2314 1330 tamen
2344 1274 2367 1306 ³
2409 1273 2648 1332 miseria:
2679 1274 2962 1331 hominum
3002 1290 3259 1346 pressura
3291 1284 3600 1347 temporum
3640 1277 3741 1333 de-

2131 1384 2313 1447 putata
2340 1383 2442 1433 est.
2477 1375 2499 1407 ⁸
2530 1376 2689 1433 Modo
2712 1385 2895 1433 autem
2925 1377 2946 1408 ³
2986 1375 3143 1434 Getae
3181 1378 3261 1434 illi
3290 1423 3305 1449 ,
3356 1378 3450 1450 qui
3494 1387 3551 1436 et
3588 1395 3743 1437 nunc

2132 1478 2332 1546 Gothi,
2363 1479 2385 1511 ⁸
2412 1493 2550 1550 quos
2578 1478 2891 1537 Alexander
2919 1481 2940 1512 "
2971 1479 3262 1537 evitandos
3291 1482 3686 1552 pronuntiavit,
3713 1485 3742 1516 ⁸

2131 1582 2374 1655 Pyrrhus
2405 1581 2730 1651 exhorruit,
2762 1583 2948 1640 Ctesar
2978 1583 3145 1640 etiam
3169 1582 3505 1653 declinavit,
3532 1585 3745 1642 relictis

2133 1685 2574 1757 vacuefactisque
2597 1686 2619 1719 ³
2645 1682 2868 1743 sedibus
2895 1682 3012 1742 suis
3031 1725 3048 1755 ,
3081 1683 3126 1716 ¹⁰
3150 1697 3218 1741 ac
3244 1683 3373 1742 totis
3398 1682 3605 1743 viribus
3653 1694 3740 1743 tot

1718 1797 2174 1858 HAVERCAMPI
2208 1798 2439 1857 NOT/E.

505 1896 595 1953 i9.
639 1892 757 1950 Nec
786 1903 980 1951 tamen.
1010 1891 1153 1951 Edd.
1177 1897 1425 1967 qutcdam
1446 1935 1462 1963 ,
1492 1908 1585 1951 nec
1614 1900 1787 1965 tanto,
1816 1892 2021 1966 prima,

2131 1891 3056 1969 'Alla't_0auttetarov_ot‘t_t_t_npe'tygaatv
3101 1890 3240 1969 υξῖω
3278 1892 3517 1969 «uictui;
3542 1892 3744 1969 π)ᾳνᾶο

442 1979 532 2023 τεο
554 1975 771 2023 tantum.

510 2039 601 2095 20.
630 2036 911 2109 AOrithya.
924 2035 1085 2109 Varie
1110 2036 1165 2094 in
1196 2052 1332 2094 mss.
1373 2045 1429 2094 et
1453 2036 1614 2093 editis
1642 2035 1902 2109 scribitur
1930 2035 2034 2109 0r-

438 2110 573 2181 thia,
611 2106 840 2181 Orithia,
876 2106 1122 2181 Drethia,
1158 2110 1393 2181 Urthya,
1426 2108 1638 2181 Oitjitia.
1666 2109 1800 2181 Cum
1827 2107 2035 2181 Graecis

440 2180 789 2236 scribendum
810 2187 896 2235 est
912 2178 1143 2238 Otreria.
1161 2178 1477 2236 Vide'Nolas
1495 2179 1744 2236 Salmasii
1763 2181 1817 2233 in
1835 2179 2036 2234 Justini

441 2251 739 2306 novissima
758 2251 1020 2306 editione.
1036 2250 1161 2307 Mox
1179 2251 1306 2307 edd.
1322 2250 1567 2317 quaedam
1585 2268 1739 2320 quam
1758 2250 2033 2319 plurimas.

515 2322 607 2395 21.
641 2321 776 2376 Duae
801 2337 1005 2395 sorores
1033 2322 1598 2395 Antioptr_._l)iodorus
1626 2323 1855 2395 scribit,
1898 2320 2038 2395 Iler-

448 2393 627 2447 culem
649 2408 680 2447 e
699 2391 1233 2464 captivisAntiapam
1253 2392 1470 2449 Theseo
1491 2394 1747 2461 donasse,
1774 2391 2035 2464 Menatip—

450 2479 573 2533 pam
600 2462 824 2531 accepto
854 2462 1081 2519 Baltheo
1108 2462 1390 2520 liberasse.
1434 2464 1758 2534 Apollonius
1787 2462 2035 2518 Rhodius

2137 1969 2256 2022 σθαι
2277 1962 2510 2039 inopia-tt
2533 2004 2548 2030 ,
2576 1962 2659 2039 _ail.
2684 1962 3008 2039 Plutarchus
3040 1962 3099 2019 in
3126 1963 3345 2021 Theseo
3390 1964 3461 2022 de
3486 1964 3591 2021 hoc
3621 1967 3745 2037 ipso

2139 2052 2310 2108 agens
2339 2033 2545 2108 :'_quem
2576 2034 2716 2105 lege.
2746 2033 2922 2108 Fs_nn.

2211 2107 2305 2162 22.
2349 2104 2584 2161 Retenta:
2608 2104 2753 2163 sunt.
2807 2104 3079 2162 Resecant
3121 2113 3463 2178 postremum
3511 2107 3743 2165 verbum

2142 2179 2387 2251 quidam_
2400 2192 2468 2232 ex
2499 2192 2635 2251 mss.

2212 2249 2304 2304 25.
2346 2247 2477 2303 Post
2510 2248 2785 2320 Orithyam
2814 2245 3167 2304 Penthesilea.
3209 2247 3555 2306 Penthesilea
3581 2252 3747 2304 Ama—

2145 2336 2343 2377 zonum
2374 2320 2565 2391 regina
2595 2319 2718 2390 post
2751 2320 3002 2375 Hectoris
3030 2319 3235 2375 eadem
3263 2321 3514 2391 Trojanis
3537 2322 3746 2376 auxilio

2138 2393 2325 2449 venit:
2356 2405 2663 2462 magnoque
2695 2400 2927 2462 numero
2948 2391 3263 2446 Graecorum
3289 2394 3496 2457 occiso,
3521 2393 3744 2448 tandem

2140 2464 2254 2534 ipsa
2274 2462 2485 2534 fortiter
2506 2461 2752 2533 pugnans
2774 2461 2842 2516 ab
2858 2462 3070 2534 Achille
3095 2462 3379 2534 interfecta
3399 2463 3518 2527 l‘uit,
3541 2463 3747 2519 Diodo-

449 2532 644 2617 canit.2
713 2534 1310 2617 Hippolytamllerculi
1354 2532 1601 2617 balteum
1653 2535 1936 2617 donasse,
1977 2541 2039 2589 ut
2137 2532 3741 2617 ruslib..tt,DictysCretettsislib.tv.FA_en.-7Heutoriam

448 2603 837 2677 Menalippam‘
854 2603 952 2677 per
981 2604 1206 2677 insidias
1246 2615 1457 2676 captam
1502 2607 1782 2662 liberaret.
1812 2605 2038 2661 Tzetzes
2142 2605 2304 2675 hujus
2333 2603 2628 2677 Amazonis
2650 2646 2665 2672 ,
2692 2603 2968 2675 aedisque
3003 2606 3123 2677 ejus
3147 2644 3166 2674 ,
3193 2607 3264 2660 ab
3296 2605 3512 2661 Achille
3530 2604 3698 2677 [actae
3722 2649 3739 2673 ,

451 2673 991 2748 ntavult’,’Antio'pam
1006 2675 1276 2747 luisse(ex
1305 2673 1409 2748 qua
1423 2677 1669 2735 Theseus
1689 2677 2040 2747 Hippolytum
2143 2673 2329 2732 servat
2356 2675 2448 2733 hic
2478 2691 2733 2735 nummus
2775 2673 3159 2736 contorniatus
3199 2691 3269 2734 ex
3313 2678 3500 2736 Musca
3528 2673 3742 2734 Farne-

452 2747 775 2807 suscepsriti
794 2762 956 2807 quam
975 2747 1343 2807 Hippolvtam.
1359 2759 1415 2806 ut
1436 2748 1763 2807 choohron
1783 2747 2002 2807 scripsit
2022 2763 2037 2801 :
2143 2747 2321 2807 siano.

452 2747 775 2819 susceperit)
794 2747 956 2821 quam
975 2747 1343 2821 Hippolytam,
1359 2759 1415 2806 ut
1436 2748 1763 2823 Lycophron
1783 2747 2002 2819 scripsit
2022 2763 2037 2801 :

1267 3206 1337 3309 ῖ
1935 3212 2001 3287 ’γ
2206 3211 2278 3293 ξ
2887 3169 2967 3281 “'3

1220 3268 1301 3396 ἔ
1799 3361 1821 3379 9
1975 3264 2036 3395 ἓὶ
2085 3363 2138 3395 -
2192 3322 2248 3375 ρ
2377 3249 2551 3408 ςς;«
2791 3322 2808 3336 ’Ἴ

1216 3423 1281 3483 ©
2194 3408 2255 3477 <
3063 3464 3064 3467 γ

1234 3490 1326 3600 2“
1390 3479 1537 3646 i3
1814 3576 1829 3622 δ
1901 3539 2005 3632 “’

428 3964 437 3968 ‘
501 3956 632 4013 Car.
661 3952 935 4010 XVl.—l.
976 3951 1244 4007 Plurimus
1270 3951 1679 4023 fortissimosque
1701 3947 1879 4024 mundi
1901 3964 2025 4020 p'tr-
2048 3954 2095 4018 ο
2128 3948 2425 4024 redegisse.
2442 3948 2618 4024 Fasti.
2643 3979 2714 3991 —
2732 3949 2929 4024 Oros.,
2955 3950 3050 4008 lib.
3074 3966 3169 4018 vn,
3192 3965 3315 4024 cap.
3340 3950 3433 4018 54,
3465 3948 3733 4007 Maxima:

432 4039 527 4084 tes.
580 4029 678 4083 Ed.
702 4026 855 4098 Aug.
894 4025 1148 4098 plurimas
1179 4025 1362 4078 mandi
1392 4034 1564 4093 partes
1594 4023 2023 4093 fortissimosque.

430 4100 554 4155 Mox
586 4098 675 4154 ed.
706 4096 973 4168 quaedam,
1006 4106 1052 4150 et
1082 4109 1286 4168 centum
1311 4111 1445 4168 p._a,

498 4174 552 4226 2.
595 4163 761 4240 Atque
789 4169 922 4222 alias
949 4163 1330 4240 constituendo.
1364 4165 1583 4240 Ed.gpr.
1614 4163 1866 4240 et__Lugd.
1898 4165 2015 4240 Bal.

430 4251 582 4307 tert.,
613 4237 765 4310 atque
793 4240 929 4294 alias
956 4239 1327 4310 construendo.
1372 4237 1547 4292 Paris.
1579 4245 1634 4292 et
1670 4237 1920 4302 Venetas,
1964 4239 2021 4290 in

422 4308 791 4369 construendo.
824 4310 998 4380 Lugd.
1034 4308 1153 4363 Bst.
1175 4318 1395 4380 iquart.,
1428 4310 1659 4380 aliasque
1686 4310 2017 4380 exstruendo.

499 4386 556 4440 '5.
575 4391 579 4395 ’
599 4382 825 4438 Miseriat
855 4379 1142 4434 heminam.
1173 4379 1277 4435 Ed.
1316 4381 1454 4450 Aug.
1486 4379 2013 4450 miscriajtominum.

497 4459 554 4510 4.
596 4452 758 4507 Modo
783 4460 976 4506 autem.
1021 4450 1189 4506 Abest
1215 4465 1320 4505 vox
1347 4448 1622 4521 postrema
1644 4464 1673 4503 a
1695 4448 1871 4506 Periz.

499 4524 554 4581 5.
594 4522 739 4579 Getta
765 4523 866 4589 illi,
898 4523 985 4593 qui
1013 4530 1061 4576 et
1088 4537 1224 4593 nunc
1252 4520 1429 4577 Gothi.
1458 4521 1933 4593 Sie_Hieronymus
1962 4522 2016 4578 in

426 4597 687 4655 Genesin.
712 4589 996 4663 Gothosfab
1017 4591 1251 4649 eruditis
1270 4593 1508 4663 antiquis
1530 4589 1687 4647 Getas
1710 4589 2015 4649 nominatos

426 4683 553 4725 esse
574 4674 805 4723 testatur
835 4682 847 4717 :
877 4662 1033 4719 Getas
1075 4674 1255 4719 autem
1293 4662 1442 4719 trans
1469 4663 1690 4720 Emum
1735 4664 1879 4733 apud
1914 4665 2015 4719 Da-

423 4739 651 4795 nubium
680 4737 841 4793 sedes
872 4735 1131 4791 habuisse
1171 4744 1362 4791 auctor
1394 4745 1481 4791 est
1519 4734 1622 4790 Dio
1664 4732 1842 4790 lib.”
1871 4745 1926 4791 et
1957 4737 2014 4791 in

422 4810 730 4867 Domitiano
760 4806 1070 4878 Xiphilintts
1117 4820 1185 4861 ex
1216 4807 1431 4862 eodem.
1480 4804 1629 4861 Idem
1672 4806 1774 4860 Dio
1814 4806 2010 4878 librum

420 4882 491 4938 de
518 4881 682 4937 rebus
701 4876 1001 4936 Gothorum
1030 4879 1232 4934 Γετικὸν
1264 4878 1727 4948 ἱηεοιυίρεεηιηιιι
1756 4891 1821 4932 ex
1846 4876 2012 4934 Suida

422 4953 796 5024 cognoscitur.
821 4948 1168 5024 Claudianus
1197 4950 1362 5024 etiam
1400 4946 1600 5024 passim
1626 4946 1878 5024 Getarum
1912 4965 2011 5024 no-

418 5019 569 5080 mine
596 5022 793 5079 Gothos
819 5019 1091 5091 intelligit.
1125 5020 1234 5091 Sed
1263 5019 1440 5077 Graeci
1468 5020 2013 5091 reruntecclesiasti-

417 5110 605 5152 carum
644 5094 943 5163 scriptores
976 5088 1109 5163 illos
1133 5088 1349 5154 Γότθους
1385 5099 1600 5147 vocant.
1630 5090 1798 5146 ann.
1821 5121 1893 5131 —
1917 5092 2012 5149 Sic

415 5166 481 5221 Β.
498 5162 860 5237 Hieronymus
882 5165 936 5219 in
956 5162 1191 5237 Genesin
1217 5164 1411 5218 Gothos
1433 5163 1507 5237 ab
1521 5164 1748 5237 eruditis
1769 5164 2011 5235 antiquis

418 5237 576 5295 Getas
615 5233 919 5308 appellatos
964 5236 1135 5291 fuisse
1178 5243 1427 5308 testatur.
1470 5233 1802 5308 Claudianus
1841 5233 2005 5308 etiam

2124 4020 2250 4075 illas
2265 4021 2541 4093 Scythicas
2562 4031 2759 4094 gentes,
2777 4023 3185 4094 formidatasque
3205 4020 3403 4077 cunctis
3418 4024 3730 4094 majoribus,

2126 4092 2425 4166 Alexandro
2448 4092 2670 4166 quoque,
2702 4092 2784 4149 illi
2815 4092 3029 4166 Magno,
3064 4092 3194 4150 sicut
3223 4092 3508 4166 Pompeius
3533 4093 3729 4150 Corne-

2123 4165 2326 4235 liusque
2353 4165 2522 4220 testati
2555 4175 2692 4230 sunt,
2727 4165 2962 4220 evitatas.

2196 4236 2252 4359 7d.
2295 4234 2600 4293 Evitandos.
2648 4235 2820 4307 Lugd.
2865 4237 2987 4294 Bat.
3028 4251 3219 4293 omnes
3255 4250 3380 4292 cum
3419 4234 3600 4304 Ultr.,
3645 4236 3725 4290 vi-

2196 4325 2210 4359 !
2253 4323 2329 4359 08.

2122 4314 2329 4362 tandos.

2193 4379 2262 4457 8._
2290 4377 2551 4457 Pyrrhus.
2579 4378 2897 4457 Lugd._B_at.
2924 4379 3111 4452 Cyrus.
3139 4379 3282 4457 Male
3306 4397 3320 4436 :
3349 4380 3567 4457 is__enim
3589 4378 3722 4457 Ale-

2121 4449 2386 4505 xandrum
2416 4449 2727 4521 praecedere
2748 4449 3029 4522 debuerat,
3058 4461 3114 4507 et
3139 4452 3379 4521 loquitur
3397 4452 3623 4509 Orosius
3643 4451 3718 4506 de

2120 4522 2332 4591 magnis
2356 4522 2601 4591 regibus,
2628 4522 2721 4592 qui
2745 4523 3005 4591 congredi
3030 4538 3153 4578 cum
3180 4523 3376 4579 Gothis
3410 4523 3569 4579 veriti
3596 4522 3718 4576 fue-

2118 4593 2253 4658 rint,
2282 4595 2528 4663 quamvis
2553 4594 2620 4648 ad
2644 4608 2832 4666 eorum
2859 4603 3037 4650 terras
3059 4595 3416 4666 penetrarint.
3444 4594 3619 4666 Cyrus
3643 4608 3717 4650 eo

2120 4678 2293 4734 usque
2320 4679 2429 4719 non
2459 4665 2752 4735 pervenit,
2802 4664 2851 4720 is
2887 4664 3126 4736 Scythia:
3169 4664 3371 4723 bellum
3416 4664 3665 4723 inferens
3694 4704 3715 4733 ,

2117 4737 2352 4807 turpiter
2381 4737 2575 4802 victus,
2609 4737 2883 4807 occubuit.

2187 4805 2242 4880 li.
2284 4806 2509 4864 Sedibus
2532 4807 2660 4862 suis.
2694 4805 2811 4880 lion
2839 4815 3143 4879 agnoscunt
3168 4818 3496 4880 postremam
3515 4822 3711 4865 vocem

2114 4876 2242 4933 edd.
2276 4893 2386 4948 pr.,
2422 4880 2594 4934 Paris.
2621 4888 2680 4935 et
2708 4876 2949 4935 Venetia.

2187 4950 2278 5006 l0.
2309 4950 2384 5005 Ac
2403 4955 2524 5022 totis
2546 4951 2738 5005 viribus
2757 4960 2830 5006 tot
2847 4950 2973 5022 R.i.
2988 4967 3045 5022 ρ.
3069 4949 3197 5008 Feci
3216 4967 3285 5009 ex
3305 4954 3400 5009 toti
3418 4951 3711 5008 Romanas.

2114 5019 2282 5094 Laur.
2323 5020 2872 5094 e—Etttendationem
2921 5019 3102 5094 Lautii
3152 5039 3315 5094 quam
3363 5025 3417 5080 in
3466 5025 3713 5080 editione

2113 5092 2431 5164 Moguntina
2464 5093 2670 5164 recepit
2702 5094 2943 5160 Seouus,
2974 5092 3305 5151 conﬁrmant
3329 5111 3395 5152 cx
3425 5095 3712 5152 codicibus

2113 5179 2247 5219 mss.
2272 5164 2423 5237 Flor.
2454 5174 2578 5218 tert.
2612 5175 2671 5237 et
2698 5165 2840 5222 Ultr.
2868 5210 2884 5237 ,
2936 5179 3109 5237 eaque
3154 5166 3287 5221 nihil
3327 5169 3534 5223 certius
3571 5176 3657 5223 est
3687 5211 3705 5237 ,

2112 5210 2358 5310 iugata.
2378 5210 3708 5310 Ῑςοᾶἱῖὲεῑᾱ.’ῥὶῖἶῐοῖριῖιῖιῗότίὶἰὶξέὲιᾜὶὖζιέὀξυζ

411 5304 908 5381 μεεὶηιςσειανιιηι
938 5308 1157 5381 nomine
1182 5304 1378 5381 Gothos
1406 5305 1665 5381 intelligit
1698 5321 1714 5365 ;
1771 5314 1826 5361 et
1856 5305 2008 5362 Getas
2110 5308 2246 5381 ferri
2264 5306 2462 5381 possit,
2496 5322 2558 5360 ac
2578 5304 2936 5381 totis'viribus
2964 5304 3384 5378 tuti—Romanas,
3417 5304 3552 5379 e'tc.,
3583 5304 3711 5380 qua:

411 5376 566 5438 irans
588 5379 827 5447 Emum,
855 5379 998 5451 apud
1026 5377 1329 5451 Danubium
1358 5378 1515 5433 sedes
1540 5376 2007 5451 habuisse‘auctor
2031 5385 2087 5447 D
2112 5376 2415 5451 significant
2445 5379 2662 5451 nemine
2693 5381 2984 5437 resistente
3020 5376 3377 5449 irruptionem
3404 5381 3458 5436 in
3481 5376 3711 5451 provin-

407 5464 494 5510 est
526 5453 707 5520 Diod.,
739 5446 836 5506 lib.
870 5446 922 5504 vi.
957 5449 1069 5505 Sed
1095 5448 1269 5504 Graeci
1299 5464 1479 5505 rerum
1506 5446 1998 5507 ecclesiasticarum

405 5526 705 5597 scriptores
732 5522 853 5597 illos
889 5521 1076 5597 Γᾷθους
1105 5529 1324 5597 vocant.
1345 5520 1531 5597 Laur.

2110 5448 2222 5506 cias
2245 5450 2517 5522 Romanas
2543 5448 2742 5506 fecisse
2760 5490 2777 5519 ,
2804 5452 3051 5522 adeoque
3080 5448 3201 5507 sine
3237 5451 3406 5508 dubio
3434 5448 3714 5508 Romano-

2106 5536 2223 5592 [utn
2254 5564 2269 5590 ,
2316 5520 2364 5576 si
2410 5521 2581 5592 velint
2610 5522 2738 5578 belli
2772 5520 2973 5579 facere
3003 5524 3303 5592 periculum
3339 5566 3354 5592 ,
3411 5527 3711 5592 praevalere

468 5579 700 5662 ϐΪΩαοε
721 5594 1018 5647 Alexander
1038 5579 1537 5665 evitnttdos.Strabo
1561 5591 1683 5646 libr.
1708 5591 2003 5665 vttseribit
2107 5579 2338 5665 furibus.
2389 5591 2575 5665 Neque
2622 5594 2801 5650 solum
2853 5579 3156 5665 sequuntur
3211 5579 3353 5650 hanc
3406 5579 3704 5653 icctiouetti

401 5665 769 5723 Alexandrum
797 5666 848 5719 iu
872 5679 938 5719 ea
958 5662 1331 5733 expeditione,
1361 5678 1521 5733 quam
1546 5665 1813 5733 adversus
1835 5662 2001 5718 Thra-

398 5754 493 5793 cas
536 5749 683 5793 trans
709 5737 928 5793 IEmum
958 5732 1262 5816 incolentes
1292 5732 1533 5816 suscepit
1559 5774 1573 5799 ,
1612 5736 1679 5790 ad
1710 5732 1869 5789 Getas
1899 5749 1995 5805 pe-

394 5817 641 5866 netrasse
669 5853 683 5879 ,
730 5822 1030 5876 eorumque
1074 5814 1355 5863 ctvttatem
1382 5814 1438 5861 in
1462 5819 1614 5863 suam
1658 5815 1988 5877 potestatem

2114 5663 2335 5737 _Vettet:e
2371 5673 2428 5719 ct
2468 5664 2641 5721 l’aris.
2676 5710 2690 5735 ,
2740 5663 3293 5737 verum'conlirmant
3323 5681 3541 5737 quoque
3567 5683 3706 5723 mss.

2107 5733 2281 5806 Lugd.
2321 5736 2460 5808 Batt.
2504 5751 2587 5805 pr.
2630 5733 2689 5792 et
2717 5745 2899 5808 quart.
2938 5736 3089 5793 Meus
3131 5736 3325 5808 scribit
3341 5733 3515 5808 'totos.
3543 5738 3703 5808 Quod

2107 5821 2239 5866 vero
2263 5808 2319 5866 in
2348 5807 2571 5880 reliquis
2596 5817 2681 5866 est
2707 5809 2800 5865 toti
2821 5807 3106 5877 Romanas,
3136 5818 3244 5865 etc.
3274 5807 3432 5866 nihili
3455 5807 3577 5865 est.
3615 5863 3636 5885 ‘
