3962 6336
289 307 398 367 755
767 359 776 363 -
809 355 847 365 ..
1686 295 1895 354 PAULI
1934 294 2161 354 ORUSlI
3491 288 3605 349 736

301 420 511 495 injecit.
543 421 652 496 75
674 420 696 454 ⁷
718 418 858 477 Exin
879 432 1107 491 regnum
1131 417 1480 491 Assyriorum
1498 415 1552 471 in
1566 413 1754 470 Medos
1771 427 1902 470 con-
1928 418 1981 477 Α
2006 412 2295 484 acriusque
2321 419 2601 470 certamen
2635 410 2927 476 instaurat,
2959 407 3246 481 proposito
3273 407 3388 465 suis
3423 418 3604 480 metu,

306 517 498 575 cessit.
540 515 751 573 Deinde
797 513 984 571 multis
1026 511 1233 584 praeliis
1279 508 1517 580 undique
1537 510 1559 542 ⁸
1589 516 1905 563 scatescen-
2006 505 2051 560 si
2079 505 2202 576 quis
2225 507 2270 538 ²²
2303 520 2334 561 e
2365 505 2555 576 praelio
2583 504 2782 561 cedere
2808 502 3114 568 moliretur,
3141 500 3292 557 ferro
3315 502 3362 534 ³³
3385 502 3608 572 excipe-

301 610 470 676 tibus,
494 623 616 679 qua:
648 622 742 678 per
757 605 1004 662 ordinem
1035 603 1309 660 disserere
1339 615 1685 672 nequaquam
1715 607 1902 668 aptum

311 703 548 769 videtur,
578 715 677 772 per
703 699 884 756 varios
916 705 1212 768 proventus
1242 694 1309 750 ad
1342 693 1572 764 Scythas
1597 690 1907 746 Chaldaaos-

302 810 452 867 que,
482 803 539 849 et
587 807 778 849 rursus
805 790 872 846 ad
899 789 1084 848 Medos
1111 786 1270 858 parili
1298 787 1382 842 via
1415 789 1435 820 °
1471 783 1655 841 rediit.
1716 783 1770 837 In
1802 797 1906 854 qua

303 887 576 944 brevitate
607 882 948 954 pensandum
983 888 1107 936 est:
1139 886 1360 950 quanta:
1389 878 1581 941 ruinze,
1617 874 1909 944 cladesque

306 977 553 1050 gentium
585 975 760 1042 fuere,
795 982 997 1046 quanta
1025 972 1165 1029 bella
1198 970 1495 1040 fluxerunt,
1528 968 1616 1024 ubi
1643 968 1803 1023 toties
1833 974 1911 1021 tot

314 1083 370 1129 et
397 1073 526 1127 talia
552 1084 721 1140 regna
751 1076 959 1124 mutata
992 1075 1136 1122 sunt.
1173 1066 1215 1097 ¹⁰
1245 1065 1377 1119 Post
1404 1065 1519 1118 ha-c
1544 1062 1712 1117 Medis
1741 1061 1914 1116 Phra-

313 1171 466 1221 ortes
500 1164 538 1195 ¹¹
575 1161 912 1231 impcritavit
938 1201 953 1226 ,
982 1158 1074 1230 qui
1107 1159 1218 1230 76
1241 1154 1587 1212 creberrimis
1623 1154 1912 1209 Persarum

312 1255 778 1328 Assyriorumqnc
825 1252 989 1308 bellis
1029 1251 1226 1323 viginti
1257 1260 1314 1305 ct
1345 1250 1482 1304 duos
1512 1247 1668 1319 regni
1698 1247 1781 1301 sui
1810 1263 1913 1301 an-

321 1363 422 1404 nos
452 1344 821 1415 consumpsit.
859 1346 902 1377 ¹²
935 1345 1069 1400 Post
1111 1343 1259 1398 hunc
1286 1341 1500 1396 Diocles
1526 1340 1804 1410 regnavit,
1833 1341 1916 1392 vir

316 1441 489 1496 armis
520 1439 564 1472 ¹³
594 1437 1107 1510 experientissimus
1127 1478 1142 1503 ,
1175 1449 1500 1505 semperque
1533 1431 1696 1487 bellis
1723 1431 1918 1486 immo-

312 1543 465 1590 ratus
490 1549 506 1600 ;
541 1534 634 1604 qui
661 1542 884 1588 auctum
904 1530 945 1563 ¹¹⁵
966 1532 1077 1587 late
1107 1531 1397 1600 imperium
1427 1527 1670 1584 moriens
1695 1526 1918 1598 Astyagi

315 1628 490 1685 dedit.
522 1629 566 1660 ¹³
595 1629 866 1701 Astyages
892 1671 906 1695 ,
954 1625 1101 1682 virili
1132 1625 1286 1694 prole
1316 1636 1554 1688 vacuus,
1583 1620 1783 1692 Cyrum
1825 1636 1920 1676 ne-

319 1733 503 1792 potem
531 1721 675 1793 apud
708 1722 905 1776 Persas
927 1720 1168 1791 genitum
1204 1718 1413 1773 habuit.
1439 1715 1546 1773 Sed
1569 1713 1768 1787 Cyrus,
1794 1729 1920 1770 mox

2008 611 2178 656 retur.
2219 600 2330 670 Qua
2363 601 2693 657 necessitate
2727 600 2996 654 instanter
3021 595 3190 652 Medis
3215 596 3604 667 pugnantibus,

2009 692 2057 725 ²¹⁵
2087 693 2240 764 pulsa
2289 693 2486 748 iterum
2519 693 2808 749 Persarum
2839 690 2987 746 acies
3008 731 3023 756 ,
3069 703 3194 744 cum
3229 689 3485 756 paulatim
3512 704 3609 744 ce-

2010 788 2198 856 deret,
2243 799 2448 846 matres
2476 799 2532 845 et
2575 803 2776 844 uxores
2813 801 3005 843 eorum
3035 785 3255 840 obviam
3287 795 3608 852 occurrunt,

2011 891 2190 951 orant,
2221 884 2268 915 ’⁸
2294 882 2348 938 in
2371 883 2618 953 prtelium
2647 881 2754 953 77
2782 887 3165 936 revertantur:
3198 877 3608 946 cunctantibus,

2014 974 2230 1030 sublata
2280 984 2437 1031 veste
2462 1017 2477 1043 ,
2531 973 2792 1057 obscasn’a
2821 971 3069 1043 corporis
3091 968 3428 1035 ostendunt,
3462 985 3613 1040 qua:-

2015 1080 2221 1137 rentes,
2249 1073 2298 1105 “
2327 1089 2454 1128 num
2483 1072 2540 1127 in
2563 1082 2749 1128 uteros
2777 1079 3013 1125 matrum
3039 1070 3127 1126 vel
3151 1084 3380 1123 uxorum
3407 1066 3616 1121 vellent

2015 1165 2288 1236 refugere.
2348 1165 2468 1233 Quo
2509 1167 2650 1221 facto
2699 1165 3093 1220 erubescentes
3142 1164 3196 1218 in
3247 1162 3494 1232 przelitnn
3524 1176 3615 1215 re-

2016 1255 2186 1312 deunt
2211 1275 2223 1311 :
2247 1265 2304 1314 et
2331 1257 2474 1313 facta
2509 1258 2891 1328 impressione,
2920 1270 3058 1326 quos
3084 1254 3386 1326 fugiebant,
3419 1253 3616 1323 fugere

2018 1351 2376 1421 compellunt.
2433 1351 2510 1407 lbi
2550 1361 2677 1407 tunc
2727 1352 2996 1424 Astyages
3043 1352 3279 1421 capitur,
3325 1350 3412 1405 cui
3439 1349 3618 1421 Cyrus

2021 1441 2158 1496 nihil
2187 1441 2333 1498 aliud
2361 1457 2525 1513 quam
2555 1457 2780 1507 regnum
2807 1442 3064 1509 abstulit,
3091 1455 3328 1511 eumque
3363 1440 3618 1493 maxima:

2021 1533 2399 1605 Hyrcanorum
2446 1535 2592 1605 genti
2624 1533 2944 1606 prmposuit.
2993 1532 3050 1588 In
3081 1533 3268 1588 Medos
3295 1547 3426 1586 vero
3455 1532 3498 1562 ’7
3527 1545 3617 1585 rc-

2021 1627 2160 1683 vcrti
2209 1627 2327 1699 ipse
2381 1627 2578 1684 noluit.
2645 1631 2694 1684 Is
2743 1628 2872 1683 linis
2915 1626 3129 1697 imperii
3174 1625 3451 1681 Medorum
3489 1624 3610 1680 fuit.

2022 1717 2130 1773 Sed
2181 1719 2462 1785 civitates,
2509 1735 2630 1790 quae
2674 1718 2976 1776 tributariae
3013 1717 3295 1774 Medorum
3347 1727 3548 1784 erant,
3583 1732 3617 1773 a

319 1823 378 1870 ut
405 1813 686 1883 adolevit,
714 1821 1044 1882 congregata
1073 1811 1360 1867 Persarum
1387 1824 1573 1876 manu,
1607 1822 1710 1863 avo
1740 1816 1917 1863 certa-
1950 1811 1997 1872 B
2022 1809 2166 1883 Cyro
2197 1810 2520 1868 defecerunt
2548 1829 2563 1868 :
2592 1827 2714 1882 qua:
2738 1828 2826 1870 res
2851 1811 2996 1885 Cyro
3020 1811 3316 1867 multorum
3345 1809 3617 1868 bellorum

336 1921 460 1961 men
489 1905 708 1961 indixit.
740 1905 784 1936 ¹⁶
814 1904 988 1960 Porro
1015 1904 1285 1975 Astyages
1316 1900 1523 1955 oblitus
1553 1899 1784 1955 sceleris
1813 1897 1921 1966 sui,

324 1996 473 2067 quod
503 1995 559 2052 in
588 1996 630 2029 ¹⁷
662 1996 973 2067 Harpagum
1002 1993 1206 2049 dudum
1230 1991 1553 2058 admiserat,
1586 2000 1708 2046 cutn
1752 1991 1921 2045 tilium

326 2088 448 2157 ejus
478 2088 699 2144 unicum
727 2096 783 2144 et
806 2086 1088 2159 parvulum
1134 2083 1447 2151 interfecit,
1481 2083 1925 2155 epulandumque

328 2178 472 2248 patri
497 2178 785 2249 apposuit,
817 2192 880 2233 ac
906 2192 975 2234 ne
1005 2176 1139 2248 quid
1172 2174 1567 2231 infelicissimae
1597 2174 1821 2230 orbitati
1849 2173 1928 2230 fe-

327 2271 404 2327 lix
433 2272 744 2343 ignorantia
771 2271 1152 2337 subtraheret,
1183 2268 1415 2325 infames
1444 2268 1657 2340 epulas,
1688 2268 1928 2324 ostensis

331 2365 474 2435 patri
528 2381 652 2420 cum
705 2365 886 2436 capite
932 2363 1229 2428 manibus,
1275 2362 1690 2434 improperavit.
1754 2361 1929 2432 llnjus

330 2472 462 2528 ergo
493 2456 623 2513 facti
648 2459 691 2491 ¹⁸
717 2456 1030 2525 immemor,
1066 2457 1171 2528 ipsi
1213 2455 1462 2526 llarpago
1493 2470 1762 2511 summam
1795 2455 1930 2512 belli

331 2553 373 2585 ’θ
401 2551 736 2616 committit,
787 2551 879 2623 qui
911 2561 1193 2622 acceptum
1229 2551 1531 2606 exercitum
1574 2549 1756 2604 statim
1785 2547 1929 2620 Cyro

332 2644 380 2676 ιο
408 2659 505 2714 per
533 2643 908 2716 proditionem
938 2642 1126 2700 tradit.
1158 2642 1278 2710 Quo
1303 2655 1610 2713 comperto,
1634 2641 1928 2712 AStyages,

332 2737 504 2809 raptis
553 2751 739 2794 secum
767 2738 964 2810 e0piis,
995 2735 1051 2793 in
1088 2735 1285 2793 Persas
1314 2735 1432 2808 ipse
1464 2734 1854 2807 proﬁciscitur,
1884 2737 1928 2768 ἰ

2025 1916 2188 1958 causa
2216 1911 2270 1959 et
2295 1902 2450 1974 origo
2477 1902 2705 1959 exstitit.

2594 1991 2874 2050 CAPUT
2913 1991 3049 2049 ΧΧ.

2029 2082 2108 2138 De
2144 2082 2443 2141 Phalaridis
2475 2085 2754 2157 tyrannide
2775 2127 2788 2152 ,
2822 2095 2867 2140 et
2897 2084 3130 2140 Aremuli
3158 2083 3463 2140 Latinorum
3488 2083 3625 2157 regis

2714 2157 2948 2228 ﬂagitiis.

2101 2267 2180 2324 Ea
2251 2277 2574 2339 tempestate
2637 2269 2885 2326 Phalaris
2961 2268 3177 2326 Siculus
3245 2268 3630 2340 Agrigentinos

2036 2371 2253 2432 arrepta
2296 2362 2585 2434 tyrannide
2616 2364 2632 2394 ί
2659 2363 3039 2434 populabatur.
3065 2361 3170 2432 Qui
3197 2362 3434 2418 crudelis
3473 2378 3630 2418 men-

2039 2464 2090 2509 te
2113 2497 2128 2524 ,
2178 2454 2504 2510 commentis
2551 2455 2850 2523 crudelior,
2878 2456 2898 2486 ²
2925 2457 3109 2510 omnia
3141 2453 3345 2510 nefaria
3390 2455 3445 2510 in
3473 2454 3633 2510 inno-

2037 2556 2226 2601 centes
2253 2561 2455 2617 agens,
2489 2534 2698 2604 itivenit
2723 2547 3016 2618 aliquando
3047 2563 3206 2619 quem
3230 2547 3382 2617 juste
3411 2549 3634 2618 puniret

2038 2642 2294 2710 injustus.
2342 2641 2363 2672 ³
2404 2641 2539 2698 Nam
2571 2641 2799 2698 Perillus
2829 2642 3050 2713 quidam
3096 2642 3222 2698 atris
3251 2641 3433 2712 opifex
3465 2641 3633 2698 affec-

2043 2744 2164 2792 tans
2210 2737 2426 2808 tyranni
2470 2735 2796 2807 amicitiam,
2837 2745 3026 2808 aptum
3075 2751 3272 2792 munus
3323 2735 3636 2792 crudelitati

1590 2853 2068 2918 [HAVERCAMPI
2109 2851 2340 2910 NOTIE.
2357 2856 2376 2868 "

405 2950 459 3006 7.
501 2949 664 3008 Exin.
690 2949 796 3006 Ed.
838 2963 922 3020 pr.
953 2956 1014 3005 ut
1043 2957 1099 3020 et
1128 2948 1273 3003 Flor.
1309 2954 1465 3020 tert._,
1500 2945 1728 3002 Exhinc.
1761 2945 1930 3018 Aug.,

336 3023 566 3088 Exinde,
593 3035 648 3078 et
677 3026 756 3077 sic
784 3018 1000 3090 quoque
1023 3019 1175 3076 Flor.
1202 3034 1340 3086 see.,
1366 3018 1464 3076 sed
1489 3033 1519 3074 a
1545 3020 1786 3075 secunda
1816 3034 1933 3074 ina-

337 3111 433 3161 nu,
463 3095 617 3164 prius
649 3090 1016 3164 lueratEatin,

408 3161 945 3220 8._Scatescentibus.
993 3162 1085 3218 Sic
1134 3175 1326 3217 omnes
1382 3176 1518 3217 mss.
1565 3161 1735 3216 verbo
1790 3161 1933 3231 apud

341 3238 513 3291 bonos
562 3235 865 3304 scriptores
911 3249 1021 3288 non
1062 3233 1271 3288 usitato
1296 3273 1311 3296 ,
1340 3243 1544 3304 printer
1593 3231 1845 3304 Periz0n.
1881 3241 1937 3287 et

340 3306 510 3376 Lugd.
540 3303 888 3376 Batsquart.
940 3305 996 3376 in
1039 3303 1352 3376 quibusest
1385 3303 1756 3376 Scatentibus,
1803 3319 1938 3374 quo-

343 3359 506 3432 modo
535 3375 590 3432 in
631 3359 758 3432 edd.
789 3391 909 3446 pr.,
956 3359 1167 3441 Paris.,
1223 3374 1444 3430 Venetis
1484 3384 1540 3430 et
1581 3359 1834 3445 [littorpf
1863 3377 1939 3430 lc-
1965 3359 2008 3420 C

381 3450 510 3502 itur.

343 3464 706 3576 8“(ilr'liediih
753 3516 822 3573 In
865 3517 1028 3574 Fabr.
1064 3517 1198 3572 redit
1229 3526 1420 3572 contra
1452 3531 1584 3572 mss.
1615 3524 1672 3573 et
1699 3516 1941 3587 reliquas

343 3593 526 3658 cditt.,
557 3606 684 3644 nam
715 3600 770 3646 et
795 3606 957 3659 supra
983 3590 1232 3659 concessit
1261 3591 1479 3657 legitur.

419 3664 509 3718 10.
552 3661 681 3715 Post
707 3661 817 3715 hare
861 3660 1030 3715 Medis
1062 3658 1362 3714 P/traorlcs.
1407 3659 1636 3715 Orosius
1665 3659 1753 3713 hic
1785 3673 1942 3713 secn-

345 3744 432 3788 tus
457 3735 643 3788 nescio
672 3747 831 3802 quem
856 3775 870 3797 ,
902 3730 1161 3786 dissentit
1185 3733 1252 3785 ab
1285 3731 1564 3785 llerodoto
1591 3741 1647 3785 et
1676 3729 1939 3797 Eusebio,

345 3804 438 3876 qui
469 3803 785 3859 Pltraortem
814 3802 1054 3876 Dejoelis
1077 3842 1092 3868 ,
1125 3803 1241 3856 sive
1269 3803 1481 3872 Dejocis
1512 3803 1685 3876 filium
1712 3802 1939 3876 faciunt,

344 3873 504 3943 eique
534 3877 587 3930 in
620 3889 790 3945 regno
823 3873 1103 3945 Medorum
1138 3875 1480 3945 successisse
1510 3873 1758 3945 tradunt.
1789 3874 1944 3942 Apud

350 3944 752 4017 Megasthcném
785 3953 841 4002 ct
869 3944 1167 4000 Diodorum
1195 3955 1321 4001 sunt
1348 3944 1456 4000 alia
1498 3946 1722 4000 nOmina
1751 3944 1944 3998 horum

349 4034 561 4087 regum.
598 4017 766 4073 FABR.

420 4085 507 4145 11.
551 4087 1094 4170 intperitat'it;_Flor.
1127 4100 1237 4144 sec.
1275 4094 1331 4169 et
1367 4094 1492 4170 t'cst.
1531 4094 1588 4143 et
1619 4096 1741 4170 tres.
1768 4085 1944 4167 Lugd.

352 4160 535 4232 Batt.._
556 4156 845 4232 imperavit.
882 4157 1338 4232 Mostransponit
1373 4156 1524 4213 Fl'or.
1556 4173 1666 4230 pr.,
1706 4156 1947 4228 Assyrio-

351 4249 467 4286 rum
499 4229 884 4299 Persarumque
910 4229 1076 4284 bellis.

426 4303 514 4357 12.
559 4301 687 4356 Post
717 4301 855 4354 hunc
896 4301 1122 4355 Diocles.
1167 4299 1374 4354 Diocles
1405 4309 1491 4355 est
1519 4301 1686 4355 etiam
1731 4299 1785 4353 in
1834 4312 1951 4352 ma-

353 4373 667 4442 nuscriptis.
700 4373 754 4426 In
788 4371 1010 4427 Eusebii
1039 4371 1316 4442 Chronico
1356 4370 1587 4425 Dciocles
1614 4369 1816 4440 legitur
1844 4387 1856 4422 :
1881 4369 1950 4423 ab

358 4441 634 4499 lleroddto
665 4443 874 4504 Δηιόκης
894 4443 1234 4496 nominatur.
1260 4441 1427 4497 Faun.

427 4515 516 4569 1'5.
560 4513 1074 4584 Experientissimus.
1107 4512 1240 4568 Mss.
1283 4521 1340 4567 et
1359 4511 1492 4567 editi
1521 4510 1740 4583 quidam
1769 4527 1951 4584 caper-

355 4585 583 4640 tissintus
609 4630 624 4654 ,
648 4583 651 4584 ⁷
673 4595 864 4640 contra
904 4598 1038 4639 mss.
1069 4584 1404 4639 vetustiores
1433 4584 1761 4654 pluresque.
1800 4583 1954 4638 ltnnc

357 4672 540 4726 regem
570 4653 680 4712 non
722 4655 898 4710 solum
943 4655 1111 4710 fuisse
1151 4655 1494 4726 bellicosum,
1525 4655 1620 4710 sed
1662 4665 1718 4710 et
1744 4653 1951 4724 justum

2111 2948 2200 3004 19.
2242 2946 2552 3002 Committit.
2597 2947 2734 3002 Edd.
2773 2963 2882 3018 pr.,
2933 2947 3153 3004 Veneta:
3184 2957 3238 3002 et
3267 2946 3468 3013 Paris.,
3498 2963 3641 3000 com-

2037 3019 2216 3085 misit,
2247 3019 2583 3074 assentiente
2617 3020 2741 3072 cod.
2782 3019 3032 3074 t’erizon.
3069 3018 3240 3074 Porro
3283 3019 3452 3088 Lugd.
3488 3018 3637 3074 Batt.

2033 3099 2294 3160 quatuor,
2327 3106 2433 3144 una
2483 3106 2604 3144 eunt
2656 3089 2795 3146 Ultr.
2829 3100 2883 3144 et
2914 3089 3015 3144 Ed.
3052 3105 3163 3159 pr.,
3197 3089 3248 3144 in
3279 3090 3641 3157 sequentibus

2038 3161 2254 3286 tBraldidit
2287 3161 2514 3284 llegunt.
2581 3161 2706 3217 Mox
2754 3169 2965 3216 auctum
3008 3176 3106 3232 pro
3151 3174 3420 3232 acceptum
3461 3160 3638 3232 Lugd.

2083 3251 2113 3286 a
2146 3270 2157 3282 .
2217 3249 2281 3286 er
2311 3272 2324 3286 .

2083 3244 2157 3286 at.
2197 3242 2324 3288 tert.

2111 3304 2200 3358 20.
2245 3303 2351 3358 Per
2379 3303 2730 3371 proditionem
2753 3302 2928 3358 tradit.
2962 3302 3185 3373 Legitur
3211 3315 3265 3359 et
3292 3303 3548 3368 tradidit,
3582 3311 3642 3358 ut

2041 3383 2128 3446 est
2173 3375 2313 3446 apud
2353 3373 2631 3430 Iustinum
2655 3415 2670 3441 ,
2710 3376 2764 3430 in
2795 3375 2954 3443 cujus
2985 3375 3140 3446 libris
3168 3375 3450 3445 impressis
3482 3390 3642 3428 meno

2044 3445 2568 3518 dose.’deditionem,
2602 3447 2825 3518 legitur,
2859 3460 2980 3501 cum
3014 3445 3068 3500 in
3095 3447 3336 3518 antiquis
3365 3456 3515 3502 recte
3541 3447 3639 3513 sit,

2047 3518 2410 3588 proditionem.
2443 3515 2611 3573 Fann.

2116 3590 2209 3643 2H.
2255 3589 2553 3650 Acriusque.
2583 3589 2844 3658 Copulam
2878 3589 3025 3645 delet
3056 3588 3206 3644 Flor.
3239 3598 3366 3645 tert.

2115 3659 2206 3713 ‘22.
2252 3658 2500 3729 Epra'lio
2548 3660 2745 3715 cedere.
2794 3660 2940 3716 Ultr.
2999 3663 3255 3714 secedere.
3310 3661 3412 3716 Ed.
3457 3675 3540 3726 pr.
3591 3669 3646 3716 et

2048 3730 2250 3800 Paris.,
2281 3730 2347 3784 de
2370 3731 2549 3799 praelia
2577 3732 2774 3786 cedere.
2805 3732 2938 3787 Mss.
2970 3730 3145 3801 Lugd.
3169 3731 3285 3785 Rat.
3322 3749 3401 3800 pr.
3435 3741 3487 3785 et
3514 3740 3642 3787 tert.

2049 3801 2232 3925 iugatio
2277 3803 2545 3857 moliretur
2591 3801 2772 3856 cedere
2795 3845 2809 3870 ,
2844 3802 3028 3859 deleto
3071 3819 3116 3857 ε.
3149 3803 3312 3858 Vorte
3347 3803 3530 3874 prtelio
3554 3820 3646 3857 ea:-

2049 3889 2104 3925 ce
2144 3889 2248 3925 ere.

2047 3889 2248 3927 cedere.

2119 3944 2216 4017 ‘25.
2255 3942 2614 4017 Ext'iperetur.
2667 3945 2853 4011 Meus,
2885 3947 3270 4017 exciperentur,
3308 3955 3365 4000 ut
3393 3955 3451 4001 et
3491 3945 3644 4001 Flor.

2049 4021 2178 4070 tert.
2204 4015 2389 4086 inquo
2413 4015 2640 4083 insuper
2666 4017 2828 4086 paulo
2850 4029 2978 4072 ante
3004 4015 3332 4071 molirentur.

2122 4086 2212 4141 Ἡ.
2258 4085 2428 4158 Pulsa
2474 4085 2712 4158 iterum]
2747 4089 3022 4143 Posterior
3068 4104 3168 4142 vox
3217 4104 3246 4141 a
3297 4087 3471 4158 Lugd.
3526 4087 3646 4144 Bat.

2050 4166 2248 4229 quarto
2270 4157 2456 4230 abest,
2483 4173 2590 4230 pro
2622 4156 2774 4230 pulsa
2803 4159 2943 4215 Ultr.
2978 4159 3144 4215 habet
3171 4156 3398 4230 pulsata;

2122 4230 2212 4285 25.
2258 4227 2324 4282 In
2365 4227 2629 4297 prwlium.
2678 4229 2816 4284 Edd.
2871 4239 3089 4285 veteres
3132 4227 3258 4285 cum
3299 4247 3432 4285 mss.
3471 4229 3644 4298 Lugd.

2055 4300 2197 4372 Batt.
2242 4314 2325 4369 pr.
2369 4311 2423 4354 et
2467 4309 2592 4372 tert.
2623 4311 2676 4354 nt
2711 4301 2764 4356 in
2793 4302 3034 4372 prwlium
3057 4341 3071 4364 ,
3103 4300 3200 4357 sed
3227 4303 3650 4372 reclamantibus

2055 4371 2288 4440 reliquis
2346 4371 2642 4436 omnibus,
2694 4382 2750 4426 ct
2796 4371 3209 4427 eontradieeme
3253 4372 3491 4427 .lnstino.
3543 4371 3645 4426 Ed.

2053 4441 2218 4516 Aug”
2240 4442 2387 4516 uiros
2407 4451 2696 4516 orant,‘ut,
2729 4451 2838 4516 etc.
2869 4442 2938 4498 At
2969 4442 3142 4512 Lugd.
3171 4443 3289 4499 Bat.
3313 4451 3490 4516 quart.
3523 4459 3649 4498 cum

2061 4513 2204 4604 UlLt‘r‘.
2238 4513 2364 4604 legit
2389 4521 2560 4604 orant,
2589 4513 2641 4567 in
2669 4513 2909 4604 prndium
2934 4515 3141 4604 reuerti.

2126 4584 2219 4638 ‘26.
2260 4583 2405 4637 Nunt
2427 4584 2481 4638 in
2508 4595 2698 4639 uteros.
2733 4585 2901 4653 Lugd.
2933 4585 3070 4640 Batt.
3104 4601 3186 4655 pr.
3207 4630 3220 4655 ,
3253 4592 3376 4641 tert.
3397 4630 3413 4655 ,
3443 4594 3653 4653 quart.,

2057 4655 2340 4727 numquid,
2397 4663 2553 4727 utet
2601 4657 2690 4710 ed.
2727 4659 2890 4726 Aug.,
2927 4672 3026 4727 pro
3050 4672 3158 4725 quo
3185 4673 3290 4723 an,
3325 4657 3493 4727 Lugd.
3528 4655 3647 4711 But.

357 4724 599 4813 paceque
646 4727 866 4813 bonum
902 4735 1200 4813 testari-tur
1236 4724 1529 4813 .Es'cerpta'
1571 4726 1952 4813 piodorinuna
1979 4751 2032 4813 D
2058 4724 2514 4813 “divulgata-in
2551 4727 2772 4813 reliquis
2793 4724 3013 4813 etapud
3042 4724 3316 4810 Iustinum
3344 4724 3549 4813 exstat.

358 4796 481 4852 eum
507 4796 840 4869 Polybianis.
866 4807 997 4864 etc.,
1028 4798 1173 4854 edita
1199 4798 1268 4853 ab
1292 4798 1459 4852 llenr.
1489 4796 1704 4851 Valesio
1734 4813 1786 4865 p.
1811 4796 1948 4852 25οε

350 4868 473 4958 ’Ὀτίἱ
493 4868 700 4958 Midiae;
722 4868 747 4924 ὁ
774 4869 952 4960 Μέδων
979 4870 1462 4960 βαεσιλεὺςηπθλλῶν
1500 4871 1837 4960 ςὶνξιμημάξξωξ
1866 4890 1952 4941 γε·

356 4963 410 4996 νο
455 4945 593 5007 ἐνων,
638 4941 786 5000 ἤσκει
819 4940 1140 5001 δικαιόσύνην
1185 4945 1269 4998 καὶ
1295 4940 1450 5003 ἄλλας
1487 4940 1696 5016 (Epirote.
1743 4940 1952 4996 Ueioees

361 4965 642 5067 dederam
662 5028 773 5078 rex,
793 5027 909 5084 cum
931 5010 1157 5084 plurima
1187 5013 1382 5068 scelera
1402 5015 1817 5078 admitterentur,
1841 5012 1954 5082 ipse

349 5086 614 5156 justitiam
638 5101 698 5139 ac
725 5083 951 5156 reliquas
983 5083 1192 5138 virtutes
1214 5085 1432 5140 colebat.

435 5158 520 5212 11.
563 5156 712 5211 Late.
746 5155 913 5210 Abest
943 5170 973 5209 a
1004 5155 1172 5224 Lugd.
1201 5156 1315 5212 Bat.
1343 5172 1454 5212 sec.
1479 5167 1533 5212 et
1564 5155 1706 5212 Ultr.
1737 5163 1794 5212 et
1825 5170 1951 5209 mox

363 5231 590 5284 moriens
625 5243 656 5283 a
685 5227 824 5283 Meo.
865 5227 964 5282 Ed.
997 5227 1136 5296 Aug.
1167 5228 1393 5284 ridicule
1412 5227 1948 5284 Lacedaemoniorum.

438 5303 525 5356 15.
568 5299 820 5370 Astyages
842 5298 1143 5370 viriliprote
1163 5313 1377 5370 vacuus.
1416 5301 1542 5354 llazc
1571 5298 1801 5370 historia
1829 5300 1955 5354 scri-

360 5372 509 5429 bitur
535 5373 604 5427 ab
637 5369 916 5426 llerodoto
942 5369 1042 5424 lib.
1068 5385 1085 5424 ι
1111 5378 1165 5423 et
1189 5369 1329 5424 Just.
1357 5372 1484 5425 item
1519 5371 1614 5426 lib.
1650 5385 1686 5424 ι.
1715 5369 1878 5424 FABR.

437 5445 526 5500 16.
569 5441 739 5497 Porro
765 5441 1038 5513 Astyages.
1072 5440 1175 5496 Ed.
1205 5445 1369 5513 Aug.,
1404 5441 1522 5496 Post
1553 5442 1823 5513 Astyages.

434 5499 522 5571 17.
569 5499 902 5585 Ilarpagun't'.
930 5499 1081 5585 "Mss.
1133 5499 1368 5578 omnes,
1413 5524 1608 5582 praeter
1635 5499 1785 5567 Fldr.
1821 5519 1949 5566 tert.

363 5596 419 5640 et
447 5585 618 5657 Lugd.
651 5582 774 5639 Bst.
801 5582 1260 5657 pr.,]larpalum,
1294 5595 1349 5640 et
1370 5586 1450 5640 sic
1478 5599 1696 5653 quoque
1717 5623 1732 5651 ,
1761 5591 1956 5654 praeter

365 5654 618 5714 Fabrfet
643 5654 837 5720 Scotti,
866 5654 1141 5712 editiones
1170 5671 1366 5712 omnes
1393 5674 1405 5708 :
1440 5656 1600 5709 male.

374 5731 520 5854 A18.
564 5727 867 5786 Immemor.
913 5727 1182 5799 Adjicitur
1220 5728 1407 5799 glossa
1437 5725 1530 5783 cd.
1555 5727 1720 5798 Aug.,
1766 5726 1965 5782 scilicet

421 5816 444 5854 s
473 5815 645 5854 trades.

421 5815 461 5854 st
472 5815 645 5870 yages.

2127 4797 2251 4870 27.-
2266 4795 2471 4870 Reuerti
2489 4798 2599 4870 ipse
2624 4795 2923 4854 noluit.Sic_
2938 4809 2992 4853 et
3014 4799 3204 4868 Optimi
3227 4809 3282 4855 et
3306 4799 3493 4870 plures
3504 4813 3652 4870 ,mss.

2057 4883 2178 4940 eum
2224 4867 2482 4935 Justino;
2531 4869 2620 4922 alii
2647 4871 2795 4940 ,ipse
2839 4870 3025 4924 reverti
3076 4871 3261 4924 noluit.
3307 4867 3445 4940 Dein
3475 4869 3654 4934 Ultr.,

2057 4939 2162 5012 Hic
2187 4940 2305 5010 ﬁnis
2331 4981 2346 5003 ,
2375 4949 2519 5012 etc.';
2550 4939 2829 5011 aliquanto
2863 4949 3007 5012 post,
3039 4940 3357 5012 defecerant,
3385 4939 3511 4997 cdd.
3541 4955 3655 5011 pr.,

2068 5010 2287 5067 Veneta:
2319 5011 2570 5066 etParis.
2651 5010 2656 5011 ⁷
2865 5010 2876 5012 ⁷
3109 5010 3116 5012 ⁷
3545 5010 3556 5011 ⁷
3670 5069 3674 5071 ,

2127 5084 2255 5137 CAP.
2277 5081 2469 5137 XX.—
2487 5084 2537 5138 1.
2559 5083 2934 5140 Ponulabatnr.
2955 5081 3047 5140 Sic
3063 5098 3193 5139 mss.
3215 5097 3405 5138 omnes
3423 5097 3544 5138 cum
3563 5081 3656 5137 ed.

2058 5155 2218 5224 Aug.;
2239 5163 2293 5209 et
2312 5153 2393 5209 sic
2418 5153 2587 5209 edidit
2609 5153 2908 5221 Fabricius,
2928 5170 3158 5224 eumque
3179 5165 3395 5211 secutus
3415 5155 3656 5214 Scottus;

2061 5225 2254 5296 reliqui
2284 5225 2721 5296 depopulabatur,
2745 5243 2844 5297 pro
2868 5241 2976 5296 quo
3001 5225 3142 5297 apud
3175 5226 3517 5283 Vincentium
3536 5225 3662 5282 Bel-

2060 5295 2518 5368 lovacensem'est
2539 5295 2913 5368 depOpulatur.

2129 5368 2185 5423 2.
2233 5366 2421 5422 Omnia
2462 5366 2688 5438 nefaria.
2739 5371 2829 5425 Sic
2858 5367 3032 5432 Lugd.
3066 5370 3212 5425 Batt.
3263 5383 3411 5438 sec.,
3445 5375 3574 5422 tert.
3605 5375 3668 5424 et

2068 5450 2248 5511 quart.
2281 5440 2388 5511 Alii
2410 5447 2583 5495 omnia
2615 5443 2832 5509 nefarie.

2130 5511 2182 5566 5.
2210 5510 2346 5565 Nam
2366 5510 2614 5567 Perillus.
2643 5511 2738 5566 llic
2767 5512 2998 5567 Perillus
3020 5526 3148 5568 :crIs
3168 5510 3347 5582 opifex
3370 5510 3668 5565 Plutarcho

2059 5583 2111 5638 in
2158 5582 2436 5661 Parallclis
2489 5593 2604 5661 esi._,
2653 5585 2882 5661 Ιξέριλῇως
2921 5594 2983 5657 τῇ
3043 5587 3207 5661 τέχνῃ
3265 5585 3619 5661 χαλκιὶουργοξ
3647 5621 3664 5645 ,

2061 5671 2221 5731 quem
2272 5654 2542 5731 lineianns
2574 5657 2623 5709 in
2681 5654 3234 5731 Phalaral'llo‘oilctov
3265 5654 3542 5711 nominat.
3583 5655 3669 5710 De

2066 5725 2258 5784 eodem
2288 5726 2427 5784 Plin.
2457 5727 2556 5785 lib.
2581 5743 2744 5784 χχχιιι
2769 5770 2784 5797 ,
2817 5742 2865 5783 c.
2893 5730 2946 5784 8.
2980 5725 3142 5783 Faba.
