4092 6346
320 287 428 350 745

317 509 552 570 quatuor
582 499 770 556 mundi
811 500 1088 571 cardines,
1118 509 1352 574 quatuor
1379 517 1674 574 regnorum
1707 503 1914 574 princi-

317 602 481 664 patus
510 602 553 636 ιο
583 592 832 662 fuerunt,
883 594 1154 651 distinctis
1184 597 1442 668 gradibus
1479 598 1812 662 eminentes,
1858 605 1918 651 ut

319 689 680 762 Babylonium
712 703 939 760 regnum
970 690 1038 746 ab
1068 691 1304 756 oriente,
1336 706 1366 746 a
1389 690 1617 747 meridie
1639 689 1920 761 Carthagi-

321 799 515 851 nense,
544 801 572 838 a
599 785 974 856 septentrione
1001 784 1433 853 Macedonicam,
1467 786 1510 818 “
1539 785 1609 842 ab
1635 784 1920 840 occidente

323 879 630 935 Romanum
659 897 674 936 :
696 895 927 951 quorum
949 880 1097 936 inter
1121 880 1358 952 primum
1383 880 1427 913 “
1449 895 1514 937 ac
1538 879 1916 946 novissimum,

325 971 378 1027 id
408 981 521 1036 est,
553 971 699 1027 inter
729 971 1088 1045 Babyl0niutn
1123 982 1177 1029 et
1207 973 1510 1028 Romanum
1531 1017 1546 1042 ,
1594 973 1748 1043 quasi
1779 973 1922 1029 inter

324 1073 540 1135 patrem
567 1079 758 1120 senem
803 1079 868 1119 ac
896 1063 944 1098 ¹³
973 1063 1143 1121 tilium
1183 1066 1493 1136 parvulum,
1524 1064 1836 1121 Africanum
1867 1073 1923 1120 et

326 1155 756 1227 Macedonicum,
790 1157 978 1214 brevia
999 1167 1052 1214 et
1074 1159 1276 1228 media,
1309 1160 1462 1231 quasi
1495 1167 1642 1214 tutor
1671 1169 1922 1215 curator-

323 1267 435 1323 que
464 1260 760 1318 Venerunt,
793 1260 1064 1324 potestate
1094 1253 1378 1324 temporis,
1411 1269 1518 1308 non
1535 1253 1660 1326 jure
1687 1252 1920 1308 hzeredi-

326 1342 479 1411 tatis,
515 1341 563 1398 ξι
589 1342 854 1401 admissa.
901 1343 1058 1414 Quod
1104 1354 1285 1401 utrum
1329 1345 1404 1401 ita
1441 1345 1534 1413 sit,
1575 1344 1922 1416 apertissime

323 1433 590 1506 expedire
624 1435 850 1492 curabo.

877 1551 989 1624 37
1027 1549 1260 1611 CAPUT
1297 1550 1361 1610 Il.

324 1640 766 1710 Supradictorum
795 1645 948 1716 quasi
993 1645 1234 1716 epilogus
1273 1645 1699 1717 diuersorumque
1735 1661 1924 1717 regno-

393 1731 516 1770 rum
545 1732 606 1770 ac
637 1725 922 1787 temporum
961 1718 1178 1772 collatio
1202 1758 1219 1787 ,
1258 1717 1423 1788 deque
1449 1717 1807 1787 vicissitudine
1835 1732 1921 1772 re-

393 1802 641 1858 gnarum.

391 1897 512 1954 Rex
543 1898 754 1969 primus
783 1899 800 1931 ¹
829 1899 971 1970 apud
1000 1899 1286 1973 Assyrios,
1313 1902 1403 1973 qui
1432 1902 1676 1959 eminere
1707 1902 1918 1959 etetcris

320 1993 540 2063 potuit,
573 1992 745 2049 Ninus
779 1991 902 2052 fuit.
934 1993 1128 2051 Occiso
1167 1994 1344 2062 Nino,
1383 1995 1700 2052 Semiramis
1726 2037 1742 2063 ,
1783 2010 1920 2051 uxor

321 2085 480 2157 ejus,
512 2085 681 2142 totius
716 2087 863 2142 Asia:
893 2087 1115 2160 regina,
1151 2087 1506 2162 Babyloniam
1549 2089 1777 2145 urbem’
1808 2089 1923 2144 ins-

323 2179 584 2247 tauravit,
611 2189 883 2251 caputque
922 2181 1074 2251 regni
1107 2178 1130 2213 ³
1160 2180 1370 2251 Assyrii
1401 2188 1461 2236 ut
1487 2189 1635 2238 esset
1661 2180 1915 2238 instituit.

324 2269 346 2301 ⁸
367 2269 613 2342 Regnum
638 2270 993 2343 Assyriorum
1015 2271 1109 2326 diu
1133 2270 1456 2328 inconcussa
1484 2273 1726 2344 potentia
1747 2274 1920 2342 Stetit,

325 2362 424 2417 sed
451 2377 576 2418 cum
597 2361 618 2393 ⁸
639 2359 897 2428 Arbatus,
929 2378 1089 2432 quem
1115 2364 1208 2420 alii
1237 2364 1506 2421 Arbacem
1533 2375 1748 2432 vocant,
1783 2381 1927 2436 pra:-

327 2455 506 2512 fectus
537 2454 846 2524 Medorum,
873 2455 1128 2529 idemque
1158 2459 1380 2514 natione
1409 2458 1628 2530 Medus,
1658 2459 1932 2516 Sardana-

328 2549 513 2620 palum
545 2565 730 2620 regem
761 2564 920 2606 suum
963 2549 1110 2622 apud
1140 2551 1497 2624 Babyloniam
1536 2551 1926 2619 interfecisset,

328 2641 484 2712 regni
511 2655 710 2697 nomen
741 2651 798 2699 et
825 2657 1094 2699 summam
1133 2645 1202 2700 ad
1243 2644 1430 2701 Medos
1468 2645 1766 2701 tranStulit.
1799 2646 1820 2677 ⁶
1851 2646 1930 2704 lla

329 2733 456 2790 Nini
483 2744 538 2790 et
568 2734 862 2807 Babylonis
895 2753 1121 2809 regnum
1150 2753 1217 2794 eo
1242 2753 1392 2795 anno
1421 2739 1473 2794 in
1504 2739 1689 2796 Medos
1714 2739 1931 2796 deriva-

331 2836 448 2884 tum
479 2838 600 2898 est,
636 2845 746 2902 quo
775 2845 919 2886 anno
949 2830 1092 2902 apud
1126 2831 1354 2888 Latinos
1375 2831 1602 2899 Procas,
1637 2831 1840 2889 Atnulii
1875 2841 1933 2889 et

330 2918 633 2977 Numitoris
669 2929 828 2992 pater
852 2962 870 2992 ,
906 2936 1040 2980 avus
1082 2931 1266 2980 autem
1314 2923 1482 2980 Rhea:
1524 2924 1724 2996 Sylviae
1749 2966 1764 2994 ,
1805 2939 1929 2997 qua:

794 352 822 371 ‘
1398 288 1872 353 HISTORIARUM
1911 285 2118 354 LIBER
2157 287 2221 352 ΙΙ.
2264 293 2419 352 CAP.
2461 287 2526 351 Il.

317 417 465 462 nunc
493 410 676 460 manet
707 417 722 459 :
751 393 1055 476 eademque
1098 402 1363 462 inellabili
1413 404 1765 463 ordinatione
1811 422 1913 478 per
1937 413 1990 472 Α
2015 416 2192 462 mater
2219 404 2434 462 Romuli
2463 405 2585 474 fuit,
2617 419 2848 478 regnare
2872 407 3058 478 coepit.
3103 405 3174 464 Ut
3219 407 3397 466 autem
3429 414 3614 468 omnia

3500 291 3614 358 ’146

2021 499 2139 555 haec
2157 498 2521 556 ineﬂ‘abilibus
2549 500 2828 572 mysteriis
2848 510 2902 557 et
2930 500 3368 571 profundissimis
3393 503 3489 559 Dei
3521 505 3612 575 jn-

2021 591 2178 647 diciis
2206 591 2499 662 disposita,
2532 592 2552 624 ⁷
2585 607 2694 648 non
2729 600 2910 649 autem
2940 592 3195 650 humanis
3223 595 3429 651 viribus
3463 637 3477 661 ,
3522 604 3616 652 aut

2022 687 2248 743 incertis
2275 686 2493 743 casibus
2531 687 2796 744 accidisse
2830 689 3154 760 perdoceam
3182 732 3198 757 ,
3224 706 3413 747 omnes
3436 692 3615 747 histo-

2027 780 2124 836 rite
2155 781 2393 851 antiqua:
2424 796 2456 836 a
2495 780 2635 837 Nino
2667 782 2962 854 incipiunt,
3001 799 3190 840 omnes
3227 785 3464 841 historiae
3503 785 3618 841 Ro-

2023 887 2197 928 mana:
2219 888 2249 927 a
2273 872 2442 928 Proca
2475 873 2815 931 exoriuntur.
2854 876 3062 932 Deinde
3087 894 3115 931 a
3149 879 3322 948 primo
3352 894 3494 934 anno
3517 880 3620 935 im-

2026 967 2162 1037 perii
2192 966 2314 1022 Nini
2345 981 2516 1039 usque
2557 983 2665 1039 quo
2694 969 2934 1042 Babylon
2959 986 2988 1025 a
3018 972 3378 1028 Semiramide
3408 973 3618 1029 instau-

2023 1059 2133 1113 rari
2157 1068 2339 1130 empta
2362 1069 2466 1126 est,
2497 1061 2869 1117 interveniunt
2890 1064 2911 1094 ⁸
2936 1064 3065 1118 anni
3102 1064 3379 1134 sexaginta
3403 1075 3456 1120 et
3484 1081 3592 1136 qua
3615 1094 3622 1112 -

2026 1159 2169 1206 tuor.
2203 1151 2269 1206 Et
2303 1167 2333 1206 a
2374 1152 2550 1223 primo
2579 1167 2726 1210 anno
2765 1154 2974 1224 Proem,
3013 1170 3135 1212 eum
3165 1172 3393 1227 regnare
3415 1159 3611 1229 erupit,

2025 1259 2196 1316 usque
2227 1247 2293 1300 ad
2327 1245 2692 1303 conditionem
2721 1250 2740 1281 °
2780 1247 2945 1306 Urbis
2975 1292 2990 1318 ,
3040 1248 3234 1304 factam
3273 1251 3386 1322 88
3435 1266 3466 1306 a
3507 1247 3622 1306 Ro-

2026 1340 2205 1410 mulo,
2234 1340 2509 1397 intersunt
2533 1342 2663 1396 anni
2692 1342 2735 1372 ¹⁰
2763 1357 2920 1413 aeque
2950 1345 3228 1414 sexaginta
3266 1356 3319 1400 et
3361 1355 3617 1416 quatuor.

2024 1430 2102 1487 Ita
2125 1443 2386 1504 regnante
2407 1433 2578 1490 Proca
2597 1433 2793 1491 futura:
2815 1436 3002 1492 Romae
3024 1437 3285 1495 sementis
3307 1438 3347 1469 “
3359 1438 3622 1510 jactaest,

2025 1525 2131 1582 etsi
2155 1525 2394 1581 nondum
2425 1526 2467 1558 “
2488 1541 2712 1597 germen
2741 1539 3048 1598 appareret.
3077 1528 3279 1584 Eodem
3305 1544 3449 1585 anno
3471 1532 3628 1601 regni

2027 1620 2200 1690 ipsius
2228 1619 2450 1688 Procae,
2484 1619 2781 1693 Babylonis
2809 1636 3033 1692 regnum
3063 1621 3294 1689 defecit,
3319 1625 3422 1679 etsi
3447 1624 3626 1681 adhuc

2028 1714 2273 1786 Babylon
2295 1713 2410 1786 ipsa
2437 1715 2707 1772 consistit.
2740 1715 2784 1748 ¹³
2809 1716 3190 1773 Descendente
3216 1726 3394 1772 autem
3424 1719 3632 1774 Arbato

1948 1808 1998 1870 B
2025 1808 2079 1863 in
2107 1807 2292 1864 Medos
2315 1849 2330 1874 ,
2366 1807 2411 1839 “
2436 1816 2640 1878 partem
2670 1809 2820 1880 regni
2853 1825 3024 1880 penes
3071 1825 3131 1866 se
3163 1811 3448 1866 retinuere
3470 1809 3634 1866 Chal-

2023 1887 2126 1955 daei
2153 1941 2168 1966 ,
2211 1899 2302 1970 qui
2331 1899 2686 1970 Babyloniam
2720 1900 2823 1956 sibi
2853 1900 3123 1957 adversus
3151 1901 3336 1957 Medos
3382 1902 3630 1958 vindica-

2023 2001 2243 2049 verunt.
2272 1992 2348 2047 lta
2376 1991 2690 2064 Babylonia:
2712 2001 2955 2064 potestas
2981 1994 3120 2063 apud
3145 1994 3354 2061 Medos,
3378 1995 3631 2066 proprie-

2025 2094 2110 2142 tas
2147 2083 2290 2156 apud
2331 2082 2618 2140 Chaldaeos
2659 2084 2800 2140 fuit:
2841 2083 3083 2141 Chaldaei
3127 2096 3306 2142 autem
3339 2126 3355 2153 ,
3406 2095 3632 2157 pr0pter

2025 2176 2302 2248 antiquam
2339 2177 2505 2247 regia:
2535 2175 2686 2232 urbis
2728 2175 3044 2248 dignitatem
3069 2218 3086 2245 ,
3122 2193 3228 2233 non
3259 2178 3408 2233 illam
3435 2194 3628 2247 suam,

2029 2271 2126 2328 sed
2147 2285 2207 2327 se
2226 2270 2374 2327 illius
2395 2270 2440 2303 ¹⁸
2467 2286 2664 2326 vocare
2687 2271 2995 2328 maluerunt
3014 2273 3058 2304 ¹⁸
3084 2289 3096 2327 :
3120 2273 3262 2329 unde
3294 2274 3495 2331 factum
3522 2285 3630 2345 est,

2035 2375 2094 2421 ut
2133 2363 2672 2432 Nabuchodonosor,
2709 2367 3003 2436 caeterique
3048 2376 3175 2438 post
3225 2383 3348 2423 eum
3386 2369 3428 2399 ³⁷
3461 2383 3636 2439 usque

2035 2459 2103 2515 ad
2133 2458 2336 2532 Cyrum
2367 2474 2526 2531 reges
2549 2500 2563 2524 ,
2596 2461 2845 2530 quamvis
2875 2461 3252 2516 Chaldaeorum
3286 2461 3502 2519 viribus
3534 2478 3640 2534 po-

2037 2559 2215 2608 tentes
2236 2561 2290 2607 et
2312 2550 2627 2623 Babyloniae
2655 2553 2876 2608 nomine
2905 2552 3039 2609 clari
3070 2553 3318 2624 legantur
3342 2596 3356 2619 ,
3383 2555 3427 2586 ¹⁸
3456 2555 3507 2609 in
3533 2571 3639 2610 nn-

2037 2658 2194 2701 mero
2252 2651 2430 2698 tamen
2473 2651 2526 2698 et
2576 2643 2798 2699 cardine
2838 2659 3028 2716 regum
3088 2660 3196 2700 non
3247 2647 3288 2678 ¹⁹
3332 2645 3639 2703 habeantur

2038 2737 2348 2793 illustrium.
2383 2735 2623 2808 Babylon
2648 2735 2832 2807 itaque
2857 2751 2923 2792 eo
2954 2751 3099 2794 anno
3129 2737 3230 2793 sub
3259 2737 3465 2795 Arbato
3493 2753 3638 2808 pra:-

2037 2828 2182 2886 fecto
2203 2828 2252 2860 '°
2275 2826 2611 2884 dehonorata
2637 2837 2742 2894 est,
2766 2843 2876 2899 quo
2898 2827 3072 2886 Roma
3094 2829 3193 2885 sub
3218 2830 3386 2887 Proca
3409 2847 3537 2902 rege
3558 2831 3643 2901 (ut

2037 2923 2258 2996 proprie
2283 2921 2540 2994 dixerim)
2569 2923 2613 2955 “
2641 2921 2906 2980 seminata
2931 2932 3034 2982 est.
3068 2924 3311 2998 Babylon
3340 2925 3638 2984 novissime

1635 3111 2092 3172 llAVERCAMPI
2129 3111 2358 3170 NOTAE.

408 3249 807 3324 10LFuerunt.
841 3249 980 3307 Malo
1000 3251 1256 3324 exemplo
1275 3252 1509 3310 verbum
1541 3253 1647 3309 hoc
1671 3253 1830 3308 abest
1858 3251 1926 3309 ab
1954 3251 2001 3317 C
2032 3259 2122 3322 tte,
2152 3266 2254 3324 non
2280 3257 2391 3324 aut,
2417 3257 2525 3305 etc.

335 3323 466 3379 edd.
492 3322 658 3378 Fabr.
683 3331 742 3380 et
754 3323 1003 3398 Mogunt.
1030 3322 1221 3382 contra
1249 3339 1381 3382 mss.
1405 3340 1706 3398 omnesque
1727 3323 1926 3380 editio-

333 3409 458 3461 nes,
488 3404 713 3466 excepta
738 3395 1074 3465 Augustana.

408 3467 500 3522 1t.
541 3466 617 3521 Ab
648 3466 936 3523 occidente.
977 3468 1114 3524 Tres
1143 3465 1315 3540 Lugd.
1347 3466 1494 3524 Batt.
1529 3475 1585 3525 et
1623 3467 1794 3525 Gron.
1817 3510 1833 3537 ,
1864 3468 1930 3523 ab

334 3553 618 3664 οεῗξῖιᾋε
642 3610 1000 3666 novissimum.
1043 3609 1349 3668 Florentini
1390 3619 1522 3678 tres,
1553 3625 1678 3667 cum
1719 3609 1931 3668 duobus

337 3680 512 3765 Lugd.
545 3682 717 3750 Batt.,
752 3681 929 3739 Gron.
961 3683 1212 3754 Meoque,
1247 3684 1328 3739 sic
1353 3691 1539 3738 amant
1559 3696 1656 3752 pro
1683 3691 1731 3736 et
1761 3683 1934 3738 novis-

339 3769 750 3879 ﬂ"figitnr‘ilium
777 3823 1074 3893 parvulum.
1115 3825 1506 3881 Diminutivum
1538 3824 1673 3880 illttd
1712 3825 1933 3895 reposui

340 3910 407 3950 ex
453 3895 631 3951 tribus
667 3895 827 3952 codd.
877 3896 1051 3969 Lugd.
1099 3897 1242 3953 Batt.
1295 3906 1352 3954 et
1387 3897 1477 3954 ed.
1518 3897 1692 3968 Aug.;
1740 3896 1936 3968 reliqui

341 3982 794 4112 Ραῖῗᾜᾴτηὶςεα.
811 4037 916 4112 Ed.
942 4038 1077 4112 Aug.
1099 4055 1220 4096 cum
1244 4054 1352 4094 uno
1373 4054 1437 4094 ex
1463 4053 1592 4094 mss.
1616 4039 1786 4112 Lugd.
1815 4042 1932 4096 Bat.

340 4119 394 4163 et
422 4109 511 4165 ed.
545 4109 818 4194 Mogunt.,
838 4109 1077 4194 admissi,
1105 4121 1165 4194 ut
1196 4111 1466 4168 referatur
1493 4112 1560 4166 ad
1588 4109 1932 4185 principatus,

340 4189 477 4246 etc.,
507 4183 656 4252 quod
689 4182 852 4237 nimis
891 4181 1054 4252 longe
1083 4183 1278 4266 abesta
1589 4181 1628 4268 ⁷⁸
1761 4181 1770 4185 ⁷

408 4252 541 4334 CAP.
585 4251 651 4336 ll.
688 4283 774 4336 --,
800 4254 852 4307 1.
894 4254 1051 4324 Apud
1098 4255 1358 4325 Assyrios.
1402 4253 1539 4311 Edd.
1568 4255 1702 4312 lltlt.
1732 4264 1788 4313 et
1807 4256 1941 4329 Βοὴ

339 4325 519 4394 suing.
549 4365 565 4386 ,
597 4324 948 4395 Assyriorum.
1201 4324 1213 4325 ί
1929 4324 1935 4329 ’

411 4395 473 4478 ἢ.
513 4392 860 4451 Instauraeit.
908 4393 1049 4452 Ultr.
1083 4404 1138 4452 et.
1166 4395 1340 4469 Lugd.
1382 4397 1499 4453 Bal.
1540 4413 1688 4465 sec.,
1736 4407 1941 4455 restau-

338 4473 732 4610 ταὲῗᾌεεῃνίί.
765 4537 994 4610 Assyriis
1025 4538 1200 4595 Pcriz.
1225 4584 1241 4609 ,
1269 4541 1601 4609 Assyriorum
1633 4543 1802 4597 Meus.

416 4608 474 4661 Δ.
507 4607 745 4686 Regnum
768 4607 1132 4686 Assyriorum._
1154 4607 1324 4681 Lugd.
1355 4607 1472 4686 Bat.
1511 4627 1623 4667 sec.
1650 4655 1664 4678 ,
1699 4612 1937 4686 Regnum

345 4688 517 4757 autem
543 4678 908 4757 Assyriorum.
928 4681 1046 4736 Mox
1069 4682 1162 4757 ed.
1190 4678 1327 4757 Aug.
1347 4723 1363 4746 ,
1390 4685 1697 4757 inconcussa
1719 4678 1808 4739 diu
1837 4702 1931 4757 po-

345 4751 530 4825 tentia.
564 4750 855 4825 Poststetit
899 4754 952 4808 in
995 4753 1237 4823 margine
1263 4753 1410 4810 Flor.
1443 4756 1602 4825 primi
1631 4750 1925 4824 scribitur,

343 4821 802 4895 Sardanapallum
831 4825 962 4894 (quo
1003 4821 1159 4879 more
1187 4825 1388 4895 passim
1422 4821 1612 4881 omnes
1667 4842 1798 4882 mss.
1833 4821 1930 4882 no-

343 4892 774 4969 nten_id_eﬂ‘erre
807 4892 1007 4969 solent)
1048 4892 1270 4969 Arbaius
1303 4897 1581 4969 praefectus
1609 4898 1800 4952 occidit
1825 4940 1842 4968 ,
1885 4905 1934 4953 et

341 4963 622 5036 adﬂMedos
652 4965 913 5022 transtulit
942 4963 1240 5036 imperium.

414 5035 472 5090 Β.
500 5035 760 5101 Arbatus,
789 5054 941 5108 quem
970 5035 1064 5092 alii
1096 5038 1332 5094 Arbacen
1370 5048 1576 5094 vocant.
1618 5037 1692 5094 lta
1725 5055 1847 5096 esse
1878 5038 1933 5095 in

344 5105 502 5208 .‘i'ztis
539 5105 922 5208 “uiri-“3.3.3:?
966 5109 1224 5208 ίξξξὶῑῑηιξς
1266 5109 1594 5208 alearn."
1603 5112 1934 5208 "29-18%!

344 5177 615 5254 ’Λρϐαικήν
666 5177 938 5246 nominat,
983 5183 1124 5237 sicut
1168 5191 1222 5237 et
1273 5183 1475 5239 Euseb.
1518 5183 1570 5237 in
1630 5183 1928 5239 Chronico.

344 5246 504 5331 Linde
533 5249 782 5331 impressi
825 5253 946 5331 libri
967 5252 1160 5310 Velleii
1186 5253 1462 5331 Patereuli
1485 5263 1611 5331 sunt
1633 5254 1932 5331 emendan-

346 5321 425 5397 di,
456 5321 512 5397 in
544 5324 1020 5397 q‘uihus‘scriptum
1044 5334 1152 5391 est,
1177 5324 1602 5397 Sardanapalum
1629 5323 1934 5379 Pharnaces

349 5389 537 5468 Medus
560 5389 781 5468 imperio
830 5389 1032 5468 vitaque
1065 5389 1283 5468 privavit
1306 5413 1324 5468 ς
1357 5389 1483 5452 ουήι
1509 5397 1579 5452 sit
1602 5397 1890 5468 legendum
1916 5438 1930 5462 ,

347 5460 574 5517 Arbaca
620 5463 826 5520 Medus.
875 5460 1161 5522 Fienf—
1219 5467 1441 5522 Arbatus
1500 5469 1554 5522 itt
1603 5460 1936 5524 Florentinis

348 5548 564 5604 quoque
594 5537 844 5610 omnibus
871 5540 1144 5594 invenitur
1169 5580 1186 5606 ,
1216 5548 1274 5594 ut
1313 5550 1368 5595 et
1410 5539 1658 5610 pluribus
1708 5541 1937 5609 reliquis

350 5617 478 5680 mss.
507 5614 670 5680 atque
686 5606 782 5680 ed.
814 5607 952 5680 Aug.

425 5675 477 5730 6.
511 5674 600 5754 Ita
622 5678 750 5732 Nini
775 5687 821 5732 et
849 5674 1136 5750 Bdbylonis
1181 5697 1417 5754 regnum.
1463 5681 1590 5738 Haec
1617 5697 1682 5738 ex
1725 5679 1946 5738 Eusebii

351 5742 622 5819 Chronico
647 5763 838 5818 aperte
865 5742 1287 5819 cognoscuntur.
1315 5751 1481 5808 FABR.
1531 5767 1534 5771 ·

419 5818 475 5877 7.
505 5817 631 5877 Non
652 5817 844 5877 autem.
877 5817 1015 5878 Edd.
1060 5827 1198 5894 Aug.
1230 5825 1421 5896 prima,
1469 5825 1641 5886 Paris.
1685 5835 1741 5885 ct
1766 5825 1948 5887 Vene-

630 5913 906 5979 PATROL.
953 5914 1201 5982 XXXI.

2111 3319 2164 3379 8.
2199 3323 2333 3446 Alunt“
2354 3334 2526 3377 utut.
2553 3319 2770 3379 Primus
2811 3335 2883 3379 ex
2921 3321 3094 3394 Lugd.
3123 3321 3240 3382 Bat.
3271 3339 3445 3386 annos
3474 3343 3641 3387 uxm

2111 3409 2231 3446 mnu
2261 3409 2287 3446 2
2321 3434 2334 3446 .

2036 3409 2334 3465 computat.

2107 3462 2177 3519 9.’
2206 3462 2382 3536 Urbis.
2426 3463 2582 3520 Delet
2606 3465 2746 3522 idem
2775 3464 2949 3536 Lugd.
2983 3465 3102 3522 Bat.

2108 3537 2200 3593 10.
2253 3535 2432 3608 quue
2465 3537 2622 3615 anni.
2683 3536 2833 3591 Hane
2866 3535 3359 3615 ’t‘rauspositionem
3407 3544 3640 3615 probant

2033 3608 2222 3689 ξῖξιοιίιᾇ
2247 3603 2356 3689 tres
2377 3616 2432 3663 et
2463 3603 2641 3689 Periz.
2666 3623 2788 3663 cum
2834 3608 2925 3689 ed.
2968 3603 3109 3680 Aug.
3157 3627 3259 3681 pro
3299 3603 3426 3670 anni
3462 3633 3632 3689 reque.

2034 3679 2156 3737 Mox
2186 3675 2656 3751 quizoar._ltaque
2683 3688 2960 3751 regnante,
3007 3675 3112 3737 (ξιξ).

2110 3751 2200 3804 11.
2227 3748 2405 3822 (acta.
2441 3749 2540 3804 Ed.
2568 3748 2986 3822 ’Aug.,'jactata.

2110 3822 2198 3898 12.
2234 3820 2453 3875 Germen
2477 3820 2774 3898 appareret;
2807 3821 2907 3898 Ed.
2941 3822 3078 3890 Aug.
3110 3831 3166 3879 et
3202 3823 3350 3882 Flor.
3395 3843 3476 3898 pr.
3510 3845 3635 3886 cum

2039 3893 2198 3949 tertio
2222 3909 2429 3968 germen
2454 3891 2714 3968 apparet;
2762 3893 2814 3946 in
2845 3891 2994 3947 Flor.
3048 3908 3160 3949 sec.
3205 3891 3636 3968 superscribitur

2036 3960 2275 4036 apparet.
2307 3960 2638 4036 Cod.Meus,
2668 3979 2841 4018 semen
2873 3975 3167 4036 appareret.

2112 4032 2573 4111 '15.‘Descendente
2593 4044 2767 4111 autem
2791 4032 3041 4111 Arb_acto._
3058 4033 3229 4111 Codd.
3255 4039 3363 4094 duo
3389 4051 3599 4098 veteres
3616 4086 3633 4111 ,

2038 4118 2092 4182 et
2122 4106 2227 4162 loci
2241 4117 2437 4182 natura
2470 4116 2694 4182 monent
2724 4105 2796 4160 ita
2810 4105 2997 4182 fuisse
3017 4106 3316 4182 legendum
3350 4127 3448 4182 pro
3469 4105 3638 4169 disce;

2039 4178 2212 4232 dente.
2239 4177 2412 4233 Laur.
2443 4207 2516 4218 -
2539 4177 2780 4234 Probant
2807 4175 2980 4247 Lugd.
3015 4175 3160 4235 Batt.
3186 4196 3272 4251 pr.
3304 4175 3366 4238 et
3384 4195 3633 4255 quartus,

2041 4260 2099 4304 ut
2127 4259 2181 4304 et
2210 4249 2300 4304 ed.
2333 4252 2468 4304 Aug.

2041 4259 2181 4305 utet
2210 4252 2300 4306 ed.
2333 4252 2468 4306 Aug.

2115 4264 2612 4390 {Legatft‘cungt'rcgni
2631 4336 2786 4392 penes
2807 4336 2862 4374 se
2879 4319 3132 4376 Cltaldwi.
3160 4323 3426 4380 Arhacem
3446 4335 3636 4384 contra

2042 4393 2466 4466 Sardanapalnm
2497 4391 2637 4466 ju_vit
2684 4391 2950 4466 Belochus
2981 4393 3293 4466 Babylonia:
3323 4397 3636 4466 prml‘ectus.

2045 4465 2234 4536 Itaque
2265 4466 2407 4520 victo
2430 4463 2800 4534 Sardanapalo
2827 4463 3072 4536 A_rb_aees
3100 4463 3378 4522 Medorum
3413 4480 3465 4522 et
3494 4470 3630 4526 Per-

2045 4534 2231 4610 sarum
2259 4550 2427 4610 regno
2457 4536 2657 4610 potit_us
2705 4546 2808 4603 est,
2853 4534 3122 4592 Beloehus
3149 4537 3481 4610 Babylonem
3508 4556 3634 4597 cum

2045 4605 2555 4680 Assyriaretinuit.
2576 4605 2738 4680 FA_Btt.

1963 4653 2018 4715 D
2621 4653 2935 4749 iii-l-o'rentitti
2966 4693 3178 4742 omnes.
3215 4679 3382 4749 Ultr.,
3407 4682 3560 4740 Meus
3580 4693 3636 4741 et

2039 4750 2212 4835 Lugd.
2243 4749 2383 4806 Batt.
2415 4748 2487 4804 At
2513 4747 2764 4804 Perizon.
2797 4764 2920 4803 cum
2947 4749 3106 4806 editis
3152 4747 3496 4826 quibusdam,
3541 4773 3634 4810 vo-

2036 4839 2165 4877 cari.

2114 4895 2202 4950 16.
2248 4891 2416 4947 Unde.
2448 4891 2547 4947 Ed.
2585 4893 2745 4961 Aug.,
2779 4889 2932 4946 Inde.

2112 4967 2201 5020 17.
2234 4963 2406 5040 (Isque
2431 4963 2499 5017 ad
2527 4962 2714 5040 Cyrum
2729 4978 2904 5040 reges.
2931 4963 3032 5018 Ed.
3063 4963 3230 5036 Aug.,
3258 4983 3420 5039 usque
3445 4969 3639 5040 Cyrum

2037 5053 2202 5108 reges.
2235 5035 2408 5101 Meus,
2440 5051 2602 5106 usque
2623 5032 2692 5086 ad
2718 5032 2910 5104 Cyrum
2941 5052 3134 5107 regem.
3153 5032 3174 5036 ⁷
3216 5032 3224 5035 ’
3333 5032 3344 5039 ’
3485 5032 3508 5040 ⁷

2116 5108 2203 5163 18.
2240 5105 2307 5161 In
2336 5122 2550 5160 numero
2574 5116 2748 5158 tamen
2777 5114 2826 5158 et
2870 5108 3105 5160 cardine.
3153 5107 3374 5164 Poterat
3412 5110 3636 5166 tolerari

2043 5178 2216 5251 prius,
2249 5177 2478 5251 ordine);
2509 5177 2635 5251 nisi,
2666 5175 2811 5246 quod
2839 5177 3174 5251 me‘liusgcst,
3206 5182 3412 5234 cardine
3440 5181 3637 5238 Mater—

2035 5247 2089 5305 ni
2123 5250 2260 5304 liber
2282 5248 2578 5304 habuisset.
2609 5247 2781 5320 Laur.
2810 5277 2882 5320 -τ-
2910 5247 3137 5303 Cardiue
3168 5251 3467 5320 praeferunt
3512 5253 3632 5308 Flo-

2038 5321 2239 5405 rentini
2289 5334 2480 5376 omnes
2520 5328 2575 5376 et
2612 5319 2788 5390 Lugd.
2832 5319 2975 5376 Batt.
3024 5319 3181 5390 sec.,
3213 5332 3395 5392 quart.
3428 5331 3485 5380 et
3529 5324 3633 5381 Pe-

2035 5409 2210 5448 rtzon.

2114 5465 2201 5522 19.
2230 5463 2550 5518 Ilabeanlur.
2578 5461 2718 5519 Editi
2743 5463 2984 5532 quidam,
3011 5461 3284 5533 habemur,
3307 5474 3494 5520 contra
3522 5481 3637 5523 me-

2036 5535 2204 5592 liores
2228 5547 2390 5604 atque
2417 5549 2545 5589 mss.
2573 5533 2687 5590 fere
2709 5548 2920 5588 omnes.

2112 5609 2203 5664 20.
2237 5608 2573 5662 Dehonorata
2603 5615 2695 5660 est.
2727 5605 2880 5661 Multi
2906 5620 2972 5661 ex
2996 5605 3157 5661 editis
3183 5606 3366 5664 delent
3395 5608 3499 5664 hoc
3537 5619 3638 5678 est,

2055 5691 2241 5735 contra
2273 5678 2489 5734 codices
2514 5679 2767 5748 scriptos.

2126 5752 2218 5806 21.
2249 5750 2520 5805 Seminata
2541 5758 2636 5807 est.
2661 5750 2798 5820 Tres
2816 5763 2880 5804 ex
2900 5748 3071 5820 Lugd.
3103 5749 3269 5814 Batt.,
3295 5751 3515 5820 fundata
3541 5763 3640 5818 est,

2061 5829 2118 5879 ut
2143 5831 2198 5881 et
2226 5820 2364 5880 Coll.
2392 5821 2559 5881 Gron.
2608 5835 2733 5898 qua:
2757 5819 2902 5880 delet
2931 5819 3049 5889 illa,
3082 5832 3136 5876 ut
3165 5819 3370 5896 proprie
3401 5827 3645 5890 dixerim.

3046 5912 3126 5980 2⁷1-
