4092 6346
435 299 540 355 747

1849 284 2056 344 PAULI
2094 283 2324 343 OROSll

3630 274 3739 343 ’148

435 429 502 472 eo
531 421 778 486 tempore
799 425 828 467 a
855 411 899 445 "
924 408 1066 482 Cyro
1087 422 1218 480 rege
1244 406 1505 465 subversa
1531 446 1546 472 ,
1576 401 1622 435 "
1651 415 1759 473 quo
1796 400 2030 473 primum
2058 405 2114 465 Α
2138 409 2232 458 net
2266 399 2468 467 adhuc,
2508 405 2564 456 et
2593 403 2784 469 regnat
2810 391 3099 454 incolumis
3127 410 3140 448 :
3163 392 3418 465 quamvis
3450 392 3504 450 in
3526 401 3738 450 tantum

432 506 606 564 Roma
636 521 666 561 a
692 501 1116 576 Tarquiniorum
1154 515 1350 572 regum
1387 494 1758 552 dominatione
1802 493 2031 550 liberata

431 613 535 655 est.
569 598 850 668 Siquidem
881 596 980 651 sub
1019 609 1124 650 una
1154 592 1452 661 eademque
1477 586 1860 644 convenientia
1897 594 2034 640 tem-

435 707 628 761 porum
653 689 699 722 ³⁵
723 690 813 745 illa
841 687 1038 744 cecidit
1057 728 1072 752 ,
1092 686 1197 742 ista
1218 683 1499 739 surrexit:
1531 680 1620 736 illa
1645 688 1773 734 tunc
1801 678 2032 748 primum

436 785 482 814 ’³
505 783 930 853 alienigenarum
953 792 1214 850 perpessa
1238 775 1574 832 dominatum
1603 813 1617 838 ,
1649 772 1761 844 89
1783 773 1895 825 haec
1925 779 2034 824 tum

435 877 670 946 primum
711 875 874 931 etiam
904 886 1126 927 suorum
1174 877 1461 939 aspernata
1503 865 1550 897 “
1583 863 1899 920 fastidium:
1943 862 2036 917 illa

437 978 567 1025 tunc
597 969 753 1040 quasi
783 967 1052 1032 moriens,
1083 964 1286 1020 dimisit
1320 959 1698 1018 hiereditatem
1725 976 1738 1013 :
1775 959 1890 1013 haec
1913 972 2038 1012 vero

439 1064 744 1128 pubescens
772 1104 787 1129 ,
819 1072 947 1117 tunc
973 1075 1032 1116 se
1055 1057 1279 1130 agnovit
1301 1054 1576 1112 baercdem
1607 1069 1622 1108 :
1649 1063 1776 1109 tunc
1797 1051 2039 1108 Orientis

438 1156 482 1187 ’⁷
517 1155 745 1221 occidit,
779 1164 834 1211 et
862 1164 1042 1209 ortum
1074 1161 1160 1207 est
1197 1149 1510 1206 Occidentis
1542 1146 1852 1218 imperium.
1880 1145 1944 1199 Et
1973 1159 2040 1200 ne

441 1249 645 1305 diutius
676 1251 722 1281 ³⁸
750 1249 932 1304 verbis
958 1261 1163 1314 morer,
1185 1245 1468 1300 committo
1499 1257 1588 1298 me
1617 1239 1870 1296 dentibus
1898 1239 2043 1294 insa-

439 1342 704 1400 nientium
723 1384 738 1412 ,
769 1341 864 1399 sed
893 1340 1142 1398 veritatis
1166 1337 1425 1410 praesidio
1450 1333 1824 1420 liberapdum.

1051 1472 1283 1531 CAPUT
1321 1472 1413 1527 Ill.

433 1614 621 1673 Simile
662 1634 795 1690 pene
829 1615 1058 1690 initium,
1105 1612 1334 1690 conditio
1361 1618 1409 1690 et
1447 1618 1614 1690 status
1651 1606 1796 1677 regni
1819 1604 2044 1676 Babylo-

724 1689 799 1743 nii
825 1700 869 1744 et
899 1680 1123 1741 Romani
1144 1726 1158 1750 ,
1189 1683 1278 1739 sed
1303 1682 1467 1737 exitus
1497 1680 1752 1734 diversus.

2135 495 2348 552 arcanis
2390 493 2608 550 statutis
2648 492 2791 549 inter
2813 501 3100 559 utramque
3123 489 3312 544 urbem
3344 487 3741 544 convenientire

2137 591 2300 644 totius
2331 589 2464 644 ordo
2492 595 2742 643 servatus
2769 585 2863 653 sit,
2895 592 2952 638 ut
2980 592 3036 639 et
3074 582 3147 637 ibi
3177 580 3465 652 praefectus
3491 581 3611 651 ejus
3640 582 3744 636 Ar-

2137 685 2293 739 batus
2352 698 2578 754 regnum
2630 681 2909 747 invaserit,
2960 688 3014 734 et
3063 677 3153 732 hic
3184 678 3226 709 ¹²
3256 676 3545 746 praefectus
3581 674 3742 745 ltujus

2141 777 2183 808 ¹³
2233 777 2444 831 Attalus
2480 789 2710 846 regnare
2759 773 3049 828 tentaverit
3093 786 3108 828 :
3163 768 3378 825 tametsi
3421 767 3561 839 apud
3602 767 3744 822 banc

2140 872 2311 927 solam
2358 871 2555 926 merito
2595 869 2639 901 "
2671 867 2967 923 Christiani
3012 863 3361 934 imperatoris
3388 863 3433 895 ¹⁸
3461 861 3747 918 attentatio

2142 963 2364 1034 profana
2413 973 2637 1018 vacuata
2685 961 2776 1016 sit.
2836 960 3022 1030 Itaque
3072 958 3188 1018 haec
3227 957 3298 1012 ob
3340 957 3443 1013 hoc
3471 955 3748 1027 praecipue

2141 1043 2618 1113 commemoranda
2664 1055 2892 1124 credidi,
2933 1062 2992 1108 ut
3022 1063 3170 1108 tanto
3195 1066 3396 1108 arcano
3425 1051 3469 1082 “
3497 1049 3751 1104 ineffabi-

2142 1149 2270 1208 liunt
2310 1147 2639 1218 iudiciorum
2685 1147 2866 1201 Deiex
2898 1155 3046 1216 pirte
3090 1142 3385 1213 patefacto,
3429 1141 3751 1210 intelligant

2146 1241 2222 1308 lii,
2265 1241 2354 1310 qui
2387 1241 2706 1310 insipienter
2743 1239 2932 1309 utique
2953 1238 3023 1294 de
3053 1231 3390 1308 temporibus
3418 1232 3749 1290 CliriStianis

2147 1343 2510 1398 murmurant,
2556 1349 2718 1388 unum
2752 1333 2920 1388 Deum
2949 1331 3286 1402 disposuisse
3313 1338 3579 1399 tempora,
3608 1334 3664 1382 et
3695 1325 3749 1382 in

2146 1425 2414 1496 principio
2449 1424 2787 1496 Babyloniis,
2820 1433 2873 1478 et
2915 1423 2971 1477 in
3000 1423 3107 1478 line
3140 1421 3429 1487 Romanis;
3464 1419 3610 1480 illius
3640 1420 3752 1474 ele-

2146 1519 2362 1574 mentiue
2389 1533 2529 1583 esse,
2571 1515 2716 1588 quod
2758 1516 2990 1572 vivimus
3020 1533 3032 1570 :
3065 1514 3208 1586 quod
3236 1523 3413 1569 autem
3448 1515 3647 1568 misere
3673 1513 3753 1566 vi-

2145 1612 2343 1680 vimus,
2375 1609 2813 1680 intemperantiae
2846 1615 3065 1663 uostrzr.
3110 1606 3254 1664 Ecce
3278 1607 3474 1662 similis
3503 1607 3543 1639 ³⁷
3573 1604 3754 1678 Baby-

2148 1705 2286 1766 Ionis
2324 1715 2478 1760 ortus
2511 1713 2567 1760 et
2592 1702 2800 1770 Romaa,
2855 1701 3052 1758 similis
3098 1703 3358 1772 potentia,
3409 1700 3606 1756 similis
3638 1717 3754 1756 ma-

517 1798 822 1872 Regnavit‘
849 1799 1021 1856 Ninus
1049 1795 1206 1853 annis
1244 1794 1637 1866 quinquaginta
1677 1791 1911 1847 duobus.
1943 1790 2038 1845 (iui
2071 1808 2116 1868 Β
2143 1795 2391 1866 gnitudo,
2425 1794 2624 1850 similia
2648 1805 2912 1865 tempora,
2940 1793 3139 1848 similia
3163 1792 3326 1861 bona,
3351 1792 3550 1847 similia
3585 1792 3750 1855 mala;

440 1900 707 1960 successit
754 1901 837 1967 (ut
864 1893 998 1964 dixi)
1033 1894 1053 1924 ²
1087 1905 1223 1946 uxor
1253 1903 1349 1944 sua
1377 1885 1696 1944 Semiramis
1728 1902 1743 1942 :
1772 1901 1892 1956 quae
1919 1900 2040 1939 cum

435 2004 492 2052 et
523 1995 638 2064 ipsa
664 1990 684 2023 ³
711 1986 1062 2060 quadraginta
1112 1992 1168 2040 et
1191 1981 1405 2038 duobus
1445 1979 1599 2034 annis
1628 1987 1902 2048 regnaret,
1931 1991 2044 2031 me-

436 2090 529 2144 dio
560 2085 769 2156 imperii
797 2082 878 2138 sui
903 2089 1146 2149 tempore
1173 2077 1194 2108 ⁵
1225 2074 1588 2148 Babylonem,
1619 2074 1638 2104 ³
1665 2079 1827 2143 caput
1865 2071 2040 2141 regni,

433 2179 700 2236 condidit.
728 2176 748 2208 ⁵
776 2176 854 2230 Ita
883 2172 1121 2244 Babylon
1158 2179 1282 2242 post
1320 2183 1492 2223 annos
1519 2167 1667 2223 mille
1705 2173 1924 2220 centum
1952 2179 2040 2220 se-

433 2274 650 2344 xaginta
701 2279 757 2326 et
804 2265 1198 2340 propemodum
1249 2270 1506 2333 quatuor,
1560 2262 1579 2293 τ
1628 2275 1789 2330 quam
1826 2258 2043 2316 candita

435 2375 572 2433 erat,
615 2380 644 2417 a
689 2361 882 2427 Medis,
933 2360 954 2391 ⁸
995 2368 1052 2414 et
1097 2357 1166 2411 ab
1205 2355 1439 2421 Arbato,
1471 2356 1490 2387 °
1519 2367 1645 2424 rege
1681 2352 1791 2424 90
1828 2367 2036 2419 eorum,

435 2456 697 2529 praelecto
722 2461 900 2509 autem
931 2466 1030 2506 suo
1051 2491 1066 2519 ,
1094 2449 1322 2520 spoliata
1356 2447 1548 2517 opibus
1577 2455 1632 2501 et
1662 2460 1850 2516 regno,
1877 2456 2041 2516 atque

433 2551 555 2622 ipso
584 2563 711 2619 rege
735 2546 943 2617 privata
971 2551 1054 2600 est
1079 2558 1096 2599 ι
1127 2542 1170 2574 ¹⁰
1202 2542 1319 2611 ipsa
1348 2548 1527 2594 tamen
1558 2546 1744 2608 postea
1777 2537 2040 2608 aliquam—

434 2643 524 2698 diu
571 2640 775 2696 mansit
802 2635 1109 2694 incolumis.
1155 2632 1417 2690 Similiter
1442 2639 1496 2687 et
1525 2630 1694 2685 Roma
1723 2639 1844 2702 post
1869 2644 2041 2685 annos

433 2733 682 2799 totidem,
715 2731 819 2787 ltoc
849 2739 962 2796 est,
1004 2728 1154 2784 mille
1183 2733 1400 2781 centum
1451 2724 1733 2796 sexaginta
1760 2724 1800 2756 ¹¹
1831 2733 1884 2780 et
1926 2725 2038 2780 fere

435 2834 694 2898 quatuor,
717 2839 749 2880 a
778 2822 969 2879 Gothis
992 2832 1048 2876 et
1075 2818 1294 2876 Alarico
1315 2832 1441 2886 rege
1470 2831 1682 2885 eorum,
1716 2817 1913 2872 comite
1942 2831 2038 2872 au-

433 2929 543 2980 tem
573 2935 695 2991 suo,
746 2918 958 2990 irrupta
986 2923 1042 2972 et
1063 2913 1258 2985 opibus
1283 2911 1538 2984 Spoliata,
1571 2925 1676 2967 non
1699 2924 1890 2982 regno,
1918 2925 2035 2966 ma-

2145 1890 2188 1921 ³⁸
2220 1898 2402 1944 tamen
2435 1903 2542 1944 non
2570 1887 2762 1942 similis
2793 1887 2971 1942 exitus
2996 1927 3012 1954 ,
3063 1885 3325 1942 similisve
3353 1884 3620 1942 defectus.
3654 1884 3752 1942 Illa

2146 1982 2289 2037 enim
2323 1996 2546 2050 regnum
2582 1981 2794 2054 amisit,
2843 1981 2958 2034 haec
2987 1979 3218 2044 retinet;
3253 1977 3342 2033 illa
3369 1977 3753 2034 interiectione

2145 2076 2289 2145 regis
2331 2075 2540 2137 orbata,
2589 2073 2706 2130 haec
2752 2073 3010 2130 incolumi
3051 2073 3379 2144 imperatore
3421 2087 3613 2140 secura
3642 2080 3751 2130 est.

2148 2167 2216 2223 Et
2244 2166 2348 2223 hoc
2369 2165 2578 2238 quare?
2620 2158 2887 2236 Quoniam
2919 2165 2992 2220 ibi
3019 2165 3071 2220 in
3104 2180 3234 2236 rege
3265 2162 3546 2220 libidinum
3581 2162 3756 2232 turpi-

2148 2259 2276 2315 tudo
2325 2259 2530 2330 punita,
2580 2257 2669 2315 hic
2707 2258 3032 2315 Christiana:
3077 2255 3358 2328 religionis
3391 2257 3432 2290 ¹⁹
3458 2256 3747 2312 continen-

2141 2354 2354 2409 tissima
2401 2354 2630 2424 tequitas
2660 2354 2711 2409 in
2743 2368 2869 2424 rege
2899 2361 3116 2408 servata
3143 2361 3227 2407 est
3255 2366 3270 2406 :
3304 2350 3398 2414 ibi,
3423 2350 3628 2420 absque
3657 2364 3749 2405 re-

2141 2447 2357 2518 ligionis
2379 2446 2708 2514 reverentia,
2734 2445 3106 2501 "aviditatem
3141 2442 3430 2513 voluptatis
3450 2443 3556 2514 91
3583 2441 3754 2497 lieen-

2141 2539 2210 2617 tia
2244 2538 2442 2595 furoris
2469 2539 2715 2606 implevit
2743 2557 2755 2593 :
2787 2537 2876 2594 hic
2904 2545 2959 2593 et
2985 2535 3276 2593 Christiani
3311 2535 3463 2592 fuere
3489 2535 3581 2606 qui
3625 2548 3752 2606 par-

2142 2640 2358 2698 cerent,
2387 2641 2442 2687 et
2467 2631 2753 2688 Christiani
2782 2631 2978 2702 quibus
3009 2639 3312 2701 parcerent,
3345 2637 3401 2684 et
3427 2626 3748 2694 Christiani,

2143 2733 2365 2798 prapter
2403 2740 2636 2796 quorum
2677 2724 3028 2790 memoriam,
3071 2732 3126 2779 et
3166 2723 3218 2778 in
3263 2736 3492 2791 quorum
3541 2735 3754 2783 memo-

2145 2819 2224 2874 ria
2250 2828 2587 2890 parceretur.
2609 2817 2951 2889 Quapropter
2974 2818 3228 2874 desinant
3255 2816 3570 2887 religionem
3607 2814 3755 2870 lace-

2137 2927 2280 2980 rare,
2303 2919 2360 2968 et
2379 2911 2650 2970 lacessere
2666 2913 2708 2944 "
2739 2911 3052 2983 patientiam
3075 2910 3206 2968 Dei:
3231 2918 3451 2983 propter
3475 2923 3634 2980 quam
3656 2907 3754 2963 ba-

1751 3042 2203 3100 HAVEBCAMPI
2241 3044 2474 3101 NOTAE.

464 3213 468 3229 .
506 3168 598 3224 22.
640 3165 830 3237 ACer
849 3158 1410 3237 r‘ege..U‘ltr.etLugd.
1437 3159 1681 3214 Bat.sec.
1703 3157 1886 3237 delent
1901 3173 2036 3230 rege.
2068 3161 2113 3226 C
2145 3171 2478 3237 quant,_etc._,
2507 3160 2678 3237 Lugd.
2706 3161 2848 3237 Batt.
2879 3177 2984 3237 pr.,
3021 3168 3147 3216 tert.

507 3242 602 3295 25.
648 3231 762 3304 Quo
789 3231 1226 3306 priniutnLLugd.
1250 3233 1406 3306 Batt.-
1429 3241 1563 3293 tres.
1585 3247 1649 3286 ex
1664 3232 2034 3306 quoprimum.

505 3313 599 3366 2i.
643 3302 750 3365 Illa
780 3302 982 3362 cecidit.
1015 3304 1118 3359 Ed.
1146 3307 1316 3374 Aug,
1347 3302 1441 3356 illa
1471 3310 1596 3356 tunc
1618 3303 1826 3374 occidit.

507 3382 600 3436 25.
644 3380 1086 3446 Alienigenarum.
1121 3372 1277 3429 Flor}
1312 3389 1405 3446 pr,
1431 3383 1487 3428 et
1512 3387 1625 3446 sec:
1649 3372 1702 3427 id
1727 3373 2044 3446 voluerunt,

447 3453 754 3508 scribentes
786 3443 1099 3502 alienarunt.
1131 3449 1201 3501 At
1229 3455 1342 3500 tres
1386 3443 1558 3514 Lugd.
1596 3444 1763 3512 Batt.,
1794 3444 1942 3500 Mens
1992 3451 2048 3499 et

435 3525 616 3581 Periz.
657 3537 780 3577 cum
812 3520 962 3575 Flor.
996 3516 1490 3588 tert.,alienorum;
1516 3515 1737 3586 insuper
1761 3517 1848 3574 ed.
1879 3523 2044 3587 Aug.,

439 3597 596 3652 etiam
621 3592 932 3648 alienorum.

506 3668 601 3721 26.
643 3663 964 3719 Fastidium.
1018 3659 1117 3714 Ed.
1169 3660 1333 3729 Aug.,
1403 3673 1534 3714 mss.
1584 3656 1731 3713 Meus
1761 3670 1812 3714 et
1843 3659 1998 3715 Periz
2029 3699 2046 3729 ,

445 3738 729 3812 fastigium.
758 3731 1108 3812 _L_ugd..Batt.
1139 3745 1222 3812 pr.
1254 3743 1312 3812 et
1340 3745 1480 3812 sec.,
1514 3730 1794 3812 flagitium.

509 3800 602 3863 27.
645 3800 870 3862 Occidit:
934 3802 1109 3873 Lugd.
1169 3802 1312 3856 Batt.
1362 3809 1513 3866 tert.,
1565 3800 1768 3870 quart.,
1813 3800 1960 3858 Meus
1995 3811 2049 3858 ct

440 3881 641 3948 Periz.,
693 3876 899 3948 cecidit.
950 3874 1733 3948 Transposuimus__sequentia
1773 3889 1840 3948 ex
1876 3875 2045 3948 pluri-

441 3953 544 4006 bus
568 3943 637 4005 et'
655 3946 969 4005 melioribus
1001 3943 1143 4016 mss.
1171 3943 1364 4014 Vulgo,
1417 3944 1644 3998 Orientis
1672 3947 1860 4000 occidit
1887 3947 2049 4016 impe—

441 4024 580 4077 rium
609 4033 655 4076 et
680 4028 851 4074 ortum
881 4029 955 4072 est
985 4015 1303 4070 Occidentis.

513 4095 607 4149 28.
659 4091 838 4145 Verbis
869 4103 1056 4144 morer.
1103 4088 1203 4142 Ed.
1236 4090 1398 4158 Aug.,
1427 4086 1590 4142 verbis
1617 4087 1878 4157 immorer,
1905 4087 2048 4160 quod

450 4179 557 4220 non
604 4162 874 4226 displicet.

2219 3233 2275 3288 8.
2317 3231 2383 3286 Et
2416 3232 2478 3286 ab
2501 3228 2716 3288 Arbato.
2761 3233 2853 3290 Sic
2877 3231 3026 3304 Flor.
3055 3232 3293 3304 optimus
3317 3237 3373 3288 et
3398 3228 3572 3301 Lugd.
3607 3228 3750 3286 Batt.

2146 3319 2256 3374 pr.,
2289 3314 2502 3374 quart.;
2534 3315 2580 3359 et
2628 3304 2819 3359 Arbato
2847 3302 3067 3374 reliqui.

2217 3375 2272 3430 9.
2310 3373 2457 3447 Rege
2477 3391 2671 3447 eorum.
2724 3375 2895 3441 Meus,
2946 3392 3064 3447 rege
3089 3391 3203 3444 suo,
3247 3374 3344 3431 scd
3376 3390 3478 3447 suo
3499 3373 3754 3428 ultimum

2148 3460 2274 3572 apex
2302 3441 2470 3572 dtelet.
2516 3446 2774 3518 Praefecto
2807 3463 2903 3502 suo
2949 3441 3118 3519 usque
3138 3441 3322 3503 comite
3357 3447 3411 3502 in
3440 3441 3589 3503 Flor.
3622 3453 3752 3500 tett.

2188 3532 2321 3572 esun
2355 3559 2366 3569 .

2188 3525 2366 3574 esnnt.

2157 3659 2167 3671 .
2224 3589 2310 3644 10.
2353 3587 2480 3673 ipsa
2520 3599 2719 3673 tamen.
2775 3589 2925 3673 Flor.
2969 3604 3104 3658 sec.,
3153 3587 3242 3644 Ita
3267 3599 3474 3654 tamen;
3517 3587 3613 3646 sed
3641 3602 3756 3658 pr.,

2151 3670 2264 3732 ipsa
2285 3670 2458 3714 autem
2480 3671 2535 3716 et
2561 3670 2611 3716 ιιι
2645 3677 2819 3733 marg.
2851 3672 3044 3717 tamen.

2223 3734 2311 3786 11.
2349 3731 2416 3786 Et
2450 3735 2572 3800 fere.
2604 3732 2775 3787 Abest
2803 3751 2830 3785 ει
2861 3732 3008 3788 Flor.
3041 3747 3154 3788 sec.
3185 3741 3240 3788 et
3267 3730 3509 3788 Venetis.

2223 3803 2312 3859 12.
2338 3803 2633 3877 Ρνωίεσιυε
2663 3804 2842 3876 hujus.
2880 3805 2972 3861 Sic
2995 3819 3186 3860 omnes
3214 3811 3577 3877 transponunt
3617 3815 3755 3856 mss.

2151 3875 2372 3945 vulgati,
2406 3876 2560 3948 hujus
2593 3875 2889 3948 prwfeclus.

2226 3948 2314 4002 15.
2357 3945 2579 4001 Attalus.
2611 3947 2748 4003 Coll.
2777 3946 3043 4014 Gronov.,
3076 3945 3323 4002 Athalus.

2229 4017 2316 4072 14.
2360 4017 2638 4072 Christiani
2662 4019 3010 4086 imperatoris.
3045 4019 3277 4084 Nomen,
3308 4018 3558 4083 Honorii,
3589 4014 3761 4084 vulgo

2153 4087 2391 4157 additur,
2420 4105 2511 4162 ex
2567 4091 2915 4162 glossemate,
2973 4101 3033 4146 ut
3064 4100 3212 4160 puto,
3261 4089 3413 4162 illius
3449 4089 3540 4158 qui
3572 4086 3763 4162 espri-

2156 4175 2306 4216 mere
2346 4159 2540 4224 voluit,
2573 4159 2707 4231 'quis
2734 4160 2822 4215 hic
2853 4160 3152 4232 imperator
3176 4171 3342 4227 esset,
3384 4159 3452 4218 de
3478 4175 3586 4232 quo
3616 4159 3764 4232 libro

517 4237 648 4290 Car.
679 4234 761 4288 lll.
789 4261 861 4273 ——-
892 4231 942 4284 1.
969 4228 1328 4302 ΝἱιηιεηΤιόε
1359 4243 1426 4283 ex
1460 4243 1588 4285 mss.
1612 4228 1784 4301 Lugd.
1821 4231 1962 4286 Batt.
1997 4237 2053 4285 et
2154 4247 2228 4302 vn
2259 4248 2377 4302 cap.
2428 4233 2519 4287 40.
2553 4228 2716 4289 Fiam.
2744 4263 2816 4274 —-
2841 4228 3065 4288 Honorii
3098 4248 3293 4288 nomen
3325 4228 3520 4288 merito
3547 4230 3765 4302 delevit

447 4305 586 4360 Coll.
615 4306 808 4368 Gron.,
831 4301 1004 4356 Ninus
1031 4317 1141 4354 rex.
1163 4301 1292 4368 Qum
1315 4312 1614 4369 sequuntur
1638 4303 2050 4357 cuisuccessit...

448 4377 733 4448 regnaverit
775 4372 1093 4448 exciderunt
1136 4372 1189 4426 in
1223 4370 1352 4448 inid.
1393 4387 1500 4442 pr.,
1531 4374 1752 4430 Venetis
1782 4385 1836 4430 et
1875 4375 2050 4429 Paris.

518 4443 573 4502 2.
621 4446 764 4503 Uxor
795 4460 910 4500 sua.
942 4444 1087 4499 delet
1114 4461 1209 4504 sua
1237 4443 1408 4497 Periz.

519 4521 575 4577 3.
622 4515 988 4586 Quadraginta
1026 4523 1072 4567 et
1096 4515 1312 4586 duobus
1348 4515 1518 4570 annis.
1554 4519 1764 4586 Augeat
1790 4516 1876 4571 ed.
1911 4518 2046 4586 Aug.

2157 4299 2470 4375 Fabricius,
2509 4307 2758 4375 quamvis
2804 4320 2867 4359 ex
2901 4320 3032 4359 mss.
3065 4312 3369 4375 agnoscant
3408 4303 3579 4373 Lugd.
3613 4301 3760 4375 Batt.

2158 4385 2268 4446 tres
2296 4391 2414 4430 eum
2447 4373 2585 4431 Coll.
2619 4375 2860 4431 Gronov.
2898 4377 3069 4446 Delet
3097 4373 3279 4431 autem
3314 4373 3764 4446 Longobardicus

2159 4443 2400 4501 Floreat.
2453 4463 2574 4502 cunt
2620 4448 2832 4502 duobus
2861 4445 3000 4514 aliis,
3049 4446 3189 4513 Meo,
3219 4443 3494 4515 Perizori.,
3529 4444 3671 4501 Ultr.
3702 4452 3767 4498 ct

2157 4517 2330 4580 Lugd.
2362 4518 2480 4572 Bat.
2513 4534 2623 4574 sec.
2653 4535 2775 4573 cum
2803 4517 2946 4590 edit.
2967 4524 3103 4590 Aug.

446 4607 479 4645 ι.
509 4561 1310 4660 illam?"iiiél"i.t{§df"i32ﬁ;
1350 4561 2045 4655 ἱέέ-ἴῖἐῖὸῗῖἰῗ-(Ξῖὸιίὀῗῗξ
2078 4561 2128 4621 ι)
2157 4561 2330 4644 “”ι”ἔ.’
2357 4561 3160 4646 2831:7585f"iiot‘if"i;i3}i’6v.
3219 4605 3343 4647 cum
3400 4587 3576 4660 Lugd.
3629 4585 3760 4640 Bat.

444 4679 560 4717 an
587 4663 758 4716 annis.
794 4659 1039 4730 Perizon.
1071 4671 1195 4712 mox
1227 4656 1373 4711 delet
1393 4659 1625 4730 imperii.

519 4736 575 4788 4.
618 4731 954 4801 Babylonem.
976 4729 1066 4784 Sic
1087 4738 1196 4801 tres
1231 4743 1361 4801 mss.
1391 4727 1561 4801 Lugd.
1590 4731 1729 4785 Batt.
1754 4745 1873 4784 cunt
1903 4727 2043 4786 Coll.

450 4803 619 4860 Gron.
653 4799 798 4872 quod
827 4801 988 4872 eligo,
1014 4800 1139 4872 quia
1168 4800 1410 4872 sequitur
1439 4799 1696 4872 Babylon.
1745 4801 2044 4857 Florentini

440 4892 577 4940 tres,
608 4869 952 4944 Babylonam,
988 4871 1218 4944 vulgati,
1249 4869 1612 4942 Babyloniam.

517 4948 573 5004 5.
613 4941 780 5016 Caput
811 4945 974 5016 regni.
1006 4941 1219 5016 ‘l’etjzu
1247 4941 1398 5012 caput
1444 4945 1586 5014 regni
1613 4945 1712 5000 sui.
1741 4944 1842 5000 Ed.
1874 4943 2040 5015 Aug.,

445 5020 592 5089 regni
616 5011 794 5088 caput.
824 5015 900 5073 At
926 5011 1065 5070 Coll.
1092 5011 1358 5089 Gronov.,
1389 5011 1545 5084 caput
1566 5019 1720 5089 regni
1750 5017 1913 5071 erexit
1948 5011 2043 5086 pro

441 5086 699 5157 condidit,
750 5089 903 5158 quasi
934 5091 1098 5141 vellet
1125 5086 1179 5138 in
1211 5095 1388 5151 caput,
1431 5097 1534 5142 etc.
1563 5086 1680 5142 Non
1714 5097 1886 5154 muto,
1916 5089 2043 5158 quia

443 5157 1046 5230 vulgatamdel‘endunt
1077 5171 1138 5210 ea
1167 5171 1286 5230 qua:
1313 5169 1625 5230 sequentur.

515 5227 569 5287 6⁷.
612 5231 698 5285 Ita
721 5228 979 5300 Babylon.
1009 5227 1293 5302 Quomodo
1333 5228 1593 5302 ceciderit
1621 5229 1909 5302 Babylonis
1943 5229 2044 5284 im-

441 5306 672 5370 perium.
719 5299 918 5370 capite.
971 5299 1114 5370 quod
1147 5301 1455 5369 praecessit,
1490 5299 1784 5358 enarravit.
1818 5302 2041 5356 Frustra

441 5377 608 5444 igitur
649 5373 892 5429 Floreat.
939 5385 1061 5444 see.
1094 5383 1148 5426 et
1175 5379 1333 5444 tert.,
1383 5371 1526 5440 item,
1564 5388 1688 5428 eum
1722 5374 1909 5444 primis
1943 5388 2041 5427 sex

436 5440 523 5502 vel
565 5459 771 5516 septem
802 5440 1148 5516 editioni‘bus
1193 5443 1510 5516 praeferunt,
1563 5446 1687 5515 quia
1723 5440 1932 5500 scilicet
1958 5458 2045 5498 sc-

439 5509 646 5589 quitur,
680 5514 928 5589 Similiter
950 5524 996 5567 et
1029 5509 1859 5589 Itonia:_ﬁnalerami-annorum
1903 5516 2046 5570 male

439 5585 716 5658 computat
761 5585 1044 5658 ed._gAug.
1079 5600 1136 5640 ιιι
1176 5585 1344 5639 ntillia
1390 5601 1513 5641 eLx.
1558 5588 1664 5642 Pro
1690 5598 1738 5640 et
1768 5603 2045 5658 propemo-

441 5655 816 5730 dum'qaatnor
861 5655 1101 5712 Floreat.
1136 5666 1285 5727 tert.,
1329 5666 1377 5712 et
1416 5662 1523 5727 fere
1548 5655 1788 5729 quatuor.
1823 5657 2046 5714 Venetae

441 5743 496 5789 et
519 5749 627 5799 pr.,
663 5741 708 5784 et
759 5739 1004 5799 quatuor.

501 5798 558 5858 7.
605 5798 776 5871 Quam
802 5798 1010 5859 condita
1039 5809 1171 5860 erat.
1198 5800 1352 5862 Delet
1378 5815 1484 5859 ms.
1531 5799 1680 5864 Flor.
1713 5810 1876 5873 tert.;
1906 5811 2048 5877 post-

2154 4668 2304 4727 tert.,
2339 4663 2571 4717 tentalt'o.

2231 4733 2315 4788 16.
2360 4729 2732 4801 ΙιιεΙῙαὺἱΙὶιιηι.
2772 4731 2946 4788 Abest
2976 4749 3002 4786 a
3032 4732 3285 4789 Perizon.

2226 4804 2314 4860 17.
2346 4799 2646 4874 Babylonis.
2699 4803 2788 4860 Sic
2814 4819 2946 4860 tnss.
2977 4804 3252 4873 meliores,
3307 4804 3400 4860 alii
3430 4799 3759 4873 Babylonica.

2153 4875 2258 4932 Pro
2287 4875 2468 4929 similis
2500 4875 2638 4931 Coll.
2673 4876 2936 4945 Gronov.,
2965 4877 3145 4931 simul.

2228 4947 2313 5002 18.
2356 4945 2574 5002 Tamen.
2625 4945 2699 5001 Ita
2745 4949 2880 5002 miro
2926 4943 3207 5003 consensu
3260 4943 3558 5003 Florentini
3608 4952 3762 5008 tres.

2155 5019 2323 5087 Lugd.
2374 5018 2515 5073 Batt.
2565 5026 2817 5084 quatuor,
2872 5018 3147 5085 Perizon.,
3199 5017 3373 5082 Meus,
3423 5027 3479 5073 et
3521 5015 3765 5087 denique

2154 5086 2292 5147 Ultr.
2345 5105 2466 5146 cum
2493 5091 2791 5146 Collatione
2820 5089 3166 5146 Gronoviana
3197 5092 3481 5144 exhibent.
3532 5087 3616 5142 Ex
3637 5086 3768 5139 edi-

2153 5164 2222 5217 tis
2261 5162 2376 5216 sola
2409 5163 2742 5230 Augustana.
2789 5161 3035 5234 Reliquae
3060 5176 3251 5218 omnes
3281 5161 3508 5226 tametsi,
3538 5156 3770 5227 illepide

2152 5247 2303 5296 sane,
2340 5234 2606 5287 scribunt.

2227 5305 2313 5358 19.
2355 5303 2825 5360 Continentissima.
2871 5304 3024 5360 Delet
3053 5303 3333 5372 Perizon.,
3363 5304 3418 5359 in
3444 5318 3565 5372 rege
3592 5299 3769 5354 conti-

2152 5376 2350 5442 nentia,
2401 5376 2617 5444 (aquilas
2647 5377 2777 5447 legit
2799 5376 2935 5432 Ultr.

2221 5447 2310 5502 20.
2354 5442 2665 5502 Ariditatem
2702 5442 3006 5517 uoluptatis.
3061 5447 3267 5504 Praeter
3302 5445 3595 5502 editionem
3649 5442 3768 5517 Att-

2149 5528 2436 5586 gustanam
2485 5519 2647 5574 codd.
2697 5515 2992 5576 Florentini
3023 5528 3134 5575 tres
3165 5518 3424 5572 exhibent
3455 5515 3765 5571 uoluntatis.

2151 5589 2303 5715 111ίέΜέ¹
2313 5601 2516 5673 .tameu
2567 5591 2857 5662 vulgatam,
2891 5592 3014 5662 quia
3062 5591 3286 5660 respicit
3331 5587 3611 5644 libidinutn
3643 5595 3767 5639 tur-

2154 5677 2206 5715 ιιι
2237 5679 2266 5714 ιι
2313 5677 2476 5715 metu.

2154 5663 2476 5731 pitudinem.

2221 5732 2312 5787 21.
2343 5733 2684 5788 Patientiain.
2717 5733 2943 5788 Videtur
2971 5732 3088 5790 lucc
3116 5748 3221 5788 vos
3245 5732 3416 5803 magis
3436 5727 3767 5803 convenire,

2151 5820 2313 5877 quam
2332 5806 2642 5879 potentiam,
2665 5814 2725 5864 ut
2749 5806 3014 5866 exhibent
3035 5805 3266 5867 CoLGr.
3288 5802 3496 5876 etLug.
3521 5802 3638 5860 Bat.
3667 5813 3764 5871 pr.
