4092 6346
330 262 432 320 749

1401 254 1873 315 IIISTORIARUM
1911 249 2125 312 LIBER
2162 250 2226 311 Il.
2267 252 2420 311 CAP.
2463 252 2554 311 IV.

3508 256 3614 314 750

326 382 470 445 bent,
502 380 550 412 ι’
572 377 647 434 uti
670 384 725 434 et
753 376 856 433 hoc
876 388 1089 448 quoque
1111 373 1430 446 impunitum
1462 373 1714 438 habeant,
1746 371 1792 428 si
1820 372 1917 426 ali—
1948 374 1993 432 Α
2023 370 2042 401 ⁸
2071 385 2098 424 a
2125 368 2356 425 Romulo
2381 375 2436 424 et
2486 368 2687 435 Ilemo,
2721 367 2950 439 geminis
2996 368 3312 427 auctoribus
3333 418 3347 442 ,
3395 371 3613 428 condita

324 473 536 546 quando
550 472 830 528 desistant.
850 469 1111 526 Recolant
1129 483 1259 524 sane
1280 482 1490 524 mecum
1515 469 1776 538 majorum
1798 483 1916 524 suo-

323 584 440 624 rum
479 576 743 636 tempzira,
791 564 943 619 bellis
985 563 1396 632 inquietissima,
1438 562 1735 620 sceleribus
1762 578 1916 619 exse-

320 659 562 725 crabilia,
579 656 1002 712 dissensionibus
1016 655 1175 723 imda,
1193 656 1421 712 miseriis
1433 657 1913 726 contimiatissima,

320 771 438 825 qua:
459 765 512 808 et
539 754 730 808 merito
750 761 973 823 possunt
995 752 1235 820 horrere,
1262 754 1386 821 quia
1409 752 1454 784 ’³
1476 752 1710 818 fuerunt,
1735 763 1788 808 et
1817 771 1914 809 uc-

317 848 556 903 cesmrio
584 846 784 902 debent
817 860 1008 916 rogare
1034 860 1104 900 ne
1129 845 1236 900 sint
1260 862 1273 898 :
1297 860 1419 900 eum
1449 859 1579 900 sane
1609 859 1799 916 r0gare
1827 861 1916 900 so-

318 940 431 995 lum
467 940 656 1007 Deum,
686 939 775 1010 qui
821 947 877 994 et
920 950 1046 993 tunc
1081 938 1290 994 occulta
1334 939 1540 1008 justitia
1582 938 1823 1004 permisit
1860 950 1912 994 ut

318 1034 544 1099 tierent;
572 1042 626 1089 et
668 1046 811 1088 nunc
839 1042 1027 1103 aperta
1056 1030 1422 1087 misericordia
1457 1038 1694 1101 praestat,
1723 1039 1781 1088 ut
1809 1046 1916 1088 non

315 1127 426 1181 sint
450 1144 462 1178 :
487 1141 608 1196 tlllil!
634 1124 796 1180 modo
823 1140 850 1178 a
885 1139 970 1180 me
1004 1124 1231 1194 plenius,
1256 1123 1323 1178 ab
1349 1123 1466 1194 ipso
1491 1123 1649 1180 Urbis
1669 1125 1914 1192 exordio,

313 1219 358 1252 ἰ
384 1219 648 1276 revolutis
675 1233 771 1290 per
800 1217 1044 1274 ordinem
1073 1216 1348 1283 historiis,
1395 1217 1761 1288 proferentur.

858 1311 970 1384 92
1015 1303 1241 1368 canor
1290 1310 1378 1371 tv.

313 1406 392 1462 De
441 1405 613 1462 Roma
659 1406 908 1472 condita,
963 1415 1011 1460 et
1058 1414 1284 1488 tempore
1323 1421 1424 1477 quo
1455 1406 1654 1480 Regum
1699 1407 1917 1482 imperio

1022 1489 1220 1550 paruit.

381 1583 398 1615 ί
420 1576 580 1629 Anno
610 1581 728 1644 post
747 1571 1088 1629 eversionem
1119 1571 1296 1642 Troiae
1325 1587 1574 1640 ccccxiv,
1607 1572 1917 1646 Olympiade

305 1677 493 1724 autem
543 1682 621 1730 vr.
671 1681 792 1738 quae
819 1666 840 1696 ²
867 1665 1055 1737 quinto
1105 1665 1324 1720 demum
1379 1681 1554 1733 anno,
1585 1676 1822 1737 quatuor
1861 1667 1914 1722 in

2020 470 2126 519 est.
2185 461 2352 532 Cujus
2399 476 2622 532 regnum
2673 459 2934 516 continuo
2984 460 3246 516 Romulus
3322 462 3612 533 parricidio

2020 559 2042 590 ⁸
2072 558 2299 614 imbuit:
2336 558 2559 627 parique
2590 570 2848 612 successu
2899 551 3237 611 crudelitatis
3271 555 3294 589 ⁸
3315 555 3433 612 sine
3465 573 3614 612 more

2020 658 2201 720 raptas
2265 650 2528 718 Sabinas,
2587 647 2849 718 improbis
2917 647 3121 718 nuptiis
3173 647 3610 715 coni‘mderatas,

2020 744 2336 798 maritorum
2390 751 2444 796 cl
2497 749 2779 811 parentum
2832 740 2852 771 ⁸
2900 754 3097 796 cruore
3152 739 3376 796 dotavit.
3427 739 3616 811 Itaque

2019 834 2309 903 Romulus,
2335 835 2354 866 ⁷
2380 833 2664 889 interfecto
2686 833 2919 903 primum
2951 851 3003 886 at
3021 847 3053 886 ο
3080 832 3387 900 Numitore,
3418 831 3616 889 dehinc

2019 927 2188 984 Remo
2206 928 2390 994 fratre,
2409 927 2634 997 arripuit
2653 927 2957 996 imperium,
2976 925 3282 996 Urbemque
3295 924 3608 982 constituit:

2019 1041 2243 1096 regnum
2271 1025 2379 1090 ari,
2415 1040 2598 1081 muros
2624 1025 2823 1090 fratris,
2861 1027 3118 1096 templum
3151 1025 3326 1081 soceri
3350 1025 3611 1096 sanguine

2017 1119 2126 1190 93
2156 1118 2517 1173 dedicavitz°
2563 1119 2951 1175 sceleratorum
2996 1120 3293 1184 manumﬂ
3342 1120 3611 1188 promissa

2022 1214 2362 1282 impunitate,
2397 1209 2640 1281 collegit.
2673 1211 2882 1266 Primus
2913 1210 2987 1265 illi
3016 1223 3241 1280 campus
3270 1209 3336 1264 ad
3368 1209 3607 1278 bellum,

2023 1307 2197 1361 forum
2243 1304 2404 1361 Urbis
2452 1303 2573 1369 fuit,
2625 1303 2800 1358 mixta
2851 1302 3013 1358 simul
3059 1310 3284 1358 externa
3319 1301 3613 1371 civiliaque

2022 1398 2170 1453 bella
2194 1412 2489 1468 numquam
2517 1395 2772 1452 defutura
2805 1395 3144 1466 signiﬁcans.
3179 1395 3221 1427 ¹⁰
3252 1395 3608 1462 Sabinorum,

2020 1504 2159 1561 quos
2187 1489 2393 1546 findere
2419 1489 2664 1560 ludisque
2696 1487 3016 1558 pellexerat,
3061 1486 3286 1542 feminas
3316 1493 3425 1541 tam
3460 1487 3617 1542 inho-

2022 1593 2175 1641 neste
2206 1583 2553 1655 prtesumpsit
2605 1597 2768 1653 quam
2802 1581 3007 1636 nefarie
3035 1580 3300 1636 defendit.-
3336 1582 3376 1613 “
3409 1581 3613 1637 Ducem

2023 1693 2212 1734 eorum
2243 1676 2424 1732 Titum
2447 1675 2686 1740 Tatium,
2717 1689 2930 1740 senem,
2965 1672 3212 1729 honestis
3245 1674 3458 1744 pictatis
3487 1690 3615 1729 cau-

307 1762 497 1817 medio
535 1759 800 1830 expletis,
848 1759 992 1830 apud
1040 1758 1285 1826 Elidem,
1321 1759 1546 1816 Graecia:
1595 1760 1870 1816 civitatem
1899 1803 1912 1829 ,

2023 1770 2095 1826 sis
2127 1769 2494 1837 insistentem,
2520 1768 2610 1824 diu
2648 1767 2816 1823 armis
2862 1766 3264 1837 propulsatum,
3300 1781 3426 1821 mox
3475 1778 3531 1820 ut
3563 1767 3615 1822 in

306 1869 486 1926 agone
510 1861 566 1910 et
593 1853 735 1910 ludis
760 1851 1007 1910 exerceri
1033 1852 1198 1921 solet,
1242 1853 1372 1910 urbs
1424 1853 1596 1910 Itonia
1637 1856 1690 1910 in
1754 1853 1907 1912 Italia

2015 1867 2334 1922 societatem
2365 1863 2518 1936 regni
2561 1861 2877 1933 assumpsit,
2918 1860 3142 1917 occidit.
3177 1862 3219 1892 ¹²
3257 1859 3388 1919 Cum
3421 1860 3619 1918 Veien-

1633 2019 2084 2082 HAVERCAMPI
2126 2025 2364 2084 NOTAE.

375 2155 480 2214 22,
507 2151 595 2209 Uti
614 2151 771 2228 ethoc
790 2159 1142 2228 quoque,_etc.
1167 2151 1423 2220 Quamvis
1444 2153 1524 2210 sic
1550 2155 1604 2212 iu
1625 2161 1878 2216 omnibus
1895 2202 1910 2228 ,

305 2243 452 2301 quos
490 2225 774 2304 consului2
806 2239 937 2304 mss.
977 2223 1065 2278 hic
1103 2223 1254 2279 locus
1293 2228 1691 2304 constituatur,
1736 2223 1910 2304 neque

307 2295 696 2370 incommodus
726 2295 842 2370 ejus
871 2295 944 2350 sit
981 2308 1209 2370 scnSus,
1262 2298 1468 2370 arridet
1513 2295 1692 2356 tamen
1740 2295 1908 2370 mire,

307 2371 466 2445 quod
495 2369 662 2445 editio
690 2368 930 2422 omnium
957 2369 1160 2435 prima.
1189 2377 1245 2445 et
1275 2368 1448 2423 Paris.
1481 2378 1546 2445 e‘t_
1568 2371 1784 2445 veneta;
1805 2415 1821 2442 ,
1852 2368 1913 2430 ut

308 2441 363 2502 et
413 2441 644 2512 insignis
673 2449 832 2509 atque
860 2449 1010 2512 vetus
1033 2481 1047 2502 ,
1075 2454 1199 2512 qua;
1223 2442 1475 2510 Augusta:
1502 2441 1908 2502 Vindelicorum

307 2533 375 2572 ex
437 2509 570 2569 mss.
622 2513 850 2588 prodiit,
904 2509 1235 2588 exhibenda
1267 2509 1328 2566 ea
1378 2513 1505 2588 sola
1543 2516 1622 2570 sic
1678 2516 1907 2588 legitur,

311 2588 545 2658 PrOpter
573 2599 726 2656 quam
758 2582 940 2658 habent
970 2581 1107 2658 quod
1131 2582 1412 2658 habenae!
1431 2586 1629 2658 utinam
1660 2581 1760 2641 Ιιοὲ
1781 2581 1911 2656 (ιιιοέ

307 2678 409 2731 que
431 2653 750 2731 impunitum
773 2653 1014 2731 habeant.
1041 2654 1390 2731 aliquando
1410 2655 1679 2731 desistant.
1708 2653 1909 2716 Ultima

312 2725 364 2788 in
398 2725 682 2787 msIUltr.
713 2727 802 2796 qui
830 2726 883 2780 in
912 2725 1183 2796 prioribus
1207 2769 1221 2793 ,
1255 2741 1374 2798 cum
1408 2727 1631 2798 reliquis
1656 2733 1910 2788 omnibus

311 2804 627 2868 consentit,
671 2795 744 2854 ita
783 2795 1128 2865 scribuntur,
1179 2795 1272 2850 sed
1315 2795 1598 2867 aliquando
1638 2802 1909 2858 desistant.

313 2877 615 2939 Desinant,
680 2871 879 2940 inquit,
941 2868 1166 2940 Romani
1213 2868 1446 2937 gentiles
1502 2872 1744 2929 lacerare
1785 2875 1914 2930 reli-

310 2948 535 3018 gionem
568 2939 963 3018 Christianam,
988 2949 1068 3018 _ct
1107 2939 1564 3018 Deipatientiam
1604 2943 1908 3018 lacessere,

314 3010 545 3089 propter
569 3029 739 3089 quam
777 3011 1100 3089 patientiam
1133 3011 1230 3066 Dei
1262 3010 1464 3089 habent
1503 3015 1643 3089 quod
1676 3010 1906 3084 habenti

311 3081 608 3152 i'idélicet,
658 3086 860 3140 exitum
903 3094 958 3138 et
1005 3081 1275 3138 deiectum
1323 3082 1464 3138 haud
1511 3081 1742 3141 similem
1811 3081 1910 3143 im?
1939 3083 1984 3146 C

312 3165 472 3231 periri
516 3157 874 3231 Babyloiiieo,
927 3167 1083 3231 prout
1118 3156 1251 3208 mala
1285 3155 1566 3231 utriusque
1591 3173 1754 3228 supra
1784 3176 1916 3215 con-

314 3227 460 3286 tulit.
491 3231 692 3293 Immo,
723 3228 905 3292 addit,
937 3228 1179 3300 utinam,
1214 3242 1282 3282 ne
1325 3227 1543 3296 quidem
1591 3227 1807 3300 propter
1839 3234 1914 3285 la-

313 3316 562 3359 ceratam
613 3302 926 3367 religionem
981 3298 1377 3372 Christianam,
1444 3310 1499 3355 et
1552 3298 1912 3372 blasphemias

313 3390 478 3436 suas,
528 3374 851 3443 puniantur,
898 3369 1041 3440 quod
1095 3381 1530 3443 consequentur,
1585 3373 1633 3426 si
1674 3369 1748 3428 'ad
1793 3391 1909 3428 me-

316 3447 514 3500 liorem
532 3441 797 3498 redierint
838 3452 1104 3516 mentem,
1135 3452 1188 3496 et
1217 3441 1285 3495 ab
1316 3441 1526 3498 inscitia
1568 3460 1666 3500 sua
1705 3461 1912 3516 suoque

312 3519 506 3574 furore
530 3516 812 3571 desistant.
841 3513 984 3568 Idem
1015 3525 1208 3566 sensus
1243 3522 1357 3576 est,
1401 3516 1450 3571 si
1481 3513 1838 3571 admittamus
1860 3519 1910 3573 in
1994 3537 2001 3545 λ

313 3589 615 3658 postremis
661 3583 1106 3658 lectionemcod.
1141 3583 1273 3658 Ultr.
1305 3596 1359 3640 et
1386 3585 1664 3656 aliquanto
1706 3589 1913 3657 majore

311 3657 442 3715 cum
486 3659 759 3730 emphasi,
806 3667 854 3711 et
899 3657 1128 3730 utinam,
1164 3657 1372 3730 inquit,
1422 3661 1517 3712 hoc
1562 3675 1761 3730 quoque
1806 3661 1911 3714 int-

311 3727 873 3802 pnnituni‘habeant!
915 3727 1007 3783 sed
1047 3727 1346 3802 aliquando
1374 3727 1639 3785 desistant.
1676 3727 1867 3785 'Immn
1894 3778 1908 3801 ,

311 3799 490 3867 dicit,
541 3803 776 3857 habituri
822 3810 980 3864 sunt,
1030 3814 1125 3868 per
1171 3799 1592 3856 misericordiam
1636 3803 1766 3867 Dei,
1815 3799 1910 3859 sed

315 3884 502 3930 tamen
527 3917 542 3940 ,
572 3885 781 3939 tempus
811 3884 924 3936 est,
950 3871 1216 3926 desistere
1258 3887 1289 3925 a
1321 3874 1548 3941 pristina
1577 3875 1910 3930 malevolen-

315 3950 426 4010 tia,
485 3963 581 4008 ne,
639 3945 796 4000 nimis
855 3944 1116 3998 irritaudo
1169 3942 1410 4012 Numen,
1463 3945 1631 4000 Deum
1681 3947 1914 4002 reddant

314 4019 738 4087 ittiplacahilem.

385 4093 483 4147 ‘23.
537 4088 790 4145 Fuerunt.
844 4087 935 4142 Sic
983 4087 1012 4141 fi
1034 4103 1092 4142 re
1119 4103 1310 4144 omnes
1353 4104 1485 4143 mss.
1531 4099 1584 4145 et
1630 4091 1906 4146 meliores.

314 4162 610 4230 Vulgatum
660 4162 800 4231 fuere
854 4159 997 4228 quod
1046 4160 1134 4212 alii
1182 4161 1507 4229 praeferunt,
1559 4162 1697 4218 radit
1749 4179 1911 4218 aures

314 4242 546 4302 promer
602 4232 812 4288 horrere
853 4231 996 4300 quod
1051 4232 1355 4303 praecessit.
1407 4231 1553 4303 Flor.
1589 4243 1713 4290 tert.
1743 4277 1757 4302 ,
1809 4251 1910 4303 qua

313 4307 550 4375 fuerunt.
578 4303 1074 4378 ProltorrereColl.
1108 4302 1344 4378 Gronov».
1368 4345 1380 4366 ,
1405 4302 1605 4358 horreri
1642 4309 1659 4378 (
1682 4302 1828 4375 quod
1856 4319 1912 4361 et

311 4378 365 4431 in
402 4376 647 4431 secundo
688 4375 1002 4430 Florentino
1042 4377 1504 4445 superscribitur)
1549 4389 1604 4432 et
1631 4375 1910 4450 aliquanto

315 4458 442 4517 post
465 4457 669 4516 prastat
702 4462 799 4514 pro
825 4455 1060 4519 praestat.

385 4520 482 4592 24.
516 4519 780 4576 Revolutis
802 4537 890 4592 per
906 4519 1161 4575 ordinem.
1189 4519 1570 4592 Edd.Vcnetm,
1601 4522 1904 4591 pervolutis.

315 4591 422 4646 Ed.
457 4592 595 4661 Aug.
617 4632 630 4650 .
662 4591 906 4646 revolutis
933 4607 997 4644 ea:
1024 4591 1223 4645 ordine.

390 4661 524 4716 Car.
563 4661 737 4718 lV.—-
759 4664 808 4718 1.
835 4664 982 4737 Anno
1009 4674 1124 4737 post
1141 4664 1452 4718 eversionem
1469 4663 1644 4737 Trojre
1664 4679 1906 4721 ccccxrv.

317 4735 479 4789 lIunc
507 4750 792 4788 numerum
825 4735 1189 4800 restitninms,
1224 4750 1329 4788 non
1361 4737 1501 4803 quod
1533 4735 1657 4792 eum
1691 4739 1912 4790 cumino

318 4821 514 4860 verum
542 4805 850 4874 judicenms
875 4846 888 4866 ,
921 4805 1014 4859 sed
1043 4807 1168 4875 quia
1202 4807 1352 4859 illmn
1398 4808 1450 4861 in
1479 4809 1733 4862 omnibus
1763 4809 1914 4862 libris

317 4879 601 4950 veteribus
642 4878 972 4950 iurenimus,
995 4887 1179 4950 "atque
1205 4878 1272 4932 ab
1298 4877 1490 4932 Orosio
1519 4882 1779 4950 scriptum
1809 4895 1914 4934 non

315 4949 659 5003 dubitamus.
689 4949 820 5003 Nam
847 4963 967 5003 cum
994 4949 1285 5018 Eutropius
1313 4949 1655 5018 scripsisset,
1694 4951 1915 5004 llomam

316 5021 597 5074 conditam
628 5019 734 5074 kal.
771 5021 965 5086 Maias,
995 5019 1325 5091 olympiadis
1356 5029 1526 5076 sextae
1563 5037 1706 5076 anno
1739 5024 1918 5088 tertio,

319 5106 554 5147 ccccxtx
588 5106 708 5161 posr
733 5091 907 5159 Trojae
929 5089 1200 5146 excidium
1239 5109 1252 5145 :
1280 5091 1476 5147 deinde
1503 5091 1698 5147 Paulus
1726 5093 1920 5147 Diaco-

323 5178 430 5217 nus
481 5163 742 5233 subjecit,
792 5164 940 5228 Sive,
973 5171 1028 5215 ut
1071 5165 1237 5234 placet
1273 5163 1489 5227 Orosio,
1523 5179 1766 5220 ccccxtv.
1800 5164 1924 5221 Scio

325 5233 445 5289 huic
473 5235 631 5290 aliter
656 5245 711 5290 et
739 5236 901 5305 vulgo
934 5235 1034 5305 legi
1055 5233 1079 5300 ,⁷
1099 5244 1148 5288 et
1176 5250 1205 5288 a
1231 5235 1578 5291 Schonhovio
1610 5237 1754 5291 edita
1782 5254 1794 5289 :
1830 5236 1925 5291 sed

321 5320 526 5376 sequor
557 5306 716 5361 [idem
747 5310 850 5362 mei
886 5307 1007 5361 libri
1040 5306 1283 5375 antiqui,
1336 5309 1387 5360 in
1435 5323 1545 5376 quo
1575 5308 1816 5378 Eutropii
1847 5308 1924 5362 hi-

321 5378 498 5431 storia
533 5380 600 5431 ita
629 5379 900 5447 descripta
932 5389 1038 5443 est,
1075 5386 1127 5431 ut
1162 5393 1282 5447 qua}
1308 5378 1506 5434 Paulus
1532 5379 1752 5449 adjecit,
1778 5379 1928 5434 illius

323 5449 566 5522 nominis
594 5449 935 5518 oppositione
964 5449 1074 5503 sint
1095 5457 1343 5520 separata
1365 5449 1607 5522 ;:0rosio
1643 5453 1807 5520 igitur
1832 5466 1927 5504 sua

321 5521 665 5591 restituimus
711 5537 726 5575 :
778 5536 1100 5591 quamquam
1157 5538 1261 5575 non
1317 5521 1438 5577 sine
1485 5537 1647 5577 causa
1691 5523 1924 5579 certiora

315 5589 658 5664 jmtircamus,
690 5589 811 5661 quae
837 5589 970 5664 sunt
986 5592 1123 5664 apud
1154 5592 1377 5664 Dionys.
1410 5593 1886 5648 Halicarnasseum
1911 5637 1925 5659 ,

320 5672 381 5735 et
409 5662 652 5735 Solinmn
700 5664 866 5732 capit.
907 5663 962 5718 2.
999 5663 1164 5719 FABB.
1199 5691 1269 5704 -ο
1297 5662 1364 5718 In
1416 5664 1505 5719 ed.
1562 5669 1698 5735 Aug.
1755 5680 1930 5719 annus

321 5733 580 5806 deﬁnitur
635 5750 921 5801 ccccxuu,
978 5737 1031 5790 in
1085 5736 1309 5806 reliquis
1360 5733 1738 5799 cccxxxvﬁin
1798 5749 1929 5789 mss.

323 5802 500 5877 Lugd.
524 5806 661 5864 Batt.
691 5824 770 5879 pr.
803 5816 1020 5880 quarto,
1044 5802 1363 5879 atquc'Coll.
1397 5808 1637 5866 Gronov.
1661 5821 1930 5877 coccum,

2017 2166 2339 2239 quibuscum
2372 2167 2721 2223 consentiunt
2743 2165 3177 2239 Florentini,_ex
3199 2166 3398 2236 quibus
3429 2185 3511 2239 pr.
3543 2169 3615 2226 ita

2018 2237 2243 2312 exhibet
2293 2253 2746 2312 numeros,_cccc
2796 2237 3202 2309 (superscripto
3229 2241 3348 2309 mo)
3397 2237 3616 2312 quarto-

2019 2308 2246 2384 decimo,
2285 2324 2394 2365 sec.
2416 2353 2431 2377 ,
2474 2308 2978 2384 quadringentesimo
3004 2323 3119 2364 Xltu
3149 2348 3161 2372 ,
3195 2308 3334 2384 teri.
3371 2308 3620 2378 quadrin-

2018 2380 2317 2450 gentesimo,
2347 2380 2538 2452 quarto
2566 2380 2800 2436 decimo.
2826 2381 2957 2435 Post
2981 2397 3117 2434 anno
3147 2381 3395 2452 qutedam
3420 2385 3616 2440 editio-

2018 2467 2114 2506 nes
2146 2451 2432 2508 infarciu’nt
2470 2453 2650 2522 igitur,
2683 2453 2777 2507 sed
2806 2451 2987 2506 invitis
3018 2466 3148 2506 mss.

2087 2524 2142 2576 2.
2179 2523 2371 2589 Quinto
2399 2525 2602 2579 demum
2631 2541 2788 2578 anno.
2824 2522 3070 2579 Ridicule
3100 2523 3187 2579 ed.
3232 2525 3391 2594 Aug.,
3411 2526 3618 2596 quinto-

2019 2595 2215 2647 decimo
2241 2612 2395 2652 anno.

2090 2667 2142 2722 5.
2179 2668 2218 2719 Α
2254 2667 2471 2722 Romulo
2512 2677 2560 2721 et
2596 2666 2777 2721 Remo.
2809 2665 2946 2720 Tres
2974 2681 3041 2721 ex
3073 2664 3246 2737 Lugds
3281 2669 3418 2725 Batt.
3472 2685 3616 2735 prte-

2019 2737 2345 2811 positionem
2365 2739 2594 2811 tollunt,
2623 2748 2682 2794 ut
2724 2751 2779 2795 et
2829 2737 2975 2792 Flor.
3025 2753 3107 2807 pr.
3152 2739 3203 2793 in
3237 2755 3344 2811 quo
3384 2743 3614 2811 legitur,

2018 2807 2248 2864 Romulo
2273 2820 2318 2863 et
2352 2809 2591 2865 Remulo.

2086 2879 2140 2934 4.
2177 2879 2391 2936 Imbuit.
2422 2881 2569 2936 Meus
2591 2923 2604 2942 .
2631 2881 2850 2935 invadit.

2086 2950 2140 3007 5.
2177 2952 2304 3007 Sine
2351 2969 2498 3005 more
2528 2964 2724 3022 raptas.
2760 2952 2961 3007 Probat
2991 2950 3131 3008 hanc
3179 2952 3466 3009 lectionem
3498 2954 3620 3010 Vir-

2052 3022 2172 3076 ilius
2206 3024 2458 3080 :eliamsi
2504 3025 2590 3078 hic
2632 3025 2817 3092 scripti
2863 3025 2984 3078 lihri
3017 3027 3128 3080 sine
3163 3041 3307 3078 mora
3361 3026 3613 3080 habeant.

2062 3111 2185 3149 aur.
2213 3126 2283 3135 —
2304 3099 2370 3147 At
2391 3095 2513 3150 cod.
2533 3095 2775 3165 Longob.
2806 3095 2920 3148 sive
2945 3095 3186 3151 Florent.
3217 3109 3270 3150 ct
3297 3097 3466 3165 Lugd.
3496 3099 3613 3152 ttat.

2018 3182 2100 3232 pr.
2129 3182 2249 3220 cum
2278 3167 2528 3222 Periziin.
2560 3178 2612 3220 et
2633 3136 2832 3226 (fellat.
2866 3165 3108 3222 Gronov.
3151 3175 3204 3222 et
3242 3136 3616 3224 cddecnetis

2016 3252 2199 3291 verum
2231 3250 2517 3292 servarunt
2550 3237 2863 3310 lectionem.
2894 3238 3225 3309 Transpouit
3255 3254 3468 3310 quoque
3512 3241 3614 3294 l‘c-

2015 3310 2184 3362 rizon.
2207 3351 2220 3372 ,
2252 3322 2431 3380 raptas
2456 3310 2563 3363 sine
2604 3324 2745 3380 more
2769 3308 3016 3364 Sabinas.

2085 3383 2137 3434 6.
2172 3379 2369 3454 Cruore
2393 3381 2608 3435 domvit.
2639 3379 2839 3454 Euhoe
2867 3397 2931 3436 ex
2957 3381 3253 3454 Virgiliana
3283 3382 3611 3453 imitatione,

2013 3449 2228 3507 IEueFd.
2255 3453 2351 3507 lib.
2383 3469 2459 3506 vit
2484 3493 2498 3518 ,
2525 3468 2604 3506 vs.
2639 3452 2744 3508 518
2763 3495 2777 3516 .

2139 3554 2392 3618 Sanguine
2417 3553 2627 3617 Trojano
2647 3560 2699 3604 et
2721 3553 2926 3619 Rutulo,
2949 3554 3210 3622 dotabere,
3234 3557 3396 3623 virgo,

2013 3672 2074 3718 ut
2109 3673 2186 3720 est
2239 3664 2380 3736 apud
2398 3664 2655 3736 iPoetam.
2701 3661 2951 3717 Mulieres
2981 3679 3126 3736 cum?
3151 3664 3240 3720 ed.
3274 3666 3410 3736 Aug.
3442 3666 3612 3721 infar-

2013 3737 2161 3790 ciunt
2197 3735 2365 3805 Lugd.
2396 3735 2537 3788 Batt.
2574 3750 2657 3803 pr.
2697 3743 2750 3788 et
2781 3745 2902 3789 tert.
2933 3744 2986 3788 et
3013 3734 3152 3789 Coll.
3200 3734 3436 3791 Gronov.
3470 3739 3615 3792 Prar-

2015 3815 2098 3861 ter
2124 3807 2376 3860 Orosium
2407 3805 2652 3860 Justinus
2683 3821 2900 3875 quoque
2925 3805 3012 3860 illa
3061 3807 3406 3861 ailumbravit
3437 3808 3530 3863 lib.
3560 3826 3606 3876 ι,

2013 3894 2131 3948 cap.
2167 3879 2197 3932 7
2218 3920 2231 3941 ,
2267 3876 2335 3930 Et
2361 3894 2489 3951 uxor
2511 3923 2528 3951 ,Δ
2554 3877 2730 3930 mariti
2755 3878 3010 3951 sanguine
3035 3877 3214 3930 dotata
3233 3923 3247 3947 ,
3275 3895 3486 3951 regnum
3514 3881 3612 3934 viri

2013 3961 2058 4002 et
2081 3947 2134 4002 se
2165 3951 2357 4019 pariter
2402 3947 2636 4001 adultero
2675 3948 2933 4016 tradidit,
2983 3948 3050 4002 de
3104 3964 3269 4004 uxore
3319 3947 3609 4006 Candaulis

2014 4020 2286 4092 Lydorum
2325 4021 2487 4089 regis.

2085 4093 2136 4146 7.
2189 4090 2470 4164 Interfecto
2491 4093 2714 4164 primum
2744 4106 2836 4144 aro
2879 4089 3171 4146 Numitore.
3200 4092 3311 4147 lloc
3351 4108 3437 4148 me
3479 4092 3607 4148 alibi

2014 4165 2198 4231 legere
2221 4162 2598 4218 uon‘n'temini.
2631 4162 2795 4216 Fann.
3350 4183 3355 4188 -

2084 4236 2138 4292 8.
2172 4235 2548 4308 Sceleratorum
2583 4250 2812 4308 manum.
2865 4231 2998 4287 Nota
3030 4248 3119 4290 res
3165 4244 3249 4290 est
3293 4234 3359 4290 de
3397 4236 3550 4308 asylo
3579 4251 3609 4289 a

2018 4309 2246 4363 Romulo
2275 4305 2559 4375 patefacm.
2591 4304 2756 4359 Fann.

2085 4381 2136 4433 9.
2174 4374 2796 4449 Promissaimpunitate.
2821 4374 2940 4449 Ed.
2973 4379 3167 4445 prima,
3194 4379 3486 4449 promiscua
3507 4379 3608 4432 int-

1935 4481 1990 4542 D
2014 4449 2249 4542 pttniiat‘e
2272 4448 2463 4542 ,lqmtd
2492 4449 2736 4542 se’quitur
2768 4447 2856 4502 ed.
2879 4447 3228 4542 Parisieitsis.

2087 4523 2174 4577 10.
2207 4515 2712 4592 Stibinoru:n,{quos,
2739 4531 2846 4574 ctc.
2878 4515 3058 4574 Codex
3085 4521 3336 4576 Perizon.
3365 4521 3609 4587 exhibet,

2014 4594 2333 4649 Sabinorum
2365 4593 2658 4661 imperium,
2688 4608 2837 4662 quos,
2870 4601 2975 4645 etc.
3007 4591 3110 4646 Pro
3135 4610 3263 4663 quos
3293 4593 3464 4662 Lugd.
3491 4594 3608 4648 Dat.

2013 4676 2192 4735 quart.
2251 4681 2374 4720 cum
2417 4664 2504 4719 ed.
2555 4666 2690 4734 Aug.
2729 4664 2950 4731 prazfert
2981 4680 3106 4733 quas
3137 4681 3155 4718 :
3185 4676 3476 4735 utrumque
3515 4664 3613 4720 de-

2016 4738 2162 4794 fendi
2195 4745 2392 4806 potest.

2092 4803 2407 4864 HfDucem
2445 4821 2620 4860 eorum
2659 4804 2832 4859 Titum
2875 4803 3106 4860 Tatium.
3136 4805 3254 4862 Non
3288 4820 3622 4862 commemo-

2019 4880 2150 4937 rabo
2175 4895 2236 4935 ea
2267 4894 2385 4948 quae
2419 4879 2500 4930 vel
2543 4876 2726 4946 pueris
2757 4884 2881 4948 nota
2937 4886 3099 4942 sunt;
3132 4878 3236 4933 hoc
3267 4888 3471 4934 tantum
3507 4893 3623 4931 mo-

2021 4952 2183 5017 nebo,
2213 4946 2428 5006 Tatium
2455 4948 2661 5003 Lavinii
2706 4946 3048 5004 interfectum
3090 4948 3280 5014 fuisse,
3311 4967 3416 5005 non
3443 4964 3469 5001 a
3511 4949 3616 5004 Ro-

2023 5024 2191 5089 mulo,
2223 5023 2317 5077 sed
2365 5021 2546 5087 abiis,
2595 5021 2686 5090 qui
2730 5036 2829 5090 per
2878 5020 3018 5074 illius
3075 5022 3409 5145 propinquos
3458 5019 3620 5074 rixati

2024 5107 2201 5145 erant.
2225 5092 2543 5145 Dionvsius.
2574 5091 2757 5145 Livius
2783 5102 2836 5145 et
2859 5091 3072 5145 Plutarc
3117 5107 3199 5145 us.
3234 5091 3398 5145 Fann.

2024 5107 2201 5160 erant,
2225 5092 2543 5163 Dionysius,
2574 5091 2757 5147 Livius
2783 5102 2836 5148 et
2859 5091 3199 5146 Plutarchus.
3234 5091 3398 5147 Fann.

2099 5167 2186 5220 η.
2224 5164 2350 5219 Cum
2375 5162 2681 5219 Veientibus
2709 5164 2945 5233 prwlium
2986 5163 3159 5217 adhuc
3182 5180 3339 5232 parvo
3377 5162 3582 5216 nomine
3607 5203 3623 5233 ,

2027 5238 2118 5309 sed
2129 5237 2245 5305 jam
2272 5235 2474 5308 magnis
2495 5235 2688 5309 viribus
2706 5232 2973 5309 agitatum
2997 5245 3090 5288 est.
3112 5235 3246 5309 Quia
3283 5248 3484 5309 omnes;
3500 5232 3622 5309 libri

2032 5303 2142 5374 hic,
2174 5325 2336 5380 parvo
2358 5303 2574 5380 nomine
2601 5303 2807 5378 legunt,
2839 5305 3228 5380 nihilniutavi,
3261 5313 3439 5380 tamen
3469 5303 3626 5380 facile

2033 5375 2307 5442 adducar,
2339 5385 2397 5432 nt
2421 5379 2643 5433 credam
2660 5375 2795 5434 'cum
2827 5377 2913 5432 .lo.
2960 5377 3251 5435 Cuilielmo
3293 5375 3522 5432 Suntzio
3554 5375 3633 5428 le-

2033 5451 2268 5521 gendum
2295 5464 2438 5519 esse,
2467 5453 2710 5519 momine,
2743 5465 2841 5517 pro
2869 5457 3149 5521 momento
3177 5466 3188 5502 :
3221 5449 3306 5502 vel
3341 5448 3628 5502 molimine.

2037 5520 2084 5576 Is
2113 5523 2255 5576 enim
2287 5522 2779 5591 ingeniosissimus,
2803 5532 2854 5575 et
2883 5521 3055 5591 nostri
3080 5520 3492 5591 litterarumque
3518 5527 3634 5591 stu-

2037 5589 2380 5648 diosissimus
2407 5592 2747 5656 adolescens,
2778 5593 2902 5646 dum
2930 5589 3075 5645 forte
3099 5605 3308 5646 mecum
3339 5591 3456 5646 haec
3479 5589 3632 5660 legit,

2040 5663 2278 5720 offensus
2306 5665 2562 5719 antithesi
2588 5664 2709 5722 hac.
2736 5680 2891 5735 parvo
2916 5664 3142 5726 nomine,
3163 5661 3253 5716 sed
3277 5663 3392 5734 jam
3435 5661 3635 5732 magnis

2039 5737 2254 5804 viribus,
2279 5736 2537 5807 conjecit,
2562 5737 2614 5790 in
2638 5735 2830 5807 Orosio
2855 5735 3226 5807 reponendum
3250 5750 3370 5807 esse
3392 5735 3635 5787 momine.

2047 5808 2115 5864 Et
2141 5818 2288 5866 certe
2314 5804 2459 5878 quod
2490 5813 2676 5878 postea
2708 5805 2936 5862 Romani
2970 5819 3091 5862 eum
3121 5804 3434 5864 Veientibus
3456 5817 3644 5876 gesse-
