4046 6344
343 328 454 389 755

1746 332 1950 392 PAULI
1987 333 2212 392 OROSII

3533 342 3641 400 756

336 446 560 518 praeiret
593 464 604 500 :
639 461 763 518 qua:
807 461 920 514 res,
952 449 998 488 ³ο
1031 445 1086 504 in
1136 444 1228 501 illo
1273 453 1406 500 tunc
1449 445 1596 502 b-llo
1650 446 1945 517 plurimum
1975 457 2024 514 Α
2053 465 2158 521 que
2181 449 2788 521 pariorma,utamisso
2807 454 3042 528 plurimo
3058 455 3647 524 exercitu,occisisnue

337 544 380 582 ²¹
414 541 768 597 emolumenti
802 542 949 598 tulit.
988 542 1249 614 Sequitur
1271 541 1538 597 discessio
1566 543 1736 612 plebis
1768 558 1796 596 a
1843 559 1938 615 pa-

343 635 538 691 tribus.
572 639 615 669 "
653 637 786 690 (lum
819 636 887 691 Μ.
920 636 1142 692 Valerio
1183 635 1448 691 dictatore
1488 635 1760 691 delectum
1796 637 1941 692 mili;

341 743 455 785 tum
497 742 711 802 agente,
741 733 908 787 variis
937 732 1169 802 populus
1216 732 1528 786 stimulatus
1569 732 1802 803 injuriis,
1837 733 1939 789 Sa-

339 843 492 882 crqu
525 836 762 881 montem
791 828 988 882 insedit
1016 838 1281 882 armatus.
1308 826 1424 893 Qua
1457 827 1501 864 ³³
1529 827 1768 898 pernicie
1800 827 1928 898 quid

339 919 605 983 atrocius.
630 935 753 974 cum
778 921 890 996 98
919 934 1121 991 corpus
1150 935 1180 974 a
1216 920 1396 990 capite
1432 919 1708 974 desectum
1740 919 1785 950 ”
1816 935 1939 990 per-

339 1009 603 1066 ditionem
645 1009 763 1080 ejus
791 1051 806 1076 ,
853 1026 950 1082 per
991 1010 1133 1082 quod
1180 1009 1227 1042 "
1255 1011 1524 1082 Spirabat,
1569 1010 1614 1041 ’⁸
1654 1011 1937 1068 minitare-

339 1105 466 1160 tur?
485 1103 530 1136 "
557 1112 848 1176 actumque
869 1103 936 1160 de
958 1103 1206 1159 Romano
1237 1105 1456 1159 nomine
1481 1104 1733 1159 intestina
1755 1105 1937 1176 perni-

337 1195 423 1252 cie
450 1194 611 1262 l'oret,
649 1195 750 1251 nisi
781 1203 1048 1250 maturata
1082 1195 1459 1252 reconciliatio
1491 1197 1536 1229 ⁸⁸
1565 1196 1937 1266 subrepsisset

339 1289 510 1359 prius,
535 1304 697 1362 quam
727 1304 787 1344 se
825 1288 1090 1345 discessio
1123 1289 1236 1360 ipsa
1275 1295 1656 1359 cognosceret.
1691 1292 1734 1329 ’θ
1769 1289 1935 1360 Urget

335 1399 394 1439 se
434 1393 596 1454 atque
639 1381 890 1439 imminet
915 1384 1018 1439 sibi
1059 1395 1210 1439 extra
1251 1381 1373 1439 illas
1402 1392 1620 1453 apertas
1661 1383 1932 1438 bellorum

339 1474 523 1532 clades
579 1490 837 1532 successu
917 1477 1119 1532 misero
1183 1475 1523 1532 clandestina
1587 1475 1860 1547 pernicies
1917 1493 1929 1530 :

339 1571 539 1643 quippe
565 1569 608 1602 '°
637 1571 703 1626 T.
745 1569 987 1641 Geganio
1021 1579 1078 1626 et
1110 1569 1171 1627 P.
1204 1569 1441 1625 Minucio
1463 1569 1801 1634 consulibus,
1826 1567 1934 1624 duo

333 1663 422 1718 vel
451 1662 682 1717 maxima
708 1663 955 1716 omnium
985 1661 1252 1716 malorum
1277 1662 1743 1728 abominamenta,
1763 1659 1935 1714 fames

335 1766 390 1812 et
439 1755 752 1825 pestilentia
795 1755 991 1811 l'eSsam
1026 1754 1228 1811 Urbem
1275 1755 1616 1826 corripuere.
1647 1751 1930 1808 CesSatum

2049 543 2100 596 in
2131 559 2305 614 pugna
2334 545 2536 600 Manlio
2557 547 2787 604 consule
2811 559 2863 603 et
2893 548 3063 605 Fabio
3087 550 3442 618 "consulari,
3462 553 3531 607 Μ.
3552 553 3646 608 Fa-

2043 639 2164 695 bius
2203 640 2392 694 consul
2439 641 2550 712 99
2588 642 2828 696 oblatum
2873 643 2971 696 sibi
3013 658 3043 697 a
3079 655 3268 698 senatu
3312 645 3644 716 triumphum

2043 731 2378 800 "suscipere
2395 737 2756 806 recusarit,qu
2769 736 2814 789 ia
2832 737 2990 790 tantis
3005 735 3334 806 Reipublicae
3350 739 3647 796 detrimen-

2043 823 2110 878 tis
2134 824 2306 879 luctus
2343 825 2519 894 potius
2547 825 2868 882 debebatur.
2904 827 3306 884 Gloriosissima
3345 830 3387 860 ³⁷
3411 831 3499 885 illa
3547 848 3647 884 nu-

2049 933 2199 970 mero
2211 927 2263 971 et
2278 917 2478 973 viribus
2496 918 2784 973 Fabiorum
2804 918 3439 988 lamilia,”Veientanum
3455 923 3646 977 sortita

2039 1011 2611 1080 certamen,lquanta1n
2642 1011 2977 1081 Reipublicae
3007 1013 3300 1069 orbitatem
3326 1029 3522 1070 occasu
3545 1031 3647 1072 suo

2038 1102 2299 1169 intulerit,
2332 1103 2622 1160 infamibus
2647 1105 2690 1138 ³⁸
2716 1105 2962 1175 usquead
2980 1121 3126 1161 nunc
3151 1108 3450 1175 voeabulis,
3479 1117 3646 1163 testes

2037 1205 2164 1249 sunt
2185 1195 2228 1225 ⁸ο
2251 1195 2448 1250 [iuvius
2469 1196 2558 1266 qui
2582 1196 2839 1266 perdidit,
2861 1209 2913 1252 et
2939 1207 3089 1266 porta
3113 1197 3154 1229 δι
3177 1214 3298 1268 quae
3321 1201 3487 1255 misit.
3508 1201 3645 1255 Nam

2035 1301 2157 1342 cum
2186 1287 2232 1318 "
2261 1303 2357 1343 sex
2385 1297 2442 1344 et
2469 1289 2702 1344 trecenti
2729 1288 2908 1357 Fabii,
2939 1303 3067 1346 vere
3087 1290 3388 1346 clarissima
3410 1290 3644 1347 Romani

2037 1391 2210 1437 status
2238 1381 2462 1450 lumina,
2494 1383 2732 1454 speciale
2761 1381 2865 1438 sibi
2895 1384 3158 1440 adversus
3182 1382 3228 1414 ⁸³
3261 1381 3516 1440 Veientes
3543 1383 3644 1441 de-

2036 1477 2183 1530 cerni
2207 1474 2408 1530 bellum
2434 1476 2855 1545 expetivissent,
2883 1492 3033 1544 spem
3063 1487 3267 1532 temere
3293 1487 3523 1547 sumpta:
3549 1494 3645 1532 ex-

2038 1567 2333 1638 peditionis
2372 1568 2560 1638 primis
2606 1569 2954 1624 successibus
2999 1569 3350 1625 lirmaverunt
3390 1587 3403 1624 :
3442 1570 3646 1627 dehinc

2038 1661 2244 1716 inducti
2290 1664 2342 1718 in
2384 1663 2632 1729 insidias,
2673 1663 3132 1734 circumveutique
3169 1662 3216 1694 “
3252 1663 3320 1717 ab
3365 1662 3642 1731 hostibus,

2039 1770 2228 1811 omnes
2249 1756 2448 1812 ibidem
2477 1756 2728 1812 trucidati
2755 1765 2881 1811 sunt
2905 1771 2920 1817 ;
2945 1771 3053 1811 uno
3079 1764 3285 1812 tantum
3309 1754 3356 1785 ⁸³
3381 1755 3448 1810 ad
3472 1772 3647 1811 enun-

336 1859 422 1905 est
443 1850 718 1921 paulisper
746 1864 775 1904 a
806 1849 1027 1920 praeliis,
1048 1860 1319 1905 cessatum
1351 1849 1587 1904 tamen“
1607 1863 1636 1902 a
1662 1847 1926 1902 mortibus
1961 1849 2008 1910 B
2036 1847 2271 1902 tiandam
2303 1849 2514 1903 cladem
2545 1847 2591 1878 ⁸⁸
2619 1856 2924 1915 reservato,
2957 1857 3013 1902 nt
3033 1847 3285 1904 miserius
3309 1846 3526 1903 audiret
3553 1864 3648 1917 pr.-

335 1958 444 1997 non
474 1953 580 1998 est.
612 1939 656 1973 ³⁸
691 1940 943 1998 Veientes
983 1950 1036 1998 et
1077 1940 1312 2009 Etrusci,
1356 1955 1555 2013 graves
1608 1942 1814 2008 hostes,
1849 1938 1945 1994 ad-

329 2033 535 2104 junctis
573 2033 674 2090 sibi
707 2033 1064 2092 ﬁnitimorum
1107 2035 1312 2106 copiis,
1351 2036 1403 2091 in
1443 2034 1582 2090 bella
1621 2044 1942 2105 surgentes,

332 2127 505 2184 obviis
529 2128 596 2183 M.
622 2127 808 2200 Fabio,
828 2139 882 2186 et
899 2129 1000 2186 Gn.
1023 2128 1068 2162 ³⁸
1084 2129 1280 2186 Manlio
1313 2129 1637 2187 consulibus
1668 2132 1951 2202 excipiun-

331 2226 424 2274 tur
445 2218 563 2275 :ubi
593 2231 708 2292 post
739 2221 1466 2293 sacramentumjurationis,
1491 2239 1602 2295 quo
1625 2237 1685 2280 se
1717 2218 1951 2280 Romani

346 2312 705 2383 devoverant,
732 2331 840 2371 non
873 2315 978 2371 nisi
1006 2327 1125 2387 post
1154 2317 1439 2373 victoriam
1473 2319 1540 2374 ad
1587 2329 1767 2376 castra
1801 2322 1949 2379 redi-

344 2410 520 2474 turos,
553 2406 860 2464 adeostrax
882 2417 1159 2466 certamen
1174 2408 1425 2478 tuit,“et
1445 2411 1600 2468 victis
1633 2413 1948 2470 victoribus-

2050 1941 2150 1996 tria
2198 1941 2473 2012 perditos,
2504 1956 2665 2014 quam
2703 1940 3043 2012 perdidisset.
3078 1940 3159 1996 Ad
3186 1939 3300 1995 have
3324 1955 3429 1994 non
3457 1941 3646 1996 Roma:

2050 2043 2255 2089 tantum
2290 2033 2416 2087 talia
2446 2035 2795 2103 gerebantur,
2825 2031 2918 2087 sed
2952 2047 3181 2104 quaeque
3225 2028 3503 2103 provinria
3533 2033 3649 2087 suis

2050 2125 2266 2198 ignibus
2305 2126 2605 2181 aestuabat:
2637 2135 2713 2190 et,
2743 2123 2887 2196 quod
2921 2133 3079 2195 poeta
3113 2124 3422 2196 praecipuus
3452 2123 3504 2180 in
3537 2139 3645 2180 una

2049 2223 2183 2279 urbe
2208 2221 2518 2292 descripsit,
2546 2235 2649 2292 ego
2677 2220 2744 2277 de
2776 2229 2888 2276 toto
2917 2220 3050 2275 orbe
3078 2219 3122 2250 ⁸⁷
3152 2218 3380 2274 dixerim
3411 2235 3426 2273 :

2738 2353 2960 2406 Crudelis
2992 2355 3179 2418 ubique

2175 2418 2374 2482 Luctus,
2400 2418 2586 2482 ubique
2613 2429 2780 2480 pavor,
2805 2422 2858 2468 et
2877 2418 3082 2481 plurbua
3100 2417 3282 2468 mortis
3304 2417 3484 2480 imago.

1626 2631 2082 2693 HAVERCAMPI
2119 2633 2354 2694 NOTAE.

407 2795 500 2854 20.
527 2794 594 2852 In
617 2795 711 2851 illo
730 2803 851 2854 tunc
865 2794 1018 2868 bello.
1032 2793 1096 2868 in
1108 2793 1239 2868 edd.
1257 2793 1604 2868 Fabricianls
1627 2803 1684 2852 et
1711 2795 1934 2868 Mogun-

343 2869 458 2925 tina
499 2869 700 2924 frustra
731 2883 950 2940 qureras
978 2867 1121 2940 illud
1149 2868 1224 2935 in,
1253 2867 1398 2940 quod
1428 2883 1619 2924 omnes
1642 2879 1772 2927 ante
1800 2867 1937 2926 editi

346 2956 469 2998 cum
498 2954 632 2996 mss.
663 2939 874 2995 cunctis
904 2937 1184 2994 exhibent.
1271 2937 1287 2940 ⁷
1653 2981 1656 2983 λ

409 3011 500 3066 21.
536 3011 885 3066 Emolumeuti
912 3009 1052 3065 tulit.
1070 3009 1131 3066 In
1157 3008 1436 3078 Perizon.,
1461 3009 1793 3068 emolumenti
1811 3029 1936 3068 con-

341 3083 489 3148 tulit;
533 3082 586 3137 in
633 3080 804 3153 Lugd.
835 3081 977 3138 Batt.
1022 3095 1134 3151 pr.,
1163 3092 1358 3153 quarto
1399 3091 1453 3137 et
1487 3083 1628 3138 Coll.
1663 3081 1934 3152 Gronov.,

339 3153 666 3209 emolumenti
697 3152 816 3206 tulit
844 3153 938 3208 eis.

409 3224 500 3278 22.
533 3221 664 3278 Cum
683 3221 760 3278 M.
809 3222 1012 3298 V_a_lerio
1041 3221 1314 3298 dictatore.
1348 3223 1519 3298 Hujus
1563 3225 1761 3298 Valerii
1793 3241 1930 3296 prte-

339 3309 545 3369 n_on_tet_t
568 3305 682 3369 est,
697 3309 802 3350 non
830 3291 1063 3360 Marcus,
1096 3296 1190 3369 sed
1219 3291 1452 3369 Manius,
1484 3309 1540 3352 ut
1564 3315 1631 3354 ex
1657 3291 1931 3369 fragmen-

340 3367 416 3422 tis
436 3365 1254 3440 Triumphorumcoguoscitur.
1285 3367 1578 3440 Dionysius
1600 3365 1766 3424 etiam
1791 3369 1931 3426 libro

336 3445 495 3492 sexto
526 3435 681 3515 illum
711 3435 946 3515 appellat
969 3437 1149 3493 Μάνιον
1162 3435 1444 3515 Ὀἓαλέριοῦ
1463 3439 1672 3515 ἀδελφὸν
1691 3441 1929 3515 Ποπιλίφυ

337 3512 692 3635 Ξοῦῐπρὲξτου
744 3510 1158 3571 ὑπατεύσαντος.
1201 3510 1282 3566 Tu
1327 3514 1447 3583 lege
1494 3510 1818 3570 Cicérmwm
1876 3514 1928 3567 in

386 3594 525 3635 1⁵110.
602 3597 722 3635 ΑΒΚ.

386 3594 525 3636 1⁵1110.
556 3594 722 3635 FABR.

413 3650 794 3728 2§._Pernicie.
826 3652 998 3725 Lugd.
1024 3653 1165 3708 Batt.
1197 3662 1308 3709 tres
1339 3670 1460 3710 cum
1483 3654 1624 3712 Coll.
1657 3657 1926 3728 Granum,
1957 3636 2002 3700 Ο

335 3723 656 3795 pernicitate.

414 3798 504 3851 24.
537 3793 905 3870 Perditionem.
955 3795 1127 3870 Lugd.
1157 3797 1270 3852 Bat.
1301 3808 1506 3868 quart.,
1549 3817 1639 3870 per
1669 3802 1928 3870 proditio-

341 3883 478 3942 nem,
507 3867 662 3942 quasi
692 3868 877 3942 vellet,
909 3869 1248 3942 proditionem
1287 3875 1424 3942 ejus,
1449 3867 1558 3928 etc.

523 3939 791 4012 spirabat.
824 3937 953 3996 Cod.
988 3941 1230 4012 Longob.
1257 3937 1378 3996 cum
1408 3943 1546 3999 Ultr.
1577 3943 1922 4010 :inspirabat.

407 4008 500 4064 26.
535 4009 882 4066 Minitaretur.
933 4012 1024 4068 Sic
1071 4008 1282 4068 rustitui
1305 4057 1318 4078 ,
1351 4011 1452 4069 hoc
1485 4033 1548 4069 ex
1591 4008 1924 4070 meditaretur

337 4091 394 4136 et
426 4081 762 4138 imitaretur:
791 4093 846 4138 et
878 4083 1106 4139 imitatio
1145 4097 1230 4141 εει
1272 4085 1621 4142 Sallustiana.
1650 4086 1817 4146 Laur.
1853 4119 1921 4129 —

337 4152 417 4208 Ex
477 4169 607 4208 mss.
667 4154 820 4227 solus
871 4154 1012 4212 hanc
1059 4156 1381 4227 comprobat
1426 4156 1566 4212 Ultr.
1621 4158 1916 4214 Verissima

337 4233 517 4301 tamen
546 4224 859 4301 emendatio
889 4236 994 4301 est.
1030 4239 1084 4301 et
1111 4224 1203 4301 vel
1229 4227 1705 4301 unosuﬂ‘ragante
1730 4231 1918 4287 codice

335 4295 669 4370 recipienda,
691 4296 954 4370 Meditari
982 4300 1125 4354 enim
1145 4298 1214 4354 de
1245 4299 1445 4364 capite,
1470 4302 1520 4353 in
1546 4295 1653 4370 ἷιυο
1678 4302 1917 4369 pruden-

338 4367 408 4420 tia
443 4375 546 4431 est,
574 4367 800 4421 minitari
830 4368 900 4442 de
929 4385 1177 4442 corpore,
1207 4370 1351 4442 quod
1379 4370 1430 4424 vi
1461 4367 1713 4426 manuum
1745 4374 1912 4442 valet,

331 4450 570 4504 congrue
592 4448 647 4492 et
675 4448 824 4493 recte
847 4439 1067 4496 dicitur.

401 4507 503 4589 27..
530 4508 834 4590 fictumque.
862 4508 1035 4581 Lugd.
1069 4512 1186 4567 Bat.
1234 4527 1346 4582 pr.,
1383 4513 1588 4581 Actum,
1622 4523 1676 4570 et
1705 4529 1825 4570 mox
1858 4515 1913 4571 ni

330 4592 429 4648 pro
451 4595 570 4632 mst.

401 4648 489 4726 28.
517 4648 887 4726 S‘ubrepsisset.
925 4653 1154 4726 Vulgata
1189 4653 1305 4726 haec
1343 4665 1397 4711 et
1429 4671 1552 4712 vera
1601 4656 1763 4714 lectio
1801 4667 1906 4716 est.

327 4718 498 4804 Lugd.
544 4718 698 4804 ilattf
716 4732 835 4804 _t_res
878 4741 1000 4781 cum
1032 4718 1190 4804 "Coll.
1235 4725 1482 4784 Gronov.
1524 4738 1580 4786 et
1610 4728 1699 4784 ed.
1739 4731 1904 4802 Aug.,

323 4795 679 4866 subripuisset.
715 4795 890 4866 Meus,
918 4801 1242 4855 surrexisset.

397 4863 484 4917 29.
518 4863 678 4936 Urget
705 4883 777 4942 se.
814 4863 1047 4926 vetustte
1072 4872 1322 4942 quaedam
1356 4871 1625 4929 editiones
1655 4875 1792 4927 enim
1823 4873 1906 4928 in-

325 4943 619 5014 torserunt,
648 4948 722 5014 at_
747 4938 907 5014 Augs
929 4956 1035 4997 non
1075 4938 1336 5014 agnoscit,
1367 4954 1421 5001 et
1452 4957 1598 5002 recte
1628 4944 1758 5002 iecit
1801 4943 1900 4998 Fa-

319 5005 548 5090 bricius,
579 5008 725 5090 quod
751 5005 1010 5090 exsulare
1029 5005 1271 5085 jusserit.
1308 5005 1523 5090 Urguet,
1555 5025 1686 5086 etc.,
1711 5017 1904 5074 scribit
1927 5025 1982 5086 D

314 5078 447 5156 cod._
473 5079 817 5156 Long_obard_.
847 5093 903 5138 et
930 5083 1006 5156 s_ic
1029 5078 1270 5156 semper.

387 5152 478 5208 30.
507 5151 566 5206 T.
598 5150 833 5226 Geganio
851 5163 907 5226 et
925 5154 991 5209 P.
1019 5150 1273 5213 Minucio.
1307 5159 1513 5216 Prioris
1535 5161 1781 5217 consulis
1803 5178 1902 5216 no-

313 5236 436 5278 men
461 5225 722 5280 mendose
752 5236 870 5280 erat
896 5225 949 5280 in
983 5227 1132 5283 libris
1161 5230 1363 5286 Orosii.
1395 5230 1639 5286 Fuerunt
1668 5232 1720 5288 hi
1749 5248 1896 5290 coss.

307 5295 496 5378 amab
520 5295 584 5378 υ.
613 5311 666 5352 c.
695 5312 868 5378 coegi.
902 5297 1045 5370 Lege
1068 5301 1391 5378 yionysium
1412 5303 1565 5378 initio
1592 5305 1712 5360 libri
1741 5322 1813 5362 vu
1842 5314 1899 5362 et

307 5360 621 5445 Livium_‘in
671 5383 731 5423 tt.
778 5369 945 5445 Fami.
975 5360 1274 5445 -ἶ-ῌυιιιὲη
1315 5375 1511 5444 prioris
1551 5360 1810 5432 consulis
1840 5360 1894 5434 in

308 5436 478 5518 tribus
502 5437 746 5518 Floreat.
772 5443 1035 5518 scribitur
1056 5436 1427 5518 Gesoriio,'sed
1467 5447 1516 5501 in
1548 5463 1660 5503 sec.
1694 5465 1892 5517 super-

306 5509 558 5563 scribitur
588 5509 856 5578 Gessonio,
881 5530 1001 5582 quae
1024 5515 1184 5571 lectio
1212 5525 1296 5570 est
1325 5518 1376 5570 in
1413 5520 1642 5572 vetustis
1670 5509 1793 5574 edd.
1829 5530 1884 5574 et

304 5594 444 5654 mss.
467 5582 636 5636 tribus
658 5583 843 5654 gLugd.
881 5587 1022 5640 Batt.
1054 5596 1108 5642 et
1148 5586 1284 5642 Meo.
1334 5588 1578 5644 Perizon.
1627 5591 1776 5654 dein,
1814 5590 1882 5648 P.

302 5647 476 5734 b-l'ucio
501 5669 610 5734 .pro
756 5647 1261 5734 Minucio‘prolert.
1306 5658 1539 5715 Munisio
1583 5661 1682 5717 Ed.
1716 5647 1883 5734 Aiig.,

301 5718 546 5794 Numisio
576 5726 744 5794 prima
764 5768 780 5793 ,
811 5718 1052 5786 Numitio
1081 5731 1254 5787 Paris.

367 5792 454 5878 ξι.
480 5794 522 5850 Α
570 5792 836 5878 mortibus.
865 5802 1443 5878 Meus,_motibus.Scd
1481 5805 1708 5878 Vulgata
1761 5821 1878 5862 mu-

291 5863 396 5921 tari
443 5881 549 5925 non
579 5866 766 5938 debet,
799 5885 830 5928 a
877 5863 1125 5931 mortibus
1171 5877 1424 5936 videlicet
1463 5863 1714 5934 cesszi'tum
1767 5893 1873 5936 non

2040 2807 2144 2860 est.
2176 2806 2406 2870 propter
2436 2795 2634 2870 {amem
2682 2803 2738 2870 et
2785 2792 3179 2870 pestilentiam,
3210 2807 3332 2870 qua!
3362 2793 3560 2870 multas
3587 2809 3646 2856 et

2039 2864 2299 2926 imbe'lles'
2327 2881 2383 2926 et
2432 2869 2605 2924 fortes
2645 2867 2812 2924 etiam
2857 2865 3069 2922 animas
3113 2864 3181 2922 ad
3224 2865 3428 2923 inferos
3469 2867 3638 2924 mise-

2041 2952 2185 2998 runt.

2113 3013 2203 3070 52.
2243 3011 2478 3068 Veientes
2529 3019 2575 3066 et
2620 3008 2851 3064 Etrusci.
2883 3008 3146 3070 Copulam
3192 3015 3239 3061 et
3280 3007 3462 3064 delent
3507 3010 3637 3065 Flo-

2038 3094 2203 3140 rentt.
2239 3100 2320 3154 pr.
2352 3093 2408 3140 et
2442 3097 2558 3139 sec.
2601 3097 2726 3138 cum
2767 3081 2907 3138 Coll.
2939 3081 3182 3136 Gronov.
3217 3088 3277 3135 ut
3309 3089 3362 3136 et
3402 3092 3634 3152 quatuor

2039 3154 2209 3226 Lugd.
2246 3156 2387 3211 Batt.
2419 3169 2542 3210 cum
2579 3154 2748 3226 Periz.

2113 3221 2201 3282 35.
2239 3227 2461 3282 Manlio.
2488 3225 2660 3296 Lugd.
2695 3225 2812 3280 Bat.
2846 3234 2977 3291 tres,
3009 3221 3219 3296 Mallio,
3249 3237 3368 3296 qute
3397 3238 3628 3295 corrup-

2042 3297 2253 3354 tiohuic
2284 3293 2638 3368 nominiapud
2663 3297 2982 3352 Suetonium
3013 3305 3068 3350 et
3094 3293 3228 3349 alios
3254 3295 3547 3366 scriptoaes
3567 3293 3625 3354 in

2039 3385 2171 3424 mss.
2198 3371 2399 3440 passim
2430 3370 2673 3440 accidere
2702 3369 2860 3423 solet.

2111 3437 2211 3497 51.
2228 3441 2294 3496 Et
2319 3443 2484 3498 victis.
2514 3439 2650 3496 Edd.
2671 3447 2830 3508 vett.,
2859 3438 2928 3494 Ut
2957 3438 3098 3494 rictis
3122 3437 3500 3512 uictoribusun
3528 3457 3626 3512 par

2040 3512 2210 3581 forma
2233 3524 2380 3569 esset.
2406 3513 2510 3570 Sed
2545 3523 2672 3567 esset
2706 3513 2772 3566 ab
2794 3513 2884 3567 ed.
2920 3515 3054 3581 Aug.
3082 3511 3258 3566 abest.

2109 3583 2198 3639 55.
2224 3583 2518 3640 Consulari.
2548 3585 2644 3640 Ed.
2673 3584 2834 3654 Aug.,
2865 3583 3243 3652 proconsulari.

2107 3655 2194 3710 56.
2227 3656 2503 3728 Suscipere
2530 3659 2804 3711 recusarit.
2838 3656 3075 3725 Reposui
3110 3669 3175 3709 ex
3202 3655 3378 3728 tribus
3404 3655 3623 3711 Floren-

2035 3725 2163 3781 tinis
2203 3740 2253 3782 et
2294 3725 2430 3784 Ultr.
2474 3728 2698 3798 Meoque
2743 3743 2840 3797 pro
2887 3738 3165 3798 recusaret.
3200 3726 3447 3798 Perizon.
3477 3729 3626 3788 delet

2030 3801 2310 3866 suscipere,
2344 3817 2440 3868 pro
2479 3816 2585 3869 quo
2616 3799 2838 3861 recipere
2872 3799 3029 3852 habet
3061 3797 3200 3853 Coll.
3235 3797 3473 3853 Gronov.

2101 3871 2188 3924 57.
2223 3871 2329 3926 Illa
2376 3889 2582 3926 numero
2612 3880 2658 3924 et
2691 3871 2901 3924 viribus.
2934 3871 3081 3925 Meus
3111 3871 3311 3925 mavult
3339 3883 3385 3924 et
3411 3888 3623 3926 numero

2024 3951 2073 3995 et
2111 3943 2334 4010 viribus,
2377 3955 2430 3998 at
2471 3943 2628 3998 codd.
2664 3941 2836 4011 Lugd.
2880 3941 3018 3996 Batt.
3065 3957 3168 4013 pr.,
3207 3952 3328 3994 tcrt.
3361 3953 3412 4013 et
3442 3957 3618 4013 quart.

2025 4027 2166 4068 euut.
2201 4015 2338 4068 Coll.
2365 4016 2599 4071 Gronov.
2631 4015 2710 4070 sic
2741 4017 2912 4067 locum
2941 4012 3277 4066 constituunt
3307 4032 3315 4064 :
3343 4012 3622 4068 Glorioxis-

2022 4084 2154 4139 sima
2190 4086 2283 4142 illa
2317 4087 2501 4142 cohors
2545 4103 2756 4140 numero
2789 4097 2834 4139 et
2863 4085 3053 4140 riribus
3084 4082 3396 4153 Fabiorum,
3439 4085 3621 4141 Vcien-

2021 4165 2219 4212 Ianum.

2091 4227 2180 4282 58.
2225 4228 2581 4284 Veientanum.
2616 4228 2714 4284 Ed.
2746 4227 2913 4299 Aug.,
2951 4227 3266 4299 Veientium.

2092 4300 2181 4355 59.
2219 4301 2391 4372 Usque
2417 4303 2487 4372 ait
2517 4316 2670 4355 mnic.
2707 4301 2789 4354 lta
2818 4297 2950 4354 mss.
2981 4297 3250 4354 Florentt.
3278 4313 3466 4355 omnes
3491 4315 3616 4356 cum

2017 4369 2269 4442 reliquis;
2302 4369 2357 4429 at
2388 4371 2512 4428 edd.
2547 4383 2798 4438 veteres,
2833 4387 2994 4442 usque
3026 4385 3185 4442 nun_c.

2087 4439 2180 4498 40.
2213 4443 2431 4517 Fluvius
2457 4446 2547 4515 qui
2574 4444 2822 4517 perdidit,
2844 4453 2890 4495 et
2910 4439 3091 4517 porta.
3122 4439 3344 4517 Flavius
3371 4439 3614 4517 Cremera

2014 4509 2133 4580 fuit,
2169 4525 2321 4579 porta
2363 4509 2723 4571 Carmentalis.
2768 4514 2972 4576 Livius.
3019 4513 3322 4582 Dionysius,
3355 4524 3409 4568 et
3449 4514 3608 4569 Ovid.

2015 4583 2138 4637 libr.
2166 4602 2202 4640 tt
2222 4586 2369 4642 Fast.
2395 4587 2560 4643 FABR.
2588 4618 2650 4628 ~—
2674 4587 2845 4643 Fluvii
2873 4599 3070 4639 nomen
3103 4586 3154 4639 in
3185 4585 3323 4641 Meo.
3359 4584 3604 4641 Periznn.

2012 4663 2068 4708 et
2105 4656 2276 4729 Lugd.
2320 4659 2442 4715 Bat.
2483 4667 2675 4730 quarto
2705 4657 2993 4714 ascribitur
3024 4654 3292 4730 Citieniera
3327 4656 3449 4726 (pro
3479 4659 3601 4711 Cre-

2010 4732 2174 4799 mera)
2203 4731 2418 4800 ﬂuviits,
2459 4741 2562 4788 etc.

2079 4798 2168 4857 41.
2206 4798 2336 4869 Qua:
2361 4804 2517 4857 misit.
2548 4803 2641 4859 Sic
2667 4811 2848 4857 amant
2876 4798 3176 4856 Florentini
3209 4807 3318 4854 tres
3349 4809 3400 4855 et
3424 4798 3598 4870 Lugd.

2008 4868 2126 4943 Bat.
2161 4868 2246 4943 pr.
2271 4889 2394 4930 cum
2422 4876 2562 4932 Coll.
2593 4876 2835 4932 Gronov.
2866 4882 2922 4928 et
2949 4870 3038 4928 ed.
3070 4871 3210 4943 Aug.
3245 4885 3474 4941 meoque
3503 4868 3600 4928 eo-

2005 4941 2412 5017 dice.'\’ulgati,
2439 4964 2556 5017 qua:
2583 4947 2769 5000 emisit.

2078 5013 2168 5089 Β.
2209 5013 2317 5074 δαὶ
2359 5029 2408 5075 et
2449 5013 2658 5075 trecenti
2701 5017 2869 5073 Fabii.
2902 5014 3155 5072 Ridicule
3195 5013 3282 5072 ed.
3312 5013 3476 5089 Aug.,
3510 5033 3603 5072 se:

2006 5087 2172 5142 millia
2198 5100 2244 5144 et
2271 5106 2368 5146 000
2397 5091 2571 5146 Fabii.

2076 5161 2468 5235 45.__Veientes.
2508 5162 2678 5235 Lugd.
2726 5162 2866 5220 Batt.
2914 5176 3022 5232 pr.,
3053 5167 3179 5216 tert.
3213 5169 3264 5216 et
3293 5159 3432 5216 Coll.
3461 5160 3600 5217 Gro-

2005 5245 2132 5287 uov.
2168 5233 2498 5290 Veientanos.

2072 5303 2162 5376 μ.
2195 5304 2270 5358 Ab
2313 5307 2563 5361 hostibus.
2600 5305 2768 5376 Lugd.
2800 5305 2918 5360 Bat.
2951 5319 3090 5372 sec.,
3115 5303 3177 5358 ab
3205 5304 3372 5360 hoste.

2071 5374 2160 5430 45.
2194 5377 2276 5431 Ad
2305 5374 2931 5432 enuntiandam'cladem.
2958 5377 3098 5432 Coll.
3118 5376 3356 5434 Gronov.
3384 5389 3442 5435 et
3469 5379 3592 5435 cod.

1999 5447 2138 5504 Ultr.
2171 5460 2227 5503 ut
2258 5459 2312 5504 et
2341 5448 2512 5520 Lugd.
2549 5451 2686 5505 Batt.
2717 5466 2821 5520 pr.,
2847 5463 2960 5504 sec.
2989 5462 3042 5504 et
3067 5449 3342 5518 Perizon.,
3367 5454 3436 5506 ad
3463 5470 3598 5506 nun-

1988 5521 2238 5575 tiandum.
2275 5521 2422 5578 Flor.
2469 5536 2605 5590 sec.,
2635 5523 2702 5576 ad
2741 5522 3168 5576 denuntiandam.
3205 5521 3304 5579 Ed.
3329 5524 3492 5594 Ang.,
3525 5525 3597 5577 ad

1986 5594 2388 5648 enuntiandum.

2057 5662 2150 5738 46.
2182 5664 2476 5738 ιξεδενυαῑο.
2512 5665 2680 5738 Lugd.
2715 5666 2833 5722 Bat.
2866 5675 3069 5732 quart.,
3098 5675 3317 5722 servato.

2060 5737 2149 5814 a7.
2193 5735 2448 5814 Dixerim.
2494 5735 2617 5796 Edf
2637 5754 2724 5814 pr.
2772 5748 2830 5796 et
2858 5738 3076 5796 Veneta:
3105 5754 3229 5798 cum
3259 5737 3462 5809 Paris,
3495 5740 3598 5799 de-

1988 5807 2301 5880 scripserim.
