  <div class='ocr_page' id='page_1' title='image "/cluster/home/n/w/nwhite01/storage/ocr_20150623/31/hvd.32044015471444/387.png"; bbox 0 0 4046 6344; ppageno 0'>
   <div class='ocr_carea' id='block_1_1' title="bbox 527 297 637 359">
    <p class='ocr_par' dir='ltr' id='par_1_1' title="bbox 527 297 637 359">
     <span class='ocr_line' id='line_1_1' title="bbox 527 297 637 359; baseline 0.018 -2"><span class='ocrx_word' id='word_1_1' title='bbox 527 297 637 359; x_wconf 77' lang='grc'><strong>763</strong></span> 
     </span>
    </p>
   </div>
   <div class='ocr_carea' id='block_1_2' title="bbox 694 396 836 407">
    <p class='ocr_par' dir='ltr' id='par_1_2' title="bbox 694 396 836 407">
     <span class='ocr_line' id='line_1_2' title="bbox 694 396 836 407; baseline 0 -3"><span class='ocrx_word' id='word_1_2' title='bbox 694 396 802 407; x_wconf 60' lang='grc' dir='ltr'><strong>’.νο-τ·-</strong></span> <span class='ocrx_word' id='word_1_3' title='bbox 833 396 836 400; x_wconf 55' lang='grc' dir='ltr'><em>ί</em></span> 
     </span>
    </p>
   </div>
   <div class='ocr_carea' id='block_1_3' title="bbox 1929 310 2402 372">
    <p class='ocr_par' dir='ltr' id='par_1_3' title="bbox 1929 310 2402 372">
     <span class='ocr_line' id='line_1_3' title="bbox 1929 310 2402 372; baseline 0.002 -3"><span class='ocrx_word' id='word_1_4' title='bbox 1929 310 2135 370; x_wconf 83' lang='lat' dir='ltr'><strong>PAULI</strong></span> <span class='ocrx_word' id='word_1_5' title='bbox 2179 311 2402 372; x_wconf 81' lang='lat' dir='ltr'><strong>OROSII</strong></span> 
     </span>
    </p>
   </div>
   <div class='ocr_carea' id='block_1_4' title="bbox 3725 319 3830 379">
    <p class='ocr_par' dir='ltr' id='par_1_4' title="bbox 3725 319 3830 379">
     <span class='ocr_line' id='line_1_4' title="bbox 3725 319 3830 379; baseline 0.019 -2"><span class='ocrx_word' id='word_1_6' title='bbox 3725 319 3830 379; x_wconf 69' lang='grc'><strong>764</strong></span> 
     </span>
    </p>
   </div>
   <div class='ocr_carea' id='block_1_5' title="bbox 532 399 3828 505">
    <p class='ocr_par' dir='ltr' id='par_1_5' title="bbox 532 399 3828 505">
     <span class='ocr_line' id='line_1_5' title="bbox 532 399 3828 505; baseline 0.005 -27"><span class='ocrx_word' id='word_1_7' title='bbox 532 399 992 491; x_wconf 31' lang='grc' dir='ltr'><strong>ωοηίἆοήόἱιιίθι</strong></span> <span class='ocrx_word' id='word_1_8' title='bbox 1033 424 1231 496; x_wconf 92' lang='lat' dir='ltr'><strong>templa</strong></span> <span class='ocrx_word' id='word_1_9' title='bbox 1283 424 1552 496; x_wconf 76' lang='lat' dir='ltr'><strong>deposuit.</strong></span> <span class='ocrx_word' id='word_1_10' title='bbox 1596 425 1724 484; x_wconf 84' lang='lat' dir='ltr'><strong>Post</strong></span> <span class='ocrx_word' id='word_1_11' title='bbox 1764 427 1908 486; x_wconf 90' lang='lat' dir='ltr'><strong>hunc</strong></span> <span class='ocrx_word' id='word_1_12' title='bbox 1957 431 2124 487; x_wconf 91' lang='lat' dir='ltr'><strong>etiam</strong></span> <span class='ocrx_word' id='word_1_13' title='bbox 2151 435 2201 496; x_wconf 80' lang='grc' dir='ltr'>Α</span> <span class='ocrx_word' id='word_1_14' title='bbox 2229 445 2394 487; x_wconf 90' lang='lat' dir='ltr'><strong>ausus</strong></span> <span class='ocrx_word' id='word_1_15' title='bbox 2416 438 2584 499; x_wconf 90' lang='lat' dir='ltr'><strong>esset,</strong></span> <span class='ocrx_word' id='word_1_16' title='bbox 2627 432 2895 505; x_wconf 89' lang='lat' dir='ltr'><strong>perditum</strong></span> <span class='ocrx_word' id='word_1_17' title='bbox 2925 432 3013 491; x_wconf 92' lang='lat' dir='ltr'><strong>ille</strong></span> <span class='ocrx_word' id='word_1_18' title='bbox 3043 431 3172 492; x_wconf 88' lang='lat' dir='ltr'><strong>&#39;non</strong></span> <span class='ocrx_word' id='word_1_19' title='bbox 3225 434 3419 492; x_wconf 92' lang='lat' dir='ltr'><strong>sensit.</strong></span> <span class='ocrx_word' id='word_1_20' title='bbox 3466 435 3596 494; x_wconf 89' lang='lat' dir='ltr'><strong>Inde</strong></span> <span class='ocrx_word' id='word_1_21' title='bbox 3641 435 3828 494; x_wconf 83' lang='lat' dir='ltr'><strong>Asiam</strong></span> 
     </span>
    </p>
   </div>
   <div class='ocr_carea' id='block_1_6' title="bbox 533 515 2122 596">
    <p class='ocr_par' dir='ltr' id='par_1_6' title="bbox 533 515 2122 596">
     <span class='ocr_line' id='line_1_6' title="bbox 533 515 2122 596; baseline 0.008 -27"><span class='ocrx_word' id='word_1_22' title='bbox 533 515 554 546; x_wconf 84' lang='lat'><strong><em>‘</em></strong></span> <span class='ocrx_word' id='word_1_23' title='bbox 583 516 757 586; x_wconf 82' lang='lat' dir='ltr'><strong>Magi,</strong></span> <span class='ocrx_word' id='word_1_24' title='bbox 798 516 901 571; x_wconf 90' lang='lat' dir='ltr'><strong>sub</strong></span> <span class='ocrx_word' id='word_1_25' title='bbox 931 519 1150 574; x_wconf 87' lang='lat' dir='ltr'><strong>nomine</strong></span> <span class='ocrx_word' id='word_1_26' title='bbox 1187 535 1348 590; x_wconf 85' lang='lat' dir='ltr'><strong>quem</strong></span> <span class='ocrx_word' id='word_1_27' title='bbox 1387 521 1706 576; x_wconf 87' lang='lat' dir='ltr'><strong>occiderant</strong></span> <span class='ocrx_word' id='word_1_28' title='bbox 1746 523 1911 594; x_wconf 86' lang='lat' dir='ltr'><strong>regis,</strong></span> <span class='ocrx_word' id='word_1_29' title='bbox 1951 539 2122 596; x_wconf 90' lang='lat' dir='ltr'><strong>regno</strong></span> 
     </span>
    </p>
   </div>
   <div class='ocr_carea' id='block_1_7' title="bbox 531 609 2125 689">
    <p class='ocr_par' dir='ltr' id='par_1_7' title="bbox 531 609 2125 689">
     <span class='ocr_line' id='line_1_7' title="bbox 531 609 2125 689; baseline 0.006 -25"><span class='ocrx_word' id='word_1_30' title='bbox 531 609 552 642; x_wconf 83' lang='lat'><strong>&#39;</strong></span> <span class='ocrx_word' id='word_1_31' title='bbox 581 611 848 682; x_wconf 79' lang='lat' dir='ltr'><strong>obrepere</strong></span> <span class='ocrx_word' id='word_1_32' title='bbox 879 613 993 668; x_wconf 88' lang='lat' dir='ltr'><strong>ausi</strong></span> <span class='ocrx_word' id='word_1_33' title='bbox 1021 630 1033 667; x_wconf 93' lang='lat'>:</span> <span class='ocrx_word' id='word_1_34' title='bbox 1059 615 1148 684; x_wconf 85' lang='lat' dir='ltr'><strong>qui</strong></span> <span class='ocrx_word' id='word_1_35' title='bbox 1176 614 1394 685; x_wconf 86' lang='lat' dir='ltr'><strong>quidem</strong></span> <span class='ocrx_word' id='word_1_36' title='bbox 1425 629 1546 670; x_wconf 88' lang='lat' dir='ltr'><strong>mox</strong></span> <span class='ocrx_word' id='word_1_37' title='bbox 1576 614 1909 686; x_wconf 85' lang='lat' dir='ltr'><strong>deprehensi</strong></span> <span class='ocrx_word' id='word_1_38' title='bbox 1940 627 1996 673; x_wconf 90' lang='lat' dir='ltr'><strong>et</strong></span> <span class='ocrx_word' id='word_1_39' title='bbox 2025 634 2125 689; x_wconf 92' lang='lat' dir='ltr'><strong>op-</strong></span> 
     </span>
    </p>
   </div>
   <div class='ocr_carea' id='block_1_8' title="bbox 527 705 2124 784">
    <p class='ocr_par' dir='ltr' id='par_1_8' title="bbox 527 705 2124 784">
     <span class='ocr_line' id='line_1_8' title="bbox 527 705 2124 784; baseline 0.006 -26"><span class='ocrx_word' id='word_1_40' title='bbox 527 705 703 774; x_wconf 86' lang='lat' dir='ltr'><strong>pressi</strong></span> <span class='ocrx_word' id='word_1_41' title='bbox 732 706 886 778; x_wconf 79' lang='lat'><strong>107</strong></span> <span class='ocrx_word' id='word_1_42' title='bbox 914 707 1106 762; x_wconf 82' lang='lat' dir='ltr'><strong>sunt.‘</strong></span> <span class='ocrx_word' id='word_1_43' title='bbox 1139 708 1331 762; x_wconf 88' lang='lat' dir='ltr'><strong>Darius</strong></span> <span class='ocrx_word' id='word_1_44' title='bbox 1359 708 1563 778; x_wconf 86' lang='lat' dir='ltr'><strong>itaque,</strong></span> <span class='ocrx_word' id='word_1_45' title='bbox 1588 725 1727 765; x_wconf 90' lang='lat' dir='ltr'><strong>unus</strong></span> <span class='ocrx_word' id='word_1_46' title='bbox 1771 725 1835 766; x_wconf 86' lang='lat' dir='ltr'><strong>cx</strong></span> <span class='ocrx_word' id='word_1_47' title='bbox 1892 710 1974 766; x_wconf 87' lang='lat' dir='ltr'><strong>his</strong></span> <span class='ocrx_word' id='word_1_48' title='bbox 2031 710 2124 784; x_wconf 89' lang='lat' dir='ltr'><strong>qui</strong></span> 
     </span>
    </p>
   </div>
   <div class='ocr_carea' id='block_1_9' title="bbox 533 800 2126 869">
    <p class='ocr_par' dir='ltr' id='par_1_9' title="bbox 533 800 2126 869">
     <span class='ocr_line' id='line_1_9' title="bbox 533 800 2126 869; baseline 0.004 -14"><span class='ocrx_word' id='word_1_49' title='bbox 533 800 808 869; x_wconf 82' lang='lat' dir='ltr'><strong>Magorum</strong></span> <span class='ocrx_word' id='word_1_50' title='bbox 837 802 1117 858; x_wconf 81' lang='lat' dir='ltr'><strong>audaciam</strong></span> <span class='ocrx_word' id='word_1_51' title='bbox 1147 802 1290 859; x_wconf 80' lang='lat' dir='ltr'><strong>ferro</strong></span> <span class='ocrx_word' id='word_1_52' title='bbox 1317 813 1690 869; x_wconf 83' lang='lat' dir='ltr'><strong>coercueraut,</strong></span> <span class='ocrx_word' id='word_1_53' title='bbox 1718 820 1988 862; x_wconf 87' lang='lat' dir='ltr'><strong>consensu</strong></span> <span class='ocrx_word' id='word_1_54' title='bbox 2007 821 2126 862; x_wconf 93' lang='lat' dir='ltr'><strong>om-</strong></span> 
     </span>
    </p>
   </div>
   <div class='ocr_carea' id='block_1_10' title="bbox 531 895 2124 972">
    <p class='ocr_par' dir='ltr' id='par_1_10' title="bbox 531 895 2124 972">
     <span class='ocr_line' id='line_1_10' title="bbox 531 895 2124 972; baseline 0.005 -24"><span class='ocrx_word' id='word_1_55' title='bbox 531 895 680 950; x_wconf 91' lang='lat' dir='ltr'><strong>nium</strong></span> <span class='ocrx_word' id='word_1_56' title='bbox 711 911 804 950; x_wconf 90' lang='lat' dir='ltr'><strong>rex</strong></span> <span class='ocrx_word' id='word_1_57' title='bbox 837 907 1054 952; x_wconf 90' lang='lat' dir='ltr'><strong>creatus</strong></span> <span class='ocrx_word' id='word_1_58' title='bbox 1095 907 1200 964; x_wconf 92' lang='lat' dir='ltr'><strong>est,</strong></span> <span class='ocrx_word' id='word_1_59' title='bbox 1253 899 1368 970; x_wconf 91' lang='lat' dir='ltr'><strong>qui,</strong></span> <span class='ocrx_word' id='word_1_60' title='bbox 1419 908 1706 972; x_wconf 74' lang='lat' dir='ltr'><strong>postquam</strong></span> <span class='ocrx_word' id='word_1_61' title='bbox 1756 901 2009 972; x_wconf 88' lang='lat' dir='ltr'><strong>Assyrios</strong></span> <span class='ocrx_word' id='word_1_62' title='bbox 2059 915 2124 956; x_wconf 91' lang='lat' dir='ltr'><strong>ac</strong></span> 
     </span>
    </p>
   </div>
   <div class='ocr_carea' id='block_1_11' title="bbox 534 987 2124 1065">
    <p class='ocr_par' dir='ltr' id='par_1_11' title="bbox 534 987 2124 1065">
     <span class='ocr_line' id='line_1_11' title="bbox 534 987 2124 1065; baseline 0.006 -23"><span class='ocrx_word' id='word_1_63' title='bbox 534 987 887 1061; x_wconf 86' lang='lat' dir='ltr'><strong>Babyloniam</strong></span> <span class='ocrx_word' id='word_1_64' title='bbox 939 1006 967 1044; x_wconf 88' lang='lat' dir='ltr'><strong>a</strong></span> <span class='ocrx_word' id='word_1_65' title='bbox 1017 991 1307 1048; x_wconf 83' lang='lat' dir='ltr'><strong>Persarum</strong></span> <span class='ocrx_word' id='word_1_66' title='bbox 1355 1008 1522 1065; x_wconf 86' lang='lat' dir='ltr'><strong>regno</strong></span> <span class='ocrx_word' id='word_1_67' title='bbox 1562 995 1926 1061; x_wconf 74' lang='lat' dir='ltr'><strong>deiicientem,</strong></span> <span class='ocrx_word' id='word_1_68' title='bbox 1979 996 2124 1052; x_wconf 91' lang='lat' dir='ltr'><strong>bello</strong></span> 
     </span>
    </p>
   </div>
   <div class='ocr_carea' id='block_1_12' title="bbox 529 1083 2123 1159">
    <p class='ocr_par' dir='ltr' id='par_1_12' title="bbox 529 1083 2123 1159">
     <span class='ocr_line' id='line_1_12' title="bbox 529 1083 2123 1159; baseline 0.004 -24"><span class='ocrx_word' id='word_1_69' title='bbox 529 1083 896 1152; x_wconf 86' lang='lat' dir='ltr'><strong>recuperavit,</strong></span> <span class='ocrx_word' id='word_1_70' title='bbox 920 1092 942 1123; x_wconf 79' lang='grc' dir='ltr'><strong><em>ο</em></strong></span> <span class='ocrx_word' id='word_1_71' title='bbox 972 1085 1182 1158; x_wconf 85' lang='lat' dir='ltr'><strong>Attyro,</strong></span> <span class='ocrx_word' id='word_1_72' title='bbox 1217 1086 1327 1157; x_wconf 82' lang='lat' dir='ltr'><strong>regi</strong></span> <span class='ocrx_word' id='word_1_73' title='bbox 1357 1086 1705 1159; x_wconf 90' lang='lat' dir='ltr'><strong>Scytharum,</strong></span> <span class='ocrx_word' id='word_1_74' title='bbox 1739 1089 1838 1144; x_wconf 91' lang='lat' dir='ltr'><strong>hac</strong></span> <span class='ocrx_word' id='word_1_75' title='bbox 1874 1089 1958 1144; x_wconf 93' lang='lat' dir='ltr'><strong>vel</strong></span> <span class='ocrx_word' id='word_1_76' title='bbox 2011 1105 2123 1143; x_wconf 80' lang='lat' dir='ltr'><strong>ma-</strong></span> 
     </span>
    </p>
   </div>
   <div class='ocr_carea' id='block_1_13' title="bbox 530 1173 2122 1252">
    <p class='ocr_par' dir='ltr' id='par_1_13' title="bbox 530 1173 2122 1252">
     <span class='ocr_line' id='line_1_13' title="bbox 530 1173 2122 1252; baseline 0.008 -25"><span class='ocrx_word' id='word_1_77' title='bbox 530 1173 676 1228; x_wconf 88' lang='lat' dir='ltr'><strong>xime</strong></span> <span class='ocrx_word' id='word_1_78' title='bbox 707 1189 867 1230; x_wconf 89' lang='lat' dir='ltr'><strong>causa</strong></span> <span class='ocrx_word' id='word_1_79' title='bbox 900 1176 1098 1232; x_wconf 91' lang='lat' dir='ltr'><strong>bellum</strong></span> <span class='ocrx_word' id='word_1_80' title='bbox 1128 1177 1462 1249; x_wconf 89' lang='lat' dir='ltr'><strong>intulitquod</strong></span> <span class='ocrx_word' id='word_1_81' title='bbox 1504 1179 1626 1234; x_wconf 78' lang='lat' dir='ltr'><strong>lilia:</strong></span> <span class='ocrx_word' id='word_1_82' title='bbox 1648 1181 1763 1251; x_wconf 88' lang='lat' dir='ltr'><strong>ejus</strong></span> <span class='ocrx_word' id='word_1_83' title='bbox 1795 1181 1989 1252; x_wconf 88' lang='lat' dir='ltr'><strong>petitas</strong></span> <span class='ocrx_word' id='word_1_84' title='bbox 2020 1181 2122 1239; x_wconf 83' lang='lat' dir='ltr'><strong>sibi</strong></span> 
     </span>
    </p>
   </div>
   <div class='ocr_carea' id='block_1_14' title="bbox 533 1268 2123 1344">
    <p class='ocr_par' dir='ltr' id='par_1_14' title="bbox 533 1268 2123 1344">
     <span class='ocr_line' id='line_1_14' title="bbox 533 1268 2123 1344; baseline 0.006 -22"><span class='ocrx_word' id='word_1_85' title='bbox 533 1268 751 1337; x_wconf 85' lang='lat' dir='ltr'><strong>nuptias</strong></span> <span class='ocrx_word' id='word_1_86' title='bbox 781 1283 889 1324; x_wconf 92' lang='lat' dir='ltr'><strong>non</strong></span> <span class='ocrx_word' id='word_1_87' title='bbox 917 1269 1264 1327; x_wconf 88' lang='lat' dir='ltr'><strong>obtinuisset.</strong></span> <span class='ocrx_word' id='word_1_88' title='bbox 1300 1272 1490 1344; x_wconf 87' lang='lat' dir='ltr'><strong>Magna</strong></span> <span class='ocrx_word' id='word_1_89' title='bbox 1535 1273 1750 1329; x_wconf 91' lang='lat' dir='ltr'><strong>scilicet</strong></span> <span class='ocrx_word' id='word_1_90' title='bbox 1799 1275 2123 1343; x_wconf 84' lang='lat' dir='ltr'><strong>necessitas,</strong></span> 
     </span>
    </p>
   </div>
   <div class='ocr_carea' id='block_1_15' title="bbox 531 1365 2126 1440">
    <p class='ocr_par' dir='ltr' id='par_1_15' title="bbox 531 1365 2126 1440">
     <span class='ocr_line' id='line_1_15' title="bbox 531 1365 2126 1440; baseline 0.006 -23"><span class='ocrx_word' id='word_1_91' title='bbox 531 1377 630 1432; x_wconf 92' lang='lat' dir='ltr'><strong>pro</strong></span> <span class='ocrx_word' id='word_1_92' title='bbox 653 1365 810 1419; x_wconf 86' lang='lat' dir='ltr'><strong>unius</strong></span> <span class='ocrx_word' id='word_1_93' title='bbox 829 1365 1054 1423; x_wconf 87' lang='lat' dir='ltr'><strong>libidine</strong></span> <span class='ocrx_word' id='word_1_94' title='bbox 1083 1366 1319 1423; x_wconf 92' lang='lat' dir='ltr'><strong>hominis</strong></span> <span class='ocrx_word' id='word_1_95' title='bbox 1345 1367 1680 1440; x_wconf 74' lang='lat' dir='ltr'><strong>septingenta</strong></span> <span class='ocrx_word' id='word_1_96' title='bbox 1697 1367 1862 1424; x_wconf 91' lang='lat' dir='ltr'><strong>millia</strong></span> <span class='ocrx_word' id='word_1_97' title='bbox 1885 1371 2126 1426; x_wconf 89' lang='lat' dir='ltr'><strong>virorum</strong></span> 
     </span>
    </p>
   </div>
   <div class='ocr_carea' id='block_1_16' title="bbox 529 1457 2126 1534">
    <p class='ocr_par' dir='ltr' id='par_1_16' title="bbox 529 1457 2126 1534">
     <span class='ocr_line' id='line_1_16' title="bbox 529 1457 2126 1534; baseline 0.006 -24"><span class='ocrx_word' id='word_1_98' title='bbox 529 1457 771 1526; x_wconf 92' lang='lat' dir='ltr'><strong>periculo</strong></span> <span class='ocrx_word' id='word_1_99' title='bbox 803 1459 995 1516; x_wconf 73' lang='lat' dir='ltr'><strong>martis</strong></span> <span class='ocrx_word' id='word_1_100' title='bbox 1022 1461 1243 1530; x_wconf 79' lang='lat' dir='ltr'><strong>exponi.</strong></span> <span class='ocrx_word' id='word_1_101' title='bbox 1276 1459 1582 1517; x_wconf 85' lang='lat' dir='ltr'><strong>incredibili</strong></span> <span class='ocrx_word' id='word_1_102' title='bbox 1611 1462 1813 1534; x_wconf 87' lang='lat' dir='ltr'><strong>quippe</strong></span> <span class='ocrx_word' id='word_1_103' title='bbox 1857 1472 2126 1533; x_wconf 90' lang='lat' dir='ltr'><strong>apparatu</strong></span> 
     </span>
    </p>
   </div>
   <div class='ocr_carea' id='block_1_17' title="bbox 526 1553 2130 1628">
    <p class='ocr_par' dir='ltr' id='par_1_17' title="bbox 526 1553 2130 1628">
     <span class='ocr_line' id='line_1_17' title="bbox 526 1553 2130 1628; baseline 0.006 -24"><span class='ocrx_word' id='word_1_104' title='bbox 526 1563 650 1604; x_wconf 91' lang='lat' dir='ltr'><strong>cum</strong></span> <span class='ocrx_word' id='word_1_105' title='bbox 682 1553 1042 1624; x_wconf 83' lang='lat' dir='ltr'><strong>septingentis</strong></span> <span class='ocrx_word' id='word_1_106' title='bbox 1064 1553 1303 1611; x_wconf 88' lang='lat' dir='ltr'><strong>millibus</strong></span> <span class='ocrx_word' id='word_1_107' title='bbox 1335 1564 1669 1611; x_wconf 90' lang='lat' dir='ltr'><strong>armatorum</strong></span> <span class='ocrx_word' id='word_1_108' title='bbox 1721 1554 2002 1628; x_wconf 87' lang='lat' dir='ltr'><strong>Scythiam</strong></span> <span class='ocrx_word' id='word_1_109' title='bbox 2047 1557 2130 1612; x_wconf 84' lang='lat' dir='ltr'><strong>in-</strong></span> 
     </span>
    </p>
   </div>
   <div class='ocr_carea' id='block_1_18' title="bbox 528 1644 2130 1720">
    <p class='ocr_par' dir='ltr' id='par_1_18' title="bbox 528 1644 2130 1720">
     <span class='ocr_line' id='line_1_18' title="bbox 528 1644 2130 1720; baseline 0.006 -25"><span class='ocrx_word' id='word_1_110' title='bbox 528 1657 769 1713; x_wconf 91' lang='lat' dir='ltr'><strong>gressus,</strong></span> <span class='ocrx_word' id='word_1_111' title='bbox 797 1660 902 1700; x_wconf 89' lang='lat' dir='ltr'><strong>non</strong></span> <span class='ocrx_word' id='word_1_112' title='bbox 934 1644 1256 1702; x_wconf 83' lang='lat' dir='ltr'><strong>facientibus</strong></span> <span class='ocrx_word' id='word_1_113' title='bbox 1299 1647 1546 1704; x_wconf 91' lang='lat' dir='ltr'><strong>hostibus</strong></span> <span class='ocrx_word' id='word_1_114' title='bbox 1574 1647 1734 1718; x_wconf 78' lang='lat' dir='ltr'><strong>justa:</strong></span> <span class='ocrx_word' id='word_1_115' title='bbox 1787 1663 1980 1720; x_wconf 66' lang='lat' dir='ltr'><strong>pugna:</strong></span> <span class='ocrx_word' id='word_1_116' title='bbox 2033 1662 2130 1719; x_wconf 76' lang='lat' dir='ltr'><strong>po-</strong></span> 
     </span>
    </p>
   </div>
   <div class='ocr_carea' id='block_1_19' title="bbox 533 1739 2130 1810">
    <p class='ocr_par' dir='ltr' id='par_1_19' title="bbox 533 1739 2130 1810">
     <span class='ocr_line' id='line_1_19' title="bbox 533 1739 2130 1810; baseline 0.006 -22"><span class='ocrx_word' id='word_1_117' title='bbox 533 1745 810 1805; x_wconf 79' lang='lat' dir='ltr'><strong>teStatem,</strong></span> <span class='ocrx_word' id='word_1_118' title='bbox 844 1739 1070 1810; x_wconf 89' lang='lat' dir='ltr'><strong>insuper</strong></span> <span class='ocrx_word' id='word_1_119' title='bbox 1108 1741 1407 1810; x_wconf 90' lang='lat' dir='ltr'><strong>repentinis</strong></span> <span class='ocrx_word' id='word_1_120' title='bbox 1429 1741 1737 1798; x_wconf 88' lang='lat' dir='ltr'><strong>incursibus</strong></span> <span class='ocrx_word' id='word_1_121' title='bbox 1760 1751 2003 1798; x_wconf 88' lang='lat' dir='ltr'><strong>extrema</strong></span> <span class='ocrx_word' id='word_1_122' title='bbox 2039 1756 2130 1798; x_wconf 89' lang='lat' dir='ltr'><strong>co-</strong></span> 
     </span>
    </p>
   </div>
   <div class='ocr_carea' id='block_1_20' title="bbox 2227 524 3833 602">
    <p class='ocr_par' dir='ltr' id='par_1_20' title="bbox 2227 524 3833 602">
     <span class='ocr_line' id='line_1_20' title="bbox 2227 524 3833 602; baseline 0.007 -24"><span class='ocrx_word' id='word_1_123' title='bbox 2227 524 2701 596; x_wconf 82' lang='lat' dir='ltr'><strong>Macedoniamque</strong></span> <span class='ocrx_word' id='word_1_124' title='bbox 2718 528 2759 560; x_wconf 84' lang='grc'>¹¹</span> <span class='ocrx_word' id='word_1_125' title='bbox 2785 543 3074 599; x_wconf 80' lang='lat' dir='ltr'><strong>aggressus</strong></span> <span class='ocrx_word' id='word_1_126' title='bbox 3103 530 3433 600; x_wconf 92' lang='lat' dir='ltr'><strong>perdomuit.</strong></span> <span class='ocrx_word' id='word_1_127' title='bbox 3452 531 3495 562; x_wconf 86' lang='grc'><strong>¹²</strong></span> <span class='ocrx_word' id='word_1_128' title='bbox 3513 531 3676 587; x_wconf 87' lang='lat' dir='ltr'><strong>tonas</strong></span> <span class='ocrx_word' id='word_1_129' title='bbox 3693 547 3833 602; x_wconf 89' lang='lat' dir='ltr'><strong>quo-</strong></span> 
     </span>
    </p>
   </div>
   <div class='ocr_carea' id='block_1_21' title="bbox 2228 618 3833 693">
    <p class='ocr_par' dir='ltr' id='par_1_21' title="bbox 2228 618 3833 693">
     <span class='ocr_line' id='line_1_21' title="bbox 2228 618 3833 693; baseline 0.007 -22"><span class='ocrx_word' id='word_1_130' title='bbox 2228 631 2330 686; x_wconf 91' lang='lat' dir='ltr'><strong>que</strong></span> <span class='ocrx_word' id='word_1_131' title='bbox 2353 618 2529 672; x_wconf 91' lang='lat' dir='ltr'><strong>navali</strong></span> <span class='ocrx_word' id='word_1_132' title='bbox 2561 621 2952 690; x_wconf 77' lang='lat' dir='ltr'><strong>congressione</strong></span> <span class='ocrx_word' id='word_1_133' title='bbox 2979 622 3276 693; x_wconf 72' lang='lat' dir='ltr'><strong>superavit.</strong></span> <span class='ocrx_word' id='word_1_134' title='bbox 3314 623 3520 681; x_wconf 85' lang='lat' dir='ltr'><strong>Deinde</strong></span> <span class='ocrx_word' id='word_1_135' title='bbox 3565 624 3617 680; x_wconf 92' lang='lat' dir='ltr'><strong>in</strong></span> <span class='ocrx_word' id='word_1_136' title='bbox 3659 625 3833 683; x_wconf 86' lang='lat' dir='ltr'><strong>Athe-</strong></span> 
     </span>
    </p>
   </div>
   <div class='ocr_carea' id='block_1_22' title="bbox 2227 711 3832 790">
    <p class='ocr_par' dir='ltr' id='par_1_22' title="bbox 2227 711 3832 790">
     <span class='ocr_line' id='line_1_22' title="bbox 2227 711 3832 790; baseline 0.005 -23"><span class='ocrx_word' id='word_1_137' title='bbox 2227 711 2446 768; x_wconf 82' lang='lat' dir='ltr'><strong>nienses</strong></span> <span class='ocrx_word' id='word_1_138' title='bbox 2478 711 2522 745; x_wconf 76' lang='lat'>&quot;</span> <span class='ocrx_word' id='word_1_139' title='bbox 2548 715 2694 784; x_wconf 85' lang='lat' dir='ltr'><strong>quod</strong></span> <span class='ocrx_word' id='word_1_140' title='bbox 2717 713 2875 770; x_wconf 91' lang='lat' dir='ltr'><strong>lonas</strong></span> <span class='ocrx_word' id='word_1_141' title='bbox 2907 715 3194 772; x_wconf 89' lang='lat' dir='ltr'><strong>adversum</strong></span> <span class='ocrx_word' id='word_1_142' title='bbox 3249 732 3309 772; x_wconf 79' lang='lat' dir='ltr'><strong>se</strong></span> <span class='ocrx_word' id='word_1_143' title='bbox 3340 718 3546 774; x_wconf 79' lang='lat' dir='ltr'><strong>auxilio</strong></span> <span class='ocrx_word' id='word_1_144' title='bbox 3581 720 3626 752; x_wconf 79' lang='lat'>“</span> <span class='ocrx_word' id='word_1_145' title='bbox 3655 719 3832 790; x_wconf 83' lang='lat' dir='ltr'><strong>juvis-</strong></span> 
     </span>
    </p>
   </div>
   <div class='ocr_carea' id='block_1_23' title="bbox 2227 807 3830 880">
    <p class='ocr_par' dir='ltr' id='par_1_23' title="bbox 2227 807 3830 880">
     <span class='ocr_line' id='line_1_23' title="bbox 2227 807 3830 880; baseline 0.006 -19"><span class='ocrx_word' id='word_1_146' title='bbox 2227 816 2372 870; x_wconf 90' lang='lat' dir='ltr'><strong>sent.</strong></span> <span class='ocrx_word' id='word_1_147' title='bbox 2426 807 2686 876; x_wconf 88' lang='lat' dir='ltr'><strong>impetum</strong></span> <span class='ocrx_word' id='word_1_148' title='bbox 2741 808 2890 876; x_wconf 81' lang='lat' dir='ltr'><strong>fecit,</strong></span> <span class='ocrx_word' id='word_1_149' title='bbox 2941 821 3105 880; x_wconf 90' lang='lat' dir='ltr'><strong>atque</strong></span> <span class='ocrx_word' id='word_1_150' title='bbox 3144 825 3297 866; x_wconf 90' lang='lat' dir='ltr'><strong>arma</strong></span> <span class='ocrx_word' id='word_1_151' title='bbox 3318 811 3536 866; x_wconf 86' lang='lat' dir='ltr'><strong>direxit.</strong></span> <span class='ocrx_word' id='word_1_152' title='bbox 3561 817 3606 852; x_wconf 80' lang='grc' dir='ltr'>ι’</span> <span class='ocrx_word' id='word_1_153' title='bbox 3658 813 3830 869; x_wconf 86' lang='lat' dir='ltr'><strong>Porro</strong></span> 
     </span>
    </p>
   </div>
   <div class='ocr_carea' id='block_1_24' title="bbox 2227 899 3826 970">
    <p class='ocr_par' dir='ltr' id='par_1_24' title="bbox 2227 899 3826 970">
     <span class='ocr_line' id='line_1_24' title="bbox 2227 899 3826 970; baseline 0.004 -16"><span class='ocrx_word' id='word_1_154' title='bbox 2227 908 2404 954; x_wconf 88' lang='lat' dir='ltr'><strong>autem</strong></span> <span class='ocrx_word' id='word_1_155' title='bbox 2440 899 2823 970; x_wconf 78' lang='lat' dir='ltr'><strong>Athenienses,</strong></span> <span class='ocrx_word' id='word_1_156' title='bbox 2866 901 2954 957; x_wconf 83' lang='lat' dir='ltr'><strong>tibi</strong></span> <span class='ocrx_word' id='word_1_157' title='bbox 3002 903 3302 959; x_wconf 88' lang='lat' dir='ltr'><strong>adventare</strong></span> <span class='ocrx_word' id='word_1_158' title='bbox 3335 904 3558 959; x_wconf 89' lang='lat' dir='ltr'><strong>Darium</strong></span> <span class='ocrx_word' id='word_1_159' title='bbox 3593 904 3639 940; x_wconf 84' lang='grc'><strong>¹⁶</strong></span> <span class='ocrx_word' id='word_1_160' title='bbox 3669 919 3826 961; x_wconf 85' lang='lat' dir='ltr'><strong>com-</strong></span> 
     </span>
    </p>
   </div>
   <div class='ocr_carea' id='block_1_25' title="bbox 2229 993 3828 1067">
    <p class='ocr_par' dir='ltr' id='par_1_25' title="bbox 2229 993 3828 1067">
     <span class='ocr_line' id='line_1_25' title="bbox 2229 993 3828 1067; baseline 0.003 -21"><span class='ocrx_word' id='word_1_161' title='bbox 2229 1003 2509 1062; x_wconf 90' lang='lat' dir='ltr'><strong>pererunt,</strong></span> <span class='ocrx_word' id='word_1_162' title='bbox 2541 995 2791 1062; x_wconf 87' lang='lat' dir='ltr'><strong>quamvis</strong></span> <span class='ocrx_word' id='word_1_163' title='bbox 2825 993 3083 1050; x_wconf 83' lang='lat' dir='ltr'><strong>auxilium</strong></span> <span class='ocrx_word' id='word_1_164' title='bbox 3114 1009 3143 1049; x_wconf 91' lang='lat' dir='ltr'><strong>a</strong></span> <span class='ocrx_word' id='word_1_165' title='bbox 3191 995 3619 1052; x_wconf 70' lang='lat' dir='ltr'><strong>Lacedmmoniis</strong></span> <span class='ocrx_word' id='word_1_166' title='bbox 3653 1013 3828 1067; x_wconf 85' lang='lat' dir='ltr'><strong>popo-</strong></span> 
     </span>
    </p>
   </div>
   <div class='ocr_carea' id='block_1_26' title="bbox 2229 1085 3830 1158">
    <p class='ocr_par' dir='ltr' id='par_1_26' title="bbox 2229 1085 3830 1158">
     <span class='ocr_line' id='line_1_26' title="bbox 2229 1085 3830 1158; baseline 0.004 -19"><span class='ocrx_word' id='word_1_167' title='bbox 2229 1085 2480 1150; x_wconf 81' lang='lat' dir='ltr'><strong>scissent,</strong></span> <span class='ocrx_word' id='word_1_168' title='bbox 2519 1093 2721 1153; x_wconf 86' lang='lat' dir='ltr'><strong>tamen,</strong></span> <span class='ocrx_word' id='word_1_169' title='bbox 2759 1085 2949 1140; x_wconf 85' lang='lat' dir='ltr'><strong>&quot;eum</strong></span> <span class='ocrx_word' id='word_1_170' title='bbox 2991 1087 3228 1143; x_wconf 89' lang='lat' dir='ltr'><strong>detineri</strong></span> <span class='ocrx_word' id='word_1_171' title='bbox 3275 1088 3652 1158; x_wconf 73' lang='lat' dir='ltr'><strong>quatriduanze</strong></span> <span class='ocrx_word' id='word_1_172' title='bbox 3701 1089 3830 1145; x_wconf 78' lang='lat' dir='ltr'><strong>reli-</strong></span> 
     </span>
    </p>
   </div>
   <div class='ocr_carea' id='block_1_27' title="bbox 2229 1177 3833 1250">
    <p class='ocr_par' dir='ltr' id='par_1_27' title="bbox 2229 1177 3833 1250">
     <span class='ocr_line' id='line_1_27' title="bbox 2229 1177 3833 1250; baseline 0.004 -20"><span class='ocrx_word' id='word_1_173' title='bbox 2229 1178 2404 1247; x_wconf 84' lang='lat' dir='ltr'><strong>gionis</strong></span> <span class='ocrx_word' id='word_1_174' title='bbox 2437 1177 2595 1250; x_wconf 76' lang='lat'><strong>108</strong></span> <span class='ocrx_word' id='word_1_175' title='bbox 2624 1178 2735 1232; x_wconf 92' lang='lat' dir='ltr'><strong>otio</strong></span> <span class='ocrx_word' id='word_1_176' title='bbox 2760 1189 3100 1248; x_wconf 89' lang='lat' dir='ltr'><strong>compertum</strong></span> <span class='ocrx_word' id='word_1_177' title='bbox 3135 1180 3424 1248; x_wconf 87' lang='lat' dir='ltr'><strong>baberent,</strong></span> <span class='ocrx_word' id='word_1_178' title='bbox 3467 1197 3619 1250; x_wconf 91' lang='lat' dir='ltr'><strong>spem</strong></span> <span class='ocrx_word' id='word_1_179' title='bbox 3668 1197 3833 1237; x_wconf 87' lang='lat' dir='ltr'><strong>occa-</strong></span> 
     </span>
    </p>
   </div>
   <div class='ocr_carea' id='block_1_28' title="bbox 2231 1271 3830 1338">
    <p class='ocr_par' dir='ltr' id='par_1_28' title="bbox 2231 1271 3830 1338">
     <span class='ocr_line' id='line_1_28' title="bbox 2231 1271 3830 1338; baseline 0.003 -13"><span class='ocrx_word' id='word_1_180' title='bbox 2231 1272 2384 1326; x_wconf 89' lang='lat' dir='ltr'><strong>sione</strong></span> <span class='ocrx_word' id='word_1_181' title='bbox 2416 1279 2719 1338; x_wconf 85' lang='lat' dir='ltr'><strong>sumentes,</strong></span> <span class='ocrx_word' id='word_1_182' title='bbox 2751 1271 3033 1328; x_wconf 86' lang='lat' dir='ltr'><strong>instructis</strong></span> <span class='ocrx_word' id='word_1_183' title='bbox 3067 1281 3275 1330; x_wconf 89' lang='lat' dir='ltr'><strong>tantum</strong></span> <span class='ocrx_word' id='word_1_184' title='bbox 3300 1273 3343 1304; x_wconf 82' lang='grc'><strong>¹⁸</strong></span> <span class='ocrx_word' id='word_1_185' title='bbox 3374 1274 3562 1329; x_wconf 90' lang='lat' dir='ltr'><strong>decem</strong></span> <span class='ocrx_word' id='word_1_186' title='bbox 3587 1274 3830 1330; x_wconf 86' lang='lat' dir='ltr'><strong>millibus</strong></span> 
     </span>
    </p>
   </div>
   <div class='ocr_carea' id='block_1_29' title="bbox 2229 1362 3831 1434">
    <p class='ocr_par' dir='ltr' id='par_1_29' title="bbox 2229 1362 3831 1434">
     <span class='ocr_line' id='line_1_29' title="bbox 2229 1362 3831 1434; baseline 0.003 -16"><span class='ocrx_word' id='word_1_187' title='bbox 2229 1363 2453 1430; x_wconf 88' lang='lat' dir='ltr'><strong>civium,</strong></span> <span class='ocrx_word' id='word_1_188' title='bbox 2503 1373 2556 1418; x_wconf 84' lang='lat' dir='ltr'><strong>et</strong></span> <span class='ocrx_word' id='word_1_189' title='bbox 2589 1362 2968 1420; x_wconf 86' lang='lat' dir='ltr'><strong>Plateeusibus</strong></span> <span class='ocrx_word' id='word_1_190' title='bbox 3017 1365 3378 1421; x_wconf 85' lang='lat' dir='ltr'><strong>auxiliaribus</strong></span> <span class='ocrx_word' id='word_1_191' title='bbox 3411 1365 3590 1434; x_wconf 87' lang='lat' dir='ltr'><strong>inille,</strong></span> <span class='ocrx_word' id='word_1_192' title='bbox 3635 1367 3831 1423; x_wconf 83' lang='lat' dir='ltr'><strong>adver-</strong></span> 
     </span>
    </p>
   </div>
   <div class='ocr_carea' id='block_1_30' title="bbox 2231 1455 3836 1529">
    <p class='ocr_par' dir='ltr' id='par_1_30' title="bbox 2231 1455 3836 1529">
     <span class='ocr_line' id='line_1_30' title="bbox 2231 1455 3836 1529; baseline 0.002 -18"><span class='ocrx_word' id='word_1_193' title='bbox 2231 1471 2351 1512; x_wconf 90' lang='lat' dir='ltr'><strong>sum</strong></span> <span class='ocrx_word' id='word_1_194' title='bbox 2374 1465 2628 1511; x_wconf 83' lang='lat' dir='ltr'><strong>sexcenta</strong></span> <span class='ocrx_word' id='word_1_195' title='bbox 2649 1455 2818 1510; x_wconf 88' lang='lat' dir='ltr'><strong>millia</strong></span> <span class='ocrx_word' id='word_1_196' title='bbox 2847 1455 3083 1512; x_wconf 83' lang='lat' dir='ltr'><strong>hostium</strong></span> <span class='ocrx_word' id='word_1_197' title='bbox 3107 1459 3315 1529; x_wconf 89' lang='lat' dir='ltr'><strong>campis</strong></span> <span class='ocrx_word' id='word_1_198' title='bbox 3333 1457 3687 1514; x_wconf 75' lang='lat' dir='ltr'><strong>Marathoniis</strong></span> <span class='ocrx_word' id='word_1_199' title='bbox 3701 1475 3836 1528; x_wconf 88' lang='lat' dir='ltr'><strong>pro—</strong></span> 
     </span>
    </p>
   </div>
   <div class='ocr_carea' id='block_1_31' title="bbox 2232 1547 3836 1621">
    <p class='ocr_par' dir='ltr' id='par_1_31' title="bbox 2232 1547 3836 1621">
     <span class='ocr_line' id='line_1_31' title="bbox 2232 1547 3836 1621; baseline 0.002 -17"><span class='ocrx_word' id='word_1_200' title='bbox 2232 1557 2514 1619; x_wconf 91' lang='lat' dir='ltr'><strong>ruperunt.</strong></span> <span class='ocrx_word' id='word_1_201' title='bbox 2533 1547 2804 1602; x_wconf 83' lang='lat' dir='ltr'><strong>Miltiades</strong></span> <span class='ocrx_word' id='word_1_202' title='bbox 2829 1547 2878 1603; x_wconf 86' lang='lat' dir='ltr'><strong>ei</strong></span> <span class='ocrx_word' id='word_1_203' title='bbox 2909 1561 3034 1604; x_wconf 85' lang='lat' dir='ltr'><strong>tunc</strong></span> <span class='ocrx_word' id='word_1_204' title='bbox 3063 1547 3206 1605; x_wconf 90' lang='lat' dir='ltr'><strong>bello</strong></span> <span class='ocrx_word' id='word_1_205' title='bbox 3231 1548 3466 1620; x_wconf 66' lang='lat' dir='ltr'><strong>praefuit,</strong></span> <span class='ocrx_word' id='word_1_206' title='bbox 3494 1550 3609 1621; x_wconf 93' lang='lat' dir='ltr'><strong>qui,</strong></span> <span class='ocrx_word' id='word_1_207' title='bbox 3632 1550 3836 1607; x_wconf 86' lang='lat' dir='ltr'><strong>celeri-</strong></span> 
     </span>
    </p>
   </div>
   <div class='ocr_carea' id='block_1_32' title="bbox 2233 1639 3837 1714">
    <p class='ocr_par' dir='ltr' id='par_1_32' title="bbox 2233 1639 3837 1714">
     <span class='ocr_line' id='line_1_32' title="bbox 2233 1639 3837 1714; baseline 0.002 -19"><span class='ocrx_word' id='word_1_208' title='bbox 2233 1647 2343 1697; x_wconf 86' lang='lat' dir='ltr'><strong>tate</strong></span> <span class='ocrx_word' id='word_1_209' title='bbox 2367 1641 2538 1712; x_wconf 85' lang='lat' dir='ltr'><strong>magis</strong></span> <span class='ocrx_word' id='word_1_210' title='bbox 2558 1655 2719 1712; x_wconf 85' lang='lat' dir='ltr'><strong>quam</strong></span> <span class='ocrx_word' id='word_1_211' title='bbox 2749 1640 2952 1696; x_wconf 82' lang='lat' dir='ltr'><strong>virtute</strong></span> <span class='ocrx_word' id='word_1_212' title='bbox 2980 1639 3172 1707; x_wconf 79' lang='lat' dir='ltr'><strong>frctus,</strong></span> <span class='ocrx_word' id='word_1_213' title='bbox 3215 1641 3381 1697; x_wconf 88' lang='lat' dir='ltr'><strong>alacri</strong></span> <span class='ocrx_word' id='word_1_214' title='bbox 3437 1640 3570 1698; x_wconf 86' lang='lat' dir='ltr'><strong>satis</strong></span> <span class='ocrx_word' id='word_1_215' title='bbox 3599 1642 3837 1714; x_wconf 84' lang='lat' dir='ltr'><strong>expedi-</strong></span> 
     </span>
    </p>
   </div>
   <div class='ocr_carea' id='block_1_33' title="bbox 2235 1731 3838 1805">
    <p class='ocr_par' dir='ltr' id='par_1_33' title="bbox 2235 1731 3838 1805">
     <span class='ocr_line' id='line_1_33' title="bbox 2235 1731 3838 1805; baseline 0 -15"><span class='ocrx_word' id='word_1_216' title='bbox 2235 1735 2382 1790; x_wconf 88' lang='lat' dir='ltr'><strong>ti0ue</strong></span> <span class='ocrx_word' id='word_1_217' title='bbox 2435 1731 2586 1804; x_wconf 91' lang='lat' dir='ltr'><strong>prius</strong></span> <span class='ocrx_word' id='word_1_218' title='bbox 2636 1731 2779 1788; x_wconf 88' lang='lat' dir='ltr'><strong>hosti</strong></span> <span class='ocrx_word' id='word_1_219' title='bbox 2825 1732 3077 1790; x_wconf 89' lang='lat' dir='ltr'><strong>cominus</strong></span> <span class='ocrx_word' id='word_1_220' title='bbox 3122 1733 3340 1789; x_wconf 70' lang='lat' dir='ltr'><strong>inlitesit</strong></span> <span class='ocrx_word' id='word_1_221' title='bbox 3369 1777 3384 1804; x_wconf 95' lang='lat'><strong>,</strong></span> <span class='ocrx_word' id='word_1_222' title='bbox 3433 1747 3597 1805; x_wconf 87' lang='lat' dir='ltr'><strong>quam</strong></span> <span class='ocrx_word' id='word_1_223' title='bbox 3645 1743 3838 1805; x_wconf 79' lang='lat' dir='ltr'><strong>posset</strong></span> 
     </span>
    </p>
   </div>
   <div class='ocr_carea' id='block_1_34' title="bbox 531 1822 3838 1906">
    <p class='ocr_par' dir='ltr' id='par_1_34' title="bbox 531 1822 3838 1906">
     <span class='ocr_line' id='line_1_34' title="bbox 531 1822 3838 1906; baseline 0 -24"><span class='ocrx_word' id='word_1_224' title='bbox 531 1829 745 1898; x_wconf 90' lang='lat' dir='ltr'><strong>piarum</strong></span> <span class='ocrx_word' id='word_1_225' title='bbox 802 1831 1248 1902; x_wconf 83' lang='lat' dir='ltr'><strong>dilacerantibus,</strong></span> <span class='ocrx_word' id='word_1_226' title='bbox 1313 1841 1562 1892; x_wconf 85' lang='lat' dir='ltr'><strong>metuens</strong></span> <span class='ocrx_word' id='word_1_227' title='bbox 1619 1849 1688 1892; x_wconf 86' lang='lat' dir='ltr'><strong>ne</strong></span> <span class='ocrx_word' id='word_1_228' title='bbox 1756 1835 1861 1894; x_wconf 82' lang='lat' dir='ltr'><strong>sibi</strong></span> <span class='ocrx_word' id='word_1_229' title='bbox 1915 1835 2124 1893; x_wconf 90' lang='lat' dir='ltr'><strong>reditus</strong></span> <span class='ocrx_word' id='word_1_230' title='bbox 2158 1825 2490 1906; x_wconf 77' lang='lat' dir='ltr'><strong>Bexpedito</strong></span> <span class='ocrx_word' id='word_1_231' title='bbox 2513 1824 2833 1896; x_wconf 88' lang='lat' dir='ltr'><strong>sagittarum</strong></span> <span class='ocrx_word' id='word_1_232' title='bbox 2869 1822 3078 1896; x_wconf 81' lang='lat' dir='ltr'><strong>“jactu</strong></span> <span class='ocrx_word' id='word_1_233' title='bbox 3110 1825 3436 1897; x_wconf 84' lang='lat' dir='ltr'><strong>propulsari.</strong></span> <span class='ocrx_word' id='word_1_234' title='bbox 3483 1825 3656 1882; x_wconf 78' lang='lat' dir='ltr'><strong>Tanta</strong></span> <span class='ocrx_word' id='word_1_235' title='bbox 3685 1823 3741 1882; x_wconf 93' lang='lat' dir='ltr'><strong>in</strong></span> <span class='ocrx_word' id='word_1_236' title='bbox 3764 1840 3838 1882; x_wconf 89' lang='lat' dir='ltr'><strong>eo</strong></span> 
     </span>
    </p>
   </div>
   <div class='ocr_carea' id='block_1_35' title="bbox 532 1923 2125 2000">
    <p class='ocr_par' dir='ltr' id='par_1_35' title="bbox 532 1923 2125 2000">
     <span class='ocr_line' id='line_1_35' title="bbox 532 1923 2125 2000; baseline 0.005 -22"><span class='ocrx_word' id='word_1_237' title='bbox 532 1923 838 1997; x_wconf 90' lang='lat' dir='ltr'><strong>interrupto</strong></span> <span class='ocrx_word' id='word_1_238' title='bbox 879 1936 1042 1998; x_wconf 90' lang='lat' dir='ltr'><strong>ponte</strong></span> <span class='ocrx_word' id='word_1_239' title='bbox 1081 1927 1200 1983; x_wconf 91' lang='lat' dir='ltr'><strong>lstri</strong></span> <span class='ocrx_word' id='word_1_240' title='bbox 1252 1927 1493 1984; x_wconf 82' lang='lat' dir='ltr'><strong>ﬂuminis</strong></span> <span class='ocrx_word' id='word_1_241' title='bbox 1548 1938 1860 2000; x_wconf 85' lang='lat' dir='ltr'><strong>negaretur,</strong></span> <span class='ocrx_word' id='word_1_242' title='bbox 1908 1929 2125 1988; x_wconf 89' lang='lat' dir='ltr'><strong>amissis</strong></span> 
     </span>
    </p>
   </div>
   <div class='ocr_carea' id='block_1_36' title="bbox 531 2017 2121 2094">
    <p class='ocr_par' dir='ltr' id='par_1_36' title="bbox 531 2017 2121 2094">
     <span class='ocr_line' id='line_1_36' title="bbox 531 2017 2121 2094; baseline 0.003 -22"><span class='ocrx_word' id='word_1_243' title='bbox 531 2017 805 2089; x_wconf 89' lang='lat' dir='ltr'><strong>octoginta</strong></span> <span class='ocrx_word' id='word_1_244' title='bbox 859 2019 1098 2082; x_wconf 86' lang='lat' dir='ltr'><strong>millibus</strong></span> <span class='ocrx_word' id='word_1_245' title='bbox 1164 2019 1512 2088; x_wconf 85' lang='lat' dir='ltr'><strong>bellatorum,</strong></span> <span class='ocrx_word' id='word_1_246' title='bbox 1585 2021 1830 2093; x_wconf 88' lang='lat' dir='ltr'><strong>trepidus</strong></span> <span class='ocrx_word' id='word_1_247' title='bbox 1901 2021 2121 2094; x_wconf 79' lang='lat' dir='ltr'><strong>refugit,</strong></span> 
     </span>
    </p>
   </div>
   <div class='ocr_carea' id='block_1_37' title="bbox 528 2112 2122 2181">
    <p class='ocr_par' dir='ltr' id='par_1_37' title="bbox 528 2112 2122 2181">
     <span class='ocr_line' id='line_1_37' title="bbox 528 2112 2122 2181; baseline 0.004 -15"><span class='ocrx_word' id='word_1_248' title='bbox 528 2113 772 2181; x_wconf 80' lang='lat' dir='ltr'><strong>quamvis</strong></span> <span class='ocrx_word' id='word_1_249' title='bbox 799 2112 942 2170; x_wconf 90' lang='lat' dir='ltr'><strong>hunc</strong></span> <span class='ocrx_word' id='word_1_250' title='bbox 963 2115 1286 2172; x_wconf 79' lang='lat' dir='ltr'><strong>amissorum</strong></span> <span class='ocrx_word' id='word_1_251' title='bbox 1316 2131 1599 2172; x_wconf 89' lang='lat' dir='ltr'><strong>numerum</strong></span> <span class='ocrx_word' id='word_1_252' title='bbox 1623 2115 1764 2171; x_wconf 89' lang='lat' dir='ltr'><strong>inter</strong></span> <span class='ocrx_word' id='word_1_253' title='bbox 1785 2115 1980 2172; x_wconf 87' lang='lat' dir='ltr'><strong>damna</strong></span> <span class='ocrx_word' id='word_1_254' title='bbox 2015 2131 2122 2172; x_wconf 89' lang='lat' dir='ltr'><strong>non</strong></span> 
     </span>
    </p>
   </div>
   <div class='ocr_carea' id='block_1_38' title="bbox 533 2202 2125 2282">
    <p class='ocr_par' dir='ltr' id='par_1_38' title="bbox 533 2202 2125 2282">
     <span class='ocr_line' id='line_1_38' title="bbox 533 2202 2125 2282; baseline 0.002 -19"><span class='ocrx_word' id='word_1_255' title='bbox 533 2202 576 2236; x_wconf 86' lang='grc'><strong>¹⁰</strong></span> <span class='ocrx_word' id='word_1_256' title='bbox 596 2203 816 2264; x_wconf 89' lang='lat' dir='ltr'><strong>duxerit</strong></span> <span class='ocrx_word' id='word_1_257' title='bbox 844 2223 858 2264; x_wconf 93' lang='lat'><strong>:</strong></span> <span class='ocrx_word' id='word_1_258' title='bbox 882 2217 938 2264; x_wconf 90' lang='lat' dir='ltr'><strong>et</strong></span> <span class='ocrx_word' id='word_1_259' title='bbox 957 2223 1116 2282; x_wconf 87' lang='lat' dir='ltr'><strong>quem</strong></span> <span class='ocrx_word' id='word_1_260' title='bbox 1143 2207 1451 2266; x_wconf 88' lang='lat' dir='ltr'><strong>habendum</strong></span> <span class='ocrx_word' id='word_1_261' title='bbox 1478 2210 1565 2266; x_wconf 75' lang='lat' dir='ltr'><strong>vix</strong></span> <span class='ocrx_word' id='word_1_262' title='bbox 1594 2209 1880 2282; x_wconf 86' lang='lat' dir='ltr'><strong>quisquam</strong></span> <span class='ocrx_word' id='word_1_263' title='bbox 1914 2209 2125 2266; x_wconf 88' lang='lat' dir='ltr'><strong>ambire</strong></span> 
     </span>
    </p>
   </div>
   <div class='ocr_carea' id='block_1_39' title="bbox 2230 1915 3837 1990">
    <p class='ocr_par' dir='ltr' id='par_1_39' title="bbox 2230 1915 3837 1990">
     <span class='ocr_line' id='line_1_39' title="bbox 2230 1915 3837 1990; baseline -0.001 -15"><span class='ocrx_word' id='word_1_264' title='bbox 2230 1919 2374 1975; x_wconf 90' lang='lat' dir='ltr'><strong>bello</strong></span> <span class='ocrx_word' id='word_1_265' title='bbox 2393 1918 2687 1974; x_wconf 82' lang='lat' dir='ltr'><strong>diversitas</strong></span> <span class='ocrx_word' id='word_1_266' title='bbox 2715 1915 2956 1974; x_wconf 84' lang='lat' dir='ltr'><strong>certandi</strong></span> <span class='ocrx_word' id='word_1_267' title='bbox 2988 1917 3108 1985; x_wconf 85' lang='lat' dir='ltr'><strong>luit,</strong></span> <span class='ocrx_word' id='word_1_268' title='bbox 3134 1927 3192 1972; x_wconf 93' lang='lat' dir='ltr'><strong>ut</strong></span> <span class='ocrx_word' id='word_1_269' title='bbox 3217 1916 3323 1974; x_wconf 85' lang='lat' dir='ltr'><strong>alia</strong></span> <span class='ocrx_word' id='word_1_270' title='bbox 3351 1932 3416 1974; x_wconf 88' lang='lat' dir='ltr'><strong>ex</strong></span> <span class='ocrx_word' id='word_1_271' title='bbox 3442 1929 3597 1990; x_wconf 89' lang='lat' dir='ltr'><strong>parte</strong></span> <span class='ocrx_word' id='word_1_272' title='bbox 3628 1917 3731 1974; x_wconf 86' lang='lat' dir='ltr'><strong>viri</strong></span> <span class='ocrx_word' id='word_1_273' title='bbox 3761 1918 3837 1974; x_wconf 90' lang='lat' dir='ltr'><strong>ad</strong></span> 
     </span>
    </p>
   </div>
   <div class='ocr_carea' id='block_1_40' title="bbox 2229 2006 3832 2082">
    <p class='ocr_par' dir='ltr' id='par_1_40' title="bbox 2229 2006 3832 2082">
     <span class='ocr_line' id='line_1_40' title="bbox 2229 2006 3832 2082; baseline 0.001 -15"><span class='ocrx_word' id='word_1_274' title='bbox 2229 2009 2584 2067; x_wconf 89' lang='lat' dir='ltr'><strong>occidendum</strong></span> <span class='ocrx_word' id='word_1_275' title='bbox 2610 2010 2809 2082; x_wconf 87' lang='lat' dir='ltr'><strong>parati,</strong></span> <span class='ocrx_word' id='word_1_276' title='bbox 2833 2006 2880 2040; x_wconf 80' lang='lat'><strong>’°</strong></span> <span class='ocrx_word' id='word_1_277' title='bbox 2893 2024 2958 2066; x_wconf 83' lang='lat' dir='ltr'><strong>ex</strong></span> <span class='ocrx_word' id='word_1_278' title='bbox 2988 2009 3096 2065; x_wconf 88' lang='lat' dir='ltr'><strong>alia</strong></span> <span class='ocrx_word' id='word_1_279' title='bbox 3128 2009 3364 2081; x_wconf 90' lang='lat' dir='ltr'><strong>pecudes</strong></span> <span class='ocrx_word' id='word_1_280' title='bbox 3389 2010 3455 2066; x_wconf 88' lang='lat' dir='ltr'><strong>ad</strong></span> <span class='ocrx_word' id='word_1_281' title='bbox 3478 2011 3832 2068; x_wconf 88' lang='lat' dir='ltr'><strong>moriendum</strong></span> 
     </span>
    </p>
   </div>
   <div class='ocr_carea' id='block_1_41' title="bbox 2231 2101 3835 2178">
    <p class='ocr_par' dir='ltr' id='par_1_41' title="bbox 2231 2101 3835 2178">
     <span class='ocr_line' id='line_1_41' title="bbox 2231 2101 3835 2178; baseline -0.002 -15"><span class='ocrx_word' id='word_1_282' title='bbox 2231 2112 2550 2178; x_wconf 67' lang='lat' dir='ltr'><strong>praeparata:</strong></span> <span class='ocrx_word' id='word_1_283' title='bbox 2575 2113 2914 2175; x_wconf 90' lang='lat' dir='ltr'><strong>putarentur.</strong></span> <span class='ocrx_word' id='word_1_284' title='bbox 2946 2101 2989 2134; x_wconf 73' lang='grc' dir='ltr'><strong>’ί</strong></span> <span class='ocrx_word' id='word_1_285' title='bbox 3014 2102 3260 2160; x_wconf 87' lang='lat' dir='ltr'><strong>Ducenta</strong></span> <span class='ocrx_word' id='word_1_286' title='bbox 3319 2103 3488 2159; x_wconf 88' lang='lat' dir='ltr'><strong>millia</strong></span> <span class='ocrx_word' id='word_1_287' title='bbox 3539 2104 3835 2161; x_wconf 82' lang='lat' dir='ltr'><strong>Persarum</strong></span> 
     </span>
    </p>
   </div>
   <div class='ocr_carea' id='block_1_42' title="bbox 2231 2197 3833 2278">
    <p class='ocr_par' dir='ltr' id='par_1_42' title="bbox 2231 2197 3833 2278">
     <span class='ocr_line' id='line_1_42' title="bbox 2231 2197 3833 2278; baseline -0.004 -20"><span class='ocrx_word' id='word_1_288' title='bbox 2231 2203 2391 2278; x_wconf 75' lang='lat'><strong>109</strong></span> <span class='ocrx_word' id='word_1_289' title='bbox 2419 2200 2484 2255; x_wconf 89' lang='lat' dir='ltr'><strong>ad</strong></span> <span class='ocrx_word' id='word_1_290' title='bbox 2509 2212 2733 2271; x_wconf 88' lang='lat' dir='ltr'><strong>campos</strong></span> <span class='ocrx_word' id='word_1_291' title='bbox 2762 2198 3129 2254; x_wconf 84' lang='lat' dir='ltr'><strong>Marathonios</strong></span> <span class='ocrx_word' id='word_1_292' title='bbox 3159 2212 3224 2254; x_wconf 90' lang='lat' dir='ltr'><strong>ea</strong></span> <span class='ocrx_word' id='word_1_293' title='bbox 3251 2205 3580 2270; x_wconf 85' lang='lat' dir='ltr'><strong>tempestate</strong></span> <span class='ocrx_word' id='word_1_294' title='bbox 3614 2197 3833 2254; x_wconf 84' lang='lat' dir='ltr'><strong>cecide-</strong></span> 
     </span>
    </p>
   </div>
   <div class='ocr_carea' id='block_1_43' title="bbox 1823 2315 2540 2382">
    <p class='ocr_par' dir='ltr' id='par_1_43' title="bbox 1823 2315 2540 2382">
     <span class='ocr_line' id='line_1_43' title="bbox 1823 2315 2540 2382; baseline -0.01 -2"><span class='ocrx_word' id='word_1_295' title='bbox 1823 2321 2270 2382; x_wconf 70' lang='lat' dir='ltr'><strong>IIAVERCAMPI</strong></span> <span class='ocrx_word' id='word_1_296' title='bbox 2311 2315 2540 2377; x_wconf 61' lang='lat' dir='ltr'><strong>NOTAE.</strong></span> 
     </span>
    </p>
   </div>
   <div class='ocr_carea' id='block_1_44' title="bbox 601 2432 2119 2511">
    <p class='ocr_par' dir='ltr' id='par_1_44' title="bbox 601 2432 2119 2511">
     <span class='ocr_line' id='line_1_44' title="bbox 601 2432 2119 2511; baseline 0.003 -23"><span class='ocrx_word' id='word_1_297' title='bbox 601 2432 656 2489; x_wconf 85' lang='lat'><strong>6.</strong></span> <span class='ocrx_word' id='word_1_298' title='bbox 700 2433 864 2509; x_wconf 83' lang='lat' dir='ltr'><strong>Magi.</strong></span> <span class='ocrx_word' id='word_1_299' title='bbox 906 2436 1040 2493; x_wconf 84' lang='lat' dir='ltr'><strong>Tres</strong></span> <span class='ocrx_word' id='word_1_300' title='bbox 1070 2453 1135 2495; x_wconf 82' lang='lat' dir='ltr'><strong>ex</strong></span> <span class='ocrx_word' id='word_1_301' title='bbox 1167 2439 1335 2511; x_wconf 86' lang='lat' dir='ltr'><strong>Lugd.</strong></span> <span class='ocrx_word' id='word_1_302' title='bbox 1368 2438 1536 2511; x_wconf 58' lang='lat' dir='ltr'><strong>Both,</strong></span> <span class='ocrx_word' id='word_1_303' title='bbox 1572 2438 1718 2508; x_wconf 83' lang='lat' dir='ltr'><strong>Magi</strong></span> <span class='ocrx_word' id='word_1_304' title='bbox 1764 2438 1889 2493; x_wconf 88' lang='lat' dir='ltr'><strong>duo.</strong></span> <span class='ocrx_word' id='word_1_305' title='bbox 1943 2438 2119 2511; x_wconf 82' lang='lat' dir='ltr'><strong>liabet</strong></span> 
     </span>
    </p>
   </div>
   <div class='ocr_carea' id='block_1_45' title="bbox 533 2503 2112 2579">
    <p class='ocr_par' dir='ltr' id='par_1_45' title="bbox 533 2503 2112 2579">
     <span class='ocr_line' id='line_1_45' title="bbox 533 2503 2112 2579; baseline 0.004 -21"><span class='ocrx_word' id='word_1_306' title='bbox 533 2503 697 2560; x_wconf 93' lang='lat' dir='ltr'><strong>istum</strong></span> <span class='ocrx_word' id='word_1_307' title='bbox 728 2503 1013 2579; x_wconf 78' lang='lat' dir='ltr'><strong>nmucrum</strong></span> <span class='ocrx_word' id='word_1_308' title='bbox 1046 2503 1275 2579; x_wconf 59' lang='lat' dir='ltr'><strong>quozlue&#39;</strong></span> <span class='ocrx_word' id='word_1_309' title='bbox 1311 2511 1450 2565; x_wconf 85' lang='lat' dir='ltr'><strong>Coll.</strong></span> <span class='ocrx_word' id='word_1_310' title='bbox 1493 2503 1733 2566; x_wconf 74' lang='lat' dir='ltr'><strong>Gronov.</strong></span> <span class='ocrx_word' id='word_1_311' title='bbox 1783 2525 1905 2564; x_wconf 91' lang='lat' dir='ltr'><strong>cum</strong></span> <span class='ocrx_word' id='word_1_312' title='bbox 1956 2510 2112 2564; x_wconf 90' lang='lat' dir='ltr'><strong>cditt.</strong></span> 
     </span>
    </p>
   </div>
   <div class='ocr_carea' id='block_1_46' title="bbox 535 2577 2118 2653">
    <p class='ocr_par' dir='ltr' id='par_1_46' title="bbox 535 2577 2118 2653">
     <span class='ocr_line' id='line_1_46' title="bbox 535 2577 2118 2653; baseline 0.007 -27"><span class='ocrx_word' id='word_1_313' title='bbox 535 2577 965 2653; x_wconf 73' lang='lat' dir='ltr'><strong>antiquioribus;</strong></span> <span class='ocrx_word' id='word_1_314' title='bbox 994 2577 1088 2636; x_wconf 88' lang='lat' dir='ltr'><strong>sed</strong></span> <span class='ocrx_word' id='word_1_315' title='bbox 1119 2577 1293 2653; x_wconf 87' lang='lat' dir='ltr'><strong>neque</strong></span> <span class='ocrx_word' id='word_1_316' title='bbox 1324 2581 1410 2637; x_wconf 91' lang='lat' dir='ltr'><strong>ed.</strong></span> <span class='ocrx_word' id='word_1_317' title='bbox 1435 2584 1584 2653; x_wconf 76' lang='lat' dir='ltr'><strong>Aug.</strong></span> <span class='ocrx_word' id='word_1_318' title='bbox 1618 2597 1792 2646; x_wconf 85' lang='lat' dir='ltr'><strong>neque</strong></span> <span class='ocrx_word' id='word_1_319' title='bbox 1826 2595 1954 2634; x_wconf 86' lang='lat' dir='ltr'><strong>mss.</strong></span> <span class='ocrx_word' id='word_1_320' title='bbox 1989 2581 2118 2653; x_wconf 80' lang='lat' dir='ltr'><strong>Flo-</strong></span> 
     </span>
    </p>
   </div>
   <div class='ocr_carea' id='block_1_47' title="bbox 535 2650 2118 2724">
    <p class='ocr_par' dir='ltr' id='par_1_47' title="bbox 535 2650 2118 2724">
     <span class='ocr_line' id='line_1_47' title="bbox 535 2650 2118 2724; baseline 0.006 -25"><span class='ocrx_word' id='word_1_321' title='bbox 535 2658 720 2724; x_wconf 90' lang='lat' dir='ltr'><strong>reutt._</strong></span> <span class='ocrx_word' id='word_1_322' title='bbox 729 2659 822 2704; x_wconf 90' lang='lat' dir='ltr'><strong>aut</strong></span> <span class='ocrx_word' id='word_1_323' title='bbox 851 2650 1040 2720; x_wconf 83' lang='lat' dir='ltr'><strong>reliqui</strong></span> <span class='ocrx_word' id='word_1_324' title='bbox 1073 2650 1394 2723; x_wconf 78' lang='lat' dir='ltr'><strong>agnoscunt.</strong></span> <span class='ocrx_word' id='word_1_325' title='bbox 1427 2650 1656 2708; x_wconf 81' lang='lat' dir='ltr'><strong>Nomina</strong></span> <span class='ocrx_word' id='word_1_326' title='bbox 1696 2653 1970 2724; x_wconf 82' lang='lat' dir='ltr'><strong>Magorum</strong></span> <span class='ocrx_word' id='word_1_327' title='bbox 2001 2652 2118 2708; x_wconf 82' lang='lat' dir='ltr'><strong>fue-</strong></span> 
     </span>
    </p>
   </div>
   <div class='ocr_carea' id='block_1_48' title="bbox 533 2719 2116 2795">
    <p class='ocr_par' dir='ltr' id='par_1_48' title="bbox 533 2719 2116 2795">
     <span class='ocr_line' id='line_1_48' title="bbox 533 2719 2116 2795; baseline 0.006 -24"><span class='ocrx_word' id='word_1_328' title='bbox 533 2728 659 2795; x_wconf 77' lang='lat' dir='ltr'><strong>rttnl</strong></span> <span class='ocrx_word' id='word_1_329' title='bbox 681 2719 938 2795; x_wconf 74' lang='lat' dir='ltr'><strong>Cometes</strong></span> <span class='ocrx_word' id='word_1_330' title='bbox 967 2719 1022 2795; x_wconf 83' lang='lat' dir='ltr'><strong>et</strong></span> <span class='ocrx_word' id='word_1_331' title='bbox 1044 2719 1304 2794; x_wconf 66' lang='lat' dir='ltr'><strong>Urbpasta</strong></span> <span class='ocrx_word' id='word_1_332' title='bbox 1330 2725 1483 2795; x_wconf 76' lang='lat' dir='ltr'><strong>juxta</strong></span> <span class='ocrx_word' id='word_1_333' title='bbox 1507 2719 1980 2793; x_wconf 54' lang='lat' dir='ltr'><strong>Justinuuﬁjuxta</strong></span> <span class='ocrx_word' id='word_1_334' title='bbox 2011 2725 2116 2780; x_wconf 83' lang='lat' dir='ltr'><strong>He-</strong></span> 
     </span>
    </p>
   </div>
   <div class='ocr_carea' id='block_1_49' title="bbox 535 2790 2113 2866">
    <p class='ocr_par' dir='ltr' id='par_1_49' title="bbox 535 2790 2113 2866">
     <span class='ocr_line' id='line_1_49' title="bbox 535 2790 2113 2866; baseline 0.006 -25"><span class='ocrx_word' id='word_1_335' title='bbox 535 2790 783 2846; x_wconf 83' lang='lat' dir='ltr'><strong>rodotum</strong></span> <span class='ocrx_word' id='word_1_336' title='bbox 817 2793 1136 2850; x_wconf 76' lang='lat' dir='ltr'><strong>Patizeithcs</strong></span> <span class='ocrx_word' id='word_1_337' title='bbox 1159 2790 1214 2851; x_wconf 74' lang='lat' dir='ltr'><strong>et</strong></span> <span class='ocrx_word' id='word_1_338' title='bbox 1243 2790 1516 2862; x_wconf 71' lang='lat' dir='ltr'><strong>Suierdis;</strong></span> <span class='ocrx_word' id='word_1_339' title='bbox 1548 2806 1754 2866; x_wconf 86' lang='lat' dir='ltr'><strong>septem</strong></span> <span class='ocrx_word' id='word_1_340' title='bbox 1784 2790 2001 2850; x_wconf 74' lang='lat' dir='ltr'><strong>nienses</strong></span> <span class='ocrx_word' id='word_1_341' title='bbox 2027 2810 2113 2851; x_wconf 88' lang='lat' dir='ltr'><strong>rc-</strong></span> 
     </span>
    </p>
   </div>
   <div class='ocr_carea' id='block_1_50' title="bbox 531 2865 2112 2937">
    <p class='ocr_par' dir='ltr' id='par_1_50' title="bbox 531 2865 2112 2937">
     <span class='ocr_line' id='line_1_50' title="bbox 531 2865 2112 2937; baseline 0.006 -26"><span class='ocrx_word' id='word_1_342' title='bbox 531 2875 715 2937; x_wconf 72' lang='lat' dir='ltr'><strong>gntth</strong></span> <span class='ocrx_word' id='word_1_343' title='bbox 741 2872 1052 2937; x_wconf 80' lang='lat' dir='ltr'><strong>tenuerunt.</strong></span> <span class='ocrx_word' id='word_1_344' title='bbox 1085 2865 1223 2922; x_wconf 84' lang='lat' dir='ltr'><strong>Vide</strong></span> <span class='ocrx_word' id='word_1_345' title='bbox 1255 2869 1507 2937; x_wconf 83' lang='lat' dir='ltr'><strong>Rutgers.</strong></span> <span class='ocrx_word' id='word_1_346' title='bbox 1554 2867 1682 2922; x_wconf 85' lang='lat' dir='ltr'><strong>Var.</strong></span> <span class='ocrx_word' id='word_1_347' title='bbox 1720 2865 1865 2922; x_wconf 82' lang='lat' dir='ltr'><strong>Lect.</strong></span> <span class='ocrx_word' id='word_1_348' title='bbox 1917 2867 2013 2920; x_wconf 91' lang='lat' dir='ltr'><strong>lib.</strong></span> <span class='ocrx_word' id='word_1_349' title='bbox 2061 2882 2112 2933; x_wconf 89' lang='grc' dir='ltr'>ι,</span> 
     </span>
    </p>
   </div>
   <div class='ocr_carea' id='block_1_51' title="bbox 533 2935 2114 3006">
    <p class='ocr_par' dir='ltr' id='par_1_51' title="bbox 533 2935 2114 3006">
     <span class='ocr_line' id='line_1_51' title="bbox 533 2935 2114 3006; baseline 0.006 -22"><span class='ocrx_word' id='word_1_350' title='bbox 533 2946 668 3006; x_wconf 83' lang='lat' dir='ltr'><strong>c_ap._</strong></span> <span class='ocrx_word' id='word_1_351' title='bbox 688 2935 742 3006; x_wconf 85' lang='lat'><strong>8,</strong></span> <span class='ocrx_word' id='word_1_352' title='bbox 775 2950 826 3005; x_wconf 89' lang='lat' dir='ltr'><strong>p.</strong></span> <span class='ocrx_word' id='word_1_353' title='bbox 857 2935 948 2990; x_wconf 70' lang='lat'><strong>22.</strong></span> <span class='ocrx_word' id='word_1_354' title='bbox 994 2938 1220 2994; x_wconf 83' lang='lat' dir='ltr'><strong>Videtur</strong></span> <span class='ocrx_word' id='word_1_355' title='bbox 1247 2935 1430 2993; x_wconf 81' lang='lat' dir='ltr'><strong>autem</strong></span> <span class='ocrx_word' id='word_1_356' title='bbox 1460 2939 1725 3006; x_wconf 83' lang='lat' dir='ltr'><strong>OrOpasta</strong></span> <span class='ocrx_word' id='word_1_357' title='bbox 1771 2937 1896 2994; x_wconf 91' lang='lat' dir='ltr'><strong>inde</strong></span> <span class='ocrx_word' id='word_1_358' title='bbox 1927 2939 2114 2993; x_wconf 80' lang='lat' dir='ltr'><strong>Smcr-</strong></span> 
     </span>
    </p>
   </div>
   <div class='ocr_carea' id='block_1_52' title="bbox 537 3003 2112 3081">
    <p class='ocr_par' dir='ltr' id='par_1_52' title="bbox 537 3003 2112 3081">
     <span class='ocr_line' id='line_1_52' title="bbox 537 3003 2112 3081; baseline 0.005 -27"><span class='ocrx_word' id='word_1_359' title='bbox 537 3003 620 3057; x_wconf 91' lang='lat' dir='ltr'><strong>dis</strong></span> <span class='ocrx_word' id='word_1_360' title='bbox 650 3003 814 3061; x_wconf 80' lang='lat' dir='ltr'><strong>fuisse</strong></span> <span class='ocrx_word' id='word_1_361' title='bbox 830 3007 1031 3081; x_wconf 76' lang='lat' dir='ltr'><strong>dictus.</strong></span> <span class='ocrx_word' id='word_1_362' title='bbox 1061 3010 1201 3076; x_wconf 90' lang='lat' dir='ltr'><strong>quod</strong></span> <span class='ocrx_word' id='word_1_363' title='bbox 1235 3025 1330 3080; x_wconf 91' lang='lat' dir='ltr'><strong>pro</strong></span> <span class='ocrx_word' id='word_1_364' title='bbox 1359 3003 1594 3073; x_wconf 75' lang='lat' dir='ltr'><strong>Sincrdi,</strong></span> <span class='ocrx_word' id='word_1_365' title='bbox 1619 3010 1900 3081; x_wconf 74' lang='lat' dir='ltr'><strong>Cambysis</strong></span> <span class='ocrx_word' id='word_1_366' title='bbox 1925 3010 2112 3077; x_wconf 81' lang='lat' dir='ltr'><strong>fratre,</strong></span> 
     </span>
    </p>
   </div>
   <div class='ocr_carea' id='block_1_53' title="bbox 535 3077 2118 3151">
    <p class='ocr_par' dir='ltr' id='par_1_53' title="bbox 535 3077 2118 3151">
     <span class='ocr_line' id='line_1_53' title="bbox 535 3077 2118 3151; baseline 0.002 -19"><span class='ocrx_word' id='word_1_367' title='bbox 535 3091 694 3151; x_wconf 70' lang='lat' dir='ltr'><strong>quem</strong></span> <span class='ocrx_word' id='word_1_368' title='bbox 729 3077 976 3151; x_wconf 75' lang='lat' dir='ltr'><strong>occidere</strong></span> <span class='ocrx_word' id='word_1_369' title='bbox 1002 3080 1186 3150; x_wconf 88' lang='lat' dir='ltr'><strong>jussus</strong></span> <span class='ocrx_word' id='word_1_370' title='bbox 1213 3077 1331 3137; x_wconf 75' lang='lat' dir='ltr'><strong>erat</strong></span> <span class='ocrx_word' id='word_1_371' title='bbox 1363 3082 1494 3151; x_wconf 84' lang='lat' dir='ltr'><strong>Magi</strong></span> <span class='ocrx_word' id='word_1_372' title='bbox 1523 3081 1649 3150; x_wconf 90' lang='lat' dir='ltr'><strong>ejus</strong></span> <span class='ocrx_word' id='word_1_373' title='bbox 1678 3077 1845 3135; x_wconf 75' lang='lat' dir='ltr'><strong>frater</strong></span> <span class='ocrx_word' id='word_1_374' title='bbox 1867 3081 2118 3135; x_wconf 88' lang='lat' dir='ltr'><strong>Cometes</strong></span> 
     </span>
    </p>
   </div>
   <div class='ocr_carea' id='block_1_54' title="bbox 537 3147 2114 3224">
    <p class='ocr_par' dir='ltr' id='par_1_54' title="bbox 537 3147 2114 3224">
     <span class='ocr_line' id='line_1_54' title="bbox 537 3147 2114 3224; baseline 0.004 -25"><span class='ocrx_word' id='word_1_375' title='bbox 537 3162 640 3224; x_wconf 66' lang='lat' dir='ltr'><strong>seu</strong></span> <span class='ocrx_word' id='word_1_376' title='bbox 658 3147 1711 3224; x_wconf 58' lang='lat' dir='ltr'><strong>Patizetthes,assumptoejus&#39;nomine,</strong></span> <span class='ocrx_word' id='word_1_377' title='bbox 1740 3168 1863 3224; x_wconf 85' lang='lat' dir='ltr'><strong>sese</strong></span> <span class='ocrx_word' id='word_1_378' title='bbox 1881 3161 2114 3224; x_wconf 80' lang='lat' dir='ltr'><strong>gereret.</strong></span> 
     </span>
    </p>
   </div>
   <div class='ocr_carea' id='block_1_55' title="bbox 610 3218 2117 3292">
    <p class='ocr_par' dir='ltr' id='par_1_55' title="bbox 610 3218 2117 3292">
     <span class='ocr_line' id='line_1_55' title="bbox 610 3218 2117 3292; baseline 0.004 -21"><span class='ocrx_word' id='word_1_379' title='bbox 610 3218 661 3271; x_wconf 90' lang='lat'><strong>7.</strong></span> <span class='ocrx_word' id='word_1_380' title='bbox 709 3219 982 3292; x_wconf 82' lang='lat' dir='ltr'><strong>Obrepere.</strong></span> <span class='ocrx_word' id='word_1_381' title='bbox 1027 3218 1287 3278; x_wconf 47' lang='lat' dir='ltr'><strong>Mentlo&#39;se</strong></span> <span class='ocrx_word' id='word_1_382' title='bbox 1317 3218 1374 3278; x_wconf 79' lang='lat' dir='ltr'><strong>iri</strong></span> <span class='ocrx_word' id='word_1_383' title='bbox 1411 3238 1541 3276; x_wconf 88' lang='lat' dir='ltr'><strong>mss.</strong></span> <span class='ocrx_word' id='word_1_384' title='bbox 1595 3234 1648 3277; x_wconf 84' lang='lat' dir='ltr'><strong>et</strong></span> <span class='ocrx_word' id='word_1_385' title='bbox 1691 3223 1850 3278; x_wconf 89' lang='lat' dir='ltr'><strong>editis</strong></span> <span class='ocrx_word' id='word_1_386' title='bbox 1887 3218 2117 3292; x_wconf 80' lang='lat' dir='ltr'><strong>quihus-</strong></span> 
     </span>
    </p>
   </div>
   <div class='ocr_carea' id='block_1_56' title="bbox 538 3287 2118 3366">
    <p class='ocr_par' dir='ltr' id='par_1_56' title="bbox 538 3287 2118 3366">
     <span class='ocr_line' id='line_1_56' title="bbox 538 3287 2118 3366; baseline 0.006 -27"><span class='ocrx_word' id='word_1_387' title='bbox 538 3287 686 3355; x_wconf 89' lang='lat' dir='ltr'><strong>dam,</strong></span> <span class='ocrx_word' id='word_1_388' title='bbox 729 3287 981 3366; x_wconf 73' lang='lat' dir='ltr'><strong>abripere.</strong></span> <span class='ocrx_word' id='word_1_389' title='bbox 1032 3292 1288 3366; x_wconf 75' lang='lat' dir='ltr'><strong>Obrepcre</strong></span> <span class='ocrx_word' id='word_1_390' title='bbox 1329 3296 1403 3348; x_wconf 82' lang='lat' dir='ltr'><strong>rei</strong></span> <span class='ocrx_word' id='word_1_391' title='bbox 1445 3294 1606 3366; x_wconf 77' lang='lat' dir='ltr'><strong>alicui</strong></span> <span class='ocrx_word' id='word_1_392' title='bbox 1653 3294 1735 3348; x_wconf 81' lang='lat' dir='ltr'><strong>vel</strong></span> <span class='ocrx_word' id='word_1_393' title='bbox 1773 3295 1841 3347; x_wconf 81' lang='lat' dir='ltr'><strong>ad</strong></span> <span class='ocrx_word' id='word_1_394' title='bbox 1889 3287 2118 3362; x_wconf 68' lang='lat' dir='ltr'><strong>aliquam</strong></span> 
     </span>
    </p>
   </div>
   <div class='ocr_carea' id='block_1_57' title="bbox 539 3365 2119 3436">
    <p class='ocr_par' dir='ltr' id='par_1_57' title="bbox 539 3365 2119 3436">
     <span class='ocr_line' id='line_1_57' title="bbox 539 3365 2119 3436; baseline 0.002 -21"><span class='ocrx_word' id='word_1_395' title='bbox 539 3375 668 3436; x_wconf 81' lang='lat' dir='ltr'><strong>rem,</strong></span> <span class='ocrx_word' id='word_1_396' title='bbox 702 3371 784 3436; x_wconf 76' lang='lat' dir='ltr'><strong>est</strong></span> <span class='ocrx_word' id='word_1_397' title='bbox 825 3365 1070 3436; x_wconf 87' lang='lat' dir='ltr'><strong>incautos</strong></span> <span class='ocrx_word' id='word_1_398' title='bbox 1115 3365 1366 3436; x_wconf 72' lang='lat' dir='ltr'><strong>decipere</strong></span> <span class='ocrx_word' id='word_1_399' title='bbox 1397 3375 1450 3420; x_wconf 91' lang='lat' dir='ltr'><strong>et</strong></span> <span class='ocrx_word' id='word_1_400' title='bbox 1493 3365 1624 3419; x_wconf 88' lang='lat' dir='ltr'><strong>l&#39;alsa</strong></span> <span class='ocrx_word' id='word_1_401' title='bbox 1669 3366 1851 3436; x_wconf 90' lang='lat' dir='ltr'><strong>specie</strong></span> <span class='ocrx_word' id='word_1_402' title='bbox 1899 3365 2119 3418; x_wconf 78' lang='lat' dir='ltr'><strong>Virtutis</strong></span> 
     </span>
    </p>
   </div>
   <div class='ocr_carea' id='block_1_58' title="bbox 537 3433 2115 3505">
    <p class='ocr_par' dir='ltr' id='par_1_58' title="bbox 537 3433 2115 3505">
     <span class='ocr_line' id='line_1_58' title="bbox 537 3433 2115 3505; baseline 0.005 -24"><span class='ocrx_word' id='word_1_403' title='bbox 537 3433 814 3496; x_wconf 77' lang='lat' dir='ltr'><strong>cujusdam</strong></span> <span class='ocrx_word' id='word_1_404' title='bbox 847 3437 929 3488; x_wconf 91' lang='lat' dir='ltr'><strong>vel</strong></span> <span class='ocrx_word' id='word_1_405' title='bbox 955 3435 1100 3503; x_wconf 87' lang='lat' dir='ltr'><strong>juris</strong></span> <span class='ocrx_word' id='word_1_406' title='bbox 1131 3433 1252 3492; x_wconf 85' lang='lat' dir='ltr'><strong>rem</strong></span> <span class='ocrx_word' id='word_1_407' title='bbox 1275 3437 1504 3504; x_wconf 78' lang='lat' dir='ltr'><strong>aliquam</strong></span> <span class='ocrx_word' id='word_1_408' title='bbox 1538 3433 1817 3505; x_wconf 73' lang='lat' dir='ltr'><strong>consequi.</strong></span> <span class='ocrx_word' id='word_1_409' title='bbox 1855 3437 1990 3489; x_wconf 84' lang='lat' dir='ltr'><strong>Plin.</strong></span> <span class='ocrx_word' id='word_1_410' title='bbox 2021 3436 2115 3490; x_wconf 88' lang='lat' dir='ltr'><strong>lib.</strong></span> 
     </span>
    </p>
   </div>
   <div class='ocr_carea' id='block_1_59' title="bbox 540 3507 2122 3579">
    <p class='ocr_par' dir='ltr' id='par_1_59' title="bbox 540 3507 2122 3579">
     <span class='ocr_line' id='line_1_59' title="bbox 540 3507 2122 3579; baseline 0.004 -25"><span class='ocrx_word' id='word_1_411' title='bbox 540 3517 876 3579; x_wconf 66' lang='lat' dir='ltr'><strong>xxvvt,_cap.</strong></span> <span class='ocrx_word' id='word_1_412' title='bbox 911 3508 979 3558; x_wconf 65' lang='grc' dir='ltr'><strong>ὃς</strong></span> <span class='ocrx_word' id='word_1_413' title='bbox 1014 3507 1122 3561; x_wconf 70' lang='lat' dir='ltr'><strong>Nec</strong></span> <span class='ocrx_word' id='word_1_414' title='bbox 1149 3518 1310 3579; x_wconf 79' lang='lat' dir='ltr'><strong>potest</strong></span> <span class='ocrx_word' id='word_1_415' title='bbox 1346 3509 1506 3561; x_wconf 88' lang='lat' dir='ltr'><strong>videri</strong></span> <span class='ocrx_word' id='word_1_416' title='bbox 1535 3507 1766 3562; x_wconf 81' lang='lat' dir='ltr'><strong>Scaurus</strong></span> <span class='ocrx_word' id='word_1_417' title='bbox 1796 3508 1915 3560; x_wconf 85' lang='lat' dir='ltr'><strong>rudi</strong></span> <span class='ocrx_word' id='word_1_418' title='bbox 1945 3515 1989 3560; x_wconf 80' lang='lat' dir='ltr'><strong>et</strong></span> <span class='ocrx_word' id='word_1_419' title='bbox 2025 3508 2122 3561; x_wconf 87' lang='lat' dir='ltr'><strong>hu-</strong></span> 
     </span>
    </p>
   </div>
   <div class='ocr_carea' id='block_1_60' title="bbox 529 3574 2122 3650">
    <p class='ocr_par' dir='ltr' id='par_1_60' title="bbox 529 3574 2122 3650">
     <span class='ocr_line' id='line_1_60' title="bbox 529 3574 2122 3650; baseline 0.004 -25"><span class='ocrx_word' id='word_1_420' title='bbox 529 3574 621 3650; x_wconf 73' lang='lat' dir='ltr'><strong>jus</strong></span> <span class='ocrx_word' id='word_1_421' title='bbox 651 3575 774 3627; x_wconf 88' lang='lat' dir='ltr'><strong>mali</strong></span> <span class='ocrx_word' id='word_1_422' title='bbox 798 3577 1094 3650; x_wconf 57' lang='lat' dir='ltr'><strong>improuide</strong></span> <span class='ocrx_word' id='word_1_423' title='bbox 1119 3574 1311 3634; x_wconf 80' lang='lat' dir='ltr'><strong>civitati</strong></span> <span class='ocrx_word' id='word_1_424' title='bbox 1337 3579 1619 3647; x_wconf 62' lang='lat' dir='ltr'><strong>Obrepsisse</strong></span> <span class='ocrx_word' id='word_1_425' title='bbox 1641 3580 1862 3650; x_wconf 84' lang='lat' dir='ltr'><strong>quodam</strong></span> <span class='ocrx_word' id='word_1_426' title='bbox 1892 3579 2006 3632; x_wconf 70' lang='lat' dir='ltr'><strong>vim</strong></span> <span class='ocrx_word' id='word_1_427' title='bbox 2031 3595 2122 3632; x_wconf 82' lang='lat' dir='ltr'><strong>ru-</strong></span> 
     </span>
    </p>
   </div>
   <div class='ocr_carea' id='block_1_61' title="bbox 538 3643 2120 3718">
    <p class='ocr_par' dir='ltr' id='par_1_61' title="bbox 538 3643 2120 3718">
     <span class='ocr_line' id='line_1_61' title="bbox 538 3643 2120 3718; baseline 0.004 -22"><span class='ocrx_word' id='word_1_428' title='bbox 538 3643 787 3718; x_wconf 75' lang='lat' dir='ltr'><strong>dimento.</strong></span> <span class='ocrx_word' id='word_1_429' title='bbox 816 3643 1003 3702; x_wconf 79' lang='lat' dir='ltr'><strong>Cicero</strong></span> <span class='ocrx_word' id='word_1_430' title='bbox 1029 3649 1175 3705; x_wconf 90' lang='lat' dir='ltr'><strong>Orat.</strong></span> <span class='ocrx_word' id='word_1_431' title='bbox 1207 3654 1254 3705; x_wconf 93' lang='lat' dir='ltr'><strong>in</strong></span> <span class='ocrx_word' id='word_1_432' title='bbox 1287 3650 1347 3705; x_wconf 90' lang='lat' dir='ltr'><strong>L.</strong></span> <span class='ocrx_word' id='word_1_433' title='bbox 1385 3643 1790 3718; x_wconf 54' lang='lat' dir='ltr'><strong>Pisonem&#39;cap.</strong></span> <span class='ocrx_word' id='word_1_434' title='bbox 1828 3650 1851 3704; x_wconf 90' lang='lat'><strong>1</strong></span> <span class='ocrx_word' id='word_1_435' title='bbox 1903 3666 1918 3704; x_wconf 88' lang='lat'>:</span> <span class='ocrx_word' id='word_1_436' title='bbox 1956 3649 2120 3703; x_wconf 84' lang='lat' dir='ltr'><strong>Obre-</strong></span> 
     </span>
    </p>
   </div>
   <div class='ocr_carea' id='block_1_62' title="bbox 541 3716 2124 3785">
    <p class='ocr_par' dir='ltr' id='par_1_62' title="bbox 541 3716 2124 3785">
     <span class='ocr_line' id='line_1_62' title="bbox 541 3716 2124 3785; baseline 0.004 -18"><span class='ocrx_word' id='word_1_437' title='bbox 541 3716 690 3782; x_wconf 80' lang='lat' dir='ltr'><strong>psisti</strong></span> <span class='ocrx_word' id='word_1_438' title='bbox 729 3719 796 3770; x_wconf 83' lang='lat' dir='ltr'><strong>ad</strong></span> <span class='ocrx_word' id='word_1_439' title='bbox 841 3718 1062 3776; x_wconf 83' lang='lat' dir='ltr'><strong>honores</strong></span> <span class='ocrx_word' id='word_1_440' title='bbox 1112 3739 1286 3777; x_wconf 79' lang='lat' dir='ltr'><strong>errore</strong></span> <span class='ocrx_word' id='word_1_441' title='bbox 1337 3723 1629 3785; x_wconf 89' lang='lat' dir='ltr'><strong>hominum,</strong></span> <span class='ocrx_word' id='word_1_442' title='bbox 1679 3716 2124 3774; x_wconf 78' lang='lat' dir='ltr'><strong>commendatione</strong></span> 
     </span>
    </p>
   </div>
   <div class='ocr_carea' id='block_1_63' title="bbox 543 3787 2121 3866">
    <p class='ocr_par' dir='ltr' id='par_1_63' title="bbox 543 3787 2121 3866">
     <span class='ocr_line' id='line_1_63' title="bbox 543 3787 2121 3866; baseline 0.004 -28"><span class='ocrx_word' id='word_1_443' title='bbox 543 3787 864 3866; x_wconf 75' lang='lat' dir='ltr'><strong>famosorum</strong></span> <span class='ocrx_word' id='word_1_444' title='bbox 907 3792 1190 3866; x_wconf 69' lang='lat' dir='ltr'><strong>imaginum</strong></span> <span class='ocrx_word' id='word_1_445' title='bbox 1218 3808 1476 3865; x_wconf 81' lang='lat' dir='ltr'><strong>:quarum</strong></span> <span class='ocrx_word' id='word_1_446' title='bbox 1510 3793 1701 3866; x_wconf 79' lang='lat' dir='ltr'><strong>_simil_e</strong></span> <span class='ocrx_word' id='word_1_447' title='bbox 1739 3791 1895 3866; x_wconf 66' lang='lat' dir='ltr'><strong>habes</strong></span> <span class='ocrx_word' id='word_1_448' title='bbox 1949 3791 2121 3866; x_wconf 86' lang='lat' dir='ltr'><strong>nihil,</strong></span> 
     </span>
    </p>
   </div>
   <div class='ocr_carea' id='block_1_64' title="bbox 543 3861 2120 3936">
    <p class='ocr_par' dir='ltr' id='par_1_64' title="bbox 543 3861 2120 3936">
     <span class='ocr_line' id='line_1_64' title="bbox 543 3861 2120 3936; baseline 0.005 -26"><span class='ocrx_word' id='word_1_449' title='bbox 543 3861 1030 3936; x_wconf 56' lang='lat' dir='ltr'><strong>prwtgrroloremf</strong></span> <span class='ocrx_word' id='word_1_450' title='bbox 1071 3874 1123 3918; x_wconf 90' lang='lat' dir='ltr'><strong>et</strong></span> <span class='ocrx_word' id='word_1_451' title='bbox 1170 3861 1319 3920; x_wconf 77' lang='lat' dir='ltr'><strong>Orat.</strong></span> <span class='ocrx_word' id='word_1_452' title='bbox 1372 3880 1467 3936; x_wconf 88' lang='lat' dir='ltr'><strong>pro</strong></span> <span class='ocrx_word' id='word_1_453' title='bbox 1498 3864 1600 3920; x_wconf 87' lang='lat' dir='ltr'><strong>Cn.</strong></span> <span class='ocrx_word' id='word_1_454' title='bbox 1648 3863 1871 3919; x_wconf 86' lang='lat' dir='ltr'><strong>Plancio</strong></span> <span class='ocrx_word' id='word_1_455' title='bbox 1904 3878 2029 3936; x_wconf 83' lang='lat' dir='ltr'><strong>cap.</strong></span> <span class='ocrx_word' id='word_1_456' title='bbox 2067 3865 2120 3929; x_wconf 92' lang='lat'><strong>7,</strong></span> 
     </span>
    </p>
   </div>
   <div class='ocr_carea' id='block_1_65' title="bbox 536 3928 2128 4012">
    <p class='ocr_par' dir='ltr' id='par_1_65' title="bbox 536 3928 2128 4012">
     <span class='ocr_line' id='line_1_65' title="bbox 536 3928 2128 4012; baseline 0.005 -30"><span class='ocrx_word' id='word_1_457' title='bbox 536 3928 632 4012; x_wconf 76' lang='lat' dir='ltr'><strong>cn.</strong></span> <span class='ocrx_word' id='word_1_458' title='bbox 672 3930 945 3987; x_wconf 81' lang='lat' dir='ltr'><strong>Plancium</strong></span> <span class='ocrx_word' id='word_1_459' title='bbox 969 3953 1068 3990; x_wconf 86' lang='lat' dir='ltr'><strong>non</strong></span> <span class='ocrx_word' id='word_1_460' title='bbox 1101 3928 1385 4008; x_wconf 73' lang='lat' dir='ltr'><strong>Obrepsisse</strong></span> <span class='ocrx_word' id='word_1_461' title='bbox 1419 3937 1487 3990; x_wconf 86' lang='lat' dir='ltr'><strong>ad</strong></span> <span class='ocrx_word' id='word_1_462' title='bbox 1516 3943 1787 4004; x_wconf 85' lang='lat' dir='ltr'><strong>honorem,</strong></span> <span class='ocrx_word' id='word_1_463' title='bbox 1821 3934 1912 3990; x_wconf 80' lang='lat' dir='ltr'><strong>sed</strong></span> <span class='ocrx_word' id='word_1_464' title='bbox 1953 3928 2012 3989; x_wconf 82' lang='lat' dir='ltr'><strong>eo</strong></span> <span class='ocrx_word' id='word_1_465' title='bbox 2042 3928 2128 3990; x_wconf 56' lang='lat' dir='ltr'><strong>ve?</strong></span> 
     </span>
    </p>
   </div>
   <div class='ocr_carea' id='block_1_66' title="bbox 538 4018 872 4061">
    <p class='ocr_par' dir='ltr' id='par_1_66' title="bbox 538 4018 872 4061">
     <span class='ocr_line' id='line_1_66' title="bbox 538 4018 872 4061; baseline 0.021 -8"><span class='ocrx_word' id='word_1_466' title='bbox 538 4018 672 4056; x_wconf 70' lang='lat'><strong>&quot;1888</strong></span> <span class='ocrx_word' id='word_1_467' title='bbox 699 4021 872 4061; x_wconf 83' lang='lat' dir='ltr'><strong>cursu.</strong></span> 
     </span>
    </p>
   </div>
   <div class='ocr_carea' id='block_1_67' title="bbox 609 4074 2125 4150">
    <p class='ocr_par' dir='ltr' id='par_1_67' title="bbox 609 4074 2125 4150">
     <span class='ocr_line' id='line_1_67' title="bbox 609 4074 2125 4150; baseline 0.004 -24"><span class='ocrx_word' id='word_1_468' title='bbox 609 4074 661 4150; x_wconf 87' lang='lat'><strong>8_.</strong></span> <span class='ocrx_word' id='word_1_469' title='bbox 709 4074 900 4150; x_wconf 77' lang='lat' dir='ltr'><strong>Darius</strong></span> <span class='ocrx_word' id='word_1_470' title='bbox 938 4079 1128 4150; x_wconf 80' lang='lat' dir='ltr'><strong>itaque,</strong></span> <span class='ocrx_word' id='word_1_471' title='bbox 1161 4095 1318 4135; x_wconf 80' lang='lat' dir='ltr'><strong>unus.</strong></span> <span class='ocrx_word' id='word_1_472' title='bbox 1350 4080 1424 4135; x_wconf 86' lang='lat' dir='ltr'><strong>De</strong></span> <span class='ocrx_word' id='word_1_473' title='bbox 1457 4079 1614 4134; x_wconf 89' lang='lat' dir='ltr'><strong>Dario</strong></span> <span class='ocrx_word' id='word_1_474' title='bbox 1663 4075 1862 4134; x_wconf 88' lang='lat' dir='ltr'><strong>Herod.</strong></span> <span class='ocrx_word' id='word_1_475' title='bbox 1920 4077 2012 4132; x_wconf 91' lang='lat' dir='ltr'><strong>lib.</strong></span> <span class='ocrx_word' id='word_1_476' title='bbox 2045 4093 2125 4144; x_wconf 91' lang='grc' dir='ltr'>ιιι,</span> 
     </span>
    </p>
   </div>
   <div class='ocr_carea' id='block_1_68' title="bbox 537 4144 1411 4207">
    <p class='ocr_par' dir='ltr' id='par_1_68' title="bbox 537 4144 1411 4207">
     <span class='ocr_line' id='line_1_68' title="bbox 537 4144 1411 4207; baseline 0.009 -9"><span class='ocrx_word' id='word_1_477' title='bbox 537 4154 590 4198; x_wconf 91' lang='lat' dir='ltr'><strong>et</strong></span> <span class='ocrx_word' id='word_1_478' title='bbox 619 4144 755 4200; x_wconf 84' lang='lat' dir='ltr'><strong>Just.</strong></span> <span class='ocrx_word' id='word_1_479' title='bbox 787 4148 878 4203; x_wconf 91' lang='lat' dir='ltr'><strong>lib.</strong></span> <span class='ocrx_word' id='word_1_480' title='bbox 909 4166 922 4204; x_wconf 94' lang='grc' dir='ltr'><strong>ι</strong></span> <span class='ocrx_word' id='word_1_481' title='bbox 953 4144 1214 4206; x_wconf 82' lang='lat' dir='ltr'><strong>extremo.</strong></span> <span class='ocrx_word' id='word_1_482' title='bbox 1246 4151 1411 4207; x_wconf 69' lang='lat' dir='ltr'><strong>Faan.</strong></span> 
     </span>
    </p>
   </div>
   <div class='ocr_carea' id='block_1_69' title="bbox 608 4217 2127 4292">
    <p class='ocr_par' dir='ltr' id='par_1_69' title="bbox 608 4217 2127 4292">
     <span class='ocr_line' id='line_1_69' title="bbox 608 4217 2127 4292; baseline 0.001 -20"><span class='ocrx_word' id='word_1_483' title='bbox 608 4217 867 4292; x_wconf 80' lang='lat' dir='ltr'><strong>9._Attyro</strong></span> <span class='ocrx_word' id='word_1_484' title='bbox 890 4223 1014 4292; x_wconf 86' lang='lat' dir='ltr'><strong>regi.</strong></span> <span class='ocrx_word' id='word_1_485' title='bbox 1041 4222 1276 4278; x_wconf 87' lang='lat' dir='ltr'><strong>lnlibris</strong></span> <span class='ocrx_word' id='word_1_486' title='bbox 1295 4223 1590 4292; x_wconf 86' lang='lat' dir='ltr'><strong>veteribus,</strong></span> <span class='ocrx_word' id='word_1_487' title='bbox 1638 4222 1831 4290; x_wconf 89' lang='lat' dir='ltr'><strong>partim</strong></span> <span class='ocrx_word' id='word_1_488' title='bbox 1888 4219 2127 4287; x_wconf 81' lang='lat' dir='ltr'><strong>Anthiro,</strong></span> 
     </span>
    </p>
   </div>
   <div class='ocr_carea' id='block_1_70' title="bbox 539 4288 2128 4363">
    <p class='ocr_par' dir='ltr' id='par_1_70' title="bbox 539 4288 2128 4363">
     <span class='ocr_line' id='line_1_70' title="bbox 539 4288 2128 4363; baseline 0.004 -23"><span class='ocrx_word' id='word_1_489' title='bbox 539 4288 731 4355; x_wconf 86' lang='lat' dir='ltr'><strong>partim</strong></span> <span class='ocrx_word' id='word_1_490' title='bbox 759 4288 976 4363; x_wconf 61' lang='lat' dir='ltr'><strong>Anigro&#39;,</strong></span> <span class='ocrx_word' id='word_1_491' title='bbox 1009 4295 1218 4362; x_wconf 84' lang='lat' dir='ltr'><strong>legitur.</strong></span> <span class='ocrx_word' id='word_1_492' title='bbox 1251 4295 1308 4348; x_wconf 87' lang='lat' dir='ltr'><strong>lu</strong></span> <span class='ocrx_word' id='word_1_493' title='bbox 1336 4288 1836 4356; x_wconf 68' lang='lat' dir='ltr'><strong>impressislustini</strong></span> <span class='ocrx_word' id='word_1_494' title='bbox 1873 4292 1892 4360; x_wconf 93' lang='lat'>(</span> <span class='ocrx_word' id='word_1_495' title='bbox 1920 4306 2048 4346; x_wconf 92' lang='lat' dir='ltr'><strong>nam</strong></span> <span class='ocrx_word' id='word_1_496' title='bbox 2078 4295 2128 4346; x_wconf 93' lang='lat' dir='ltr'><strong>in</strong></span> 
     </span>
    </p>
   </div>
   <div class='ocr_carea' id='block_1_71' title="bbox 540 4363 2127 4437">
    <p class='ocr_par' dir='ltr' id='par_1_71' title="bbox 540 4363 2127 4437">
     <span class='ocr_line' id='line_1_71' title="bbox 540 4363 2127 4437; baseline 0.005 -27"><span class='ocrx_word' id='word_1_497' title='bbox 540 4367 727 4437; x_wconf 71' lang='lat' dir='ltr'><strong>nostro</strong></span> <span class='ocrx_word' id='word_1_498' title='bbox 757 4379 856 4437; x_wconf 73' lang='lat' dir='ltr'><strong>iris.</strong></span> <span class='ocrx_word' id='word_1_499' title='bbox 893 4380 1085 4419; x_wconf 87' lang='lat' dir='ltr'><strong>nomen</strong></span> <span class='ocrx_word' id='word_1_500' title='bbox 1115 4365 1601 4437; x_wconf 78' lang='lat' dir='ltr'><strong>regis__Scytbarum_</strong></span> <span class='ocrx_word' id='word_1_501' title='bbox 1645 4381 1750 4419; x_wconf 93' lang='lat' dir='ltr'><strong>non</strong></span> <span class='ocrx_word' id='word_1_502' title='bbox 1800 4363 2127 4437; x_wconf 79' lang='lat' dir='ltr'><strong>invenitur),</strong></span> 
     </span>
    </p>
   </div>
   <div class='ocr_carea' id='block_1_72' title="bbox 541 4429 2130 4504">
    <p class='ocr_par' dir='ltr' id='par_1_72' title="bbox 541 4429 2130 4504">
     <span class='ocr_line' id='line_1_72' title="bbox 541 4429 2130 4504; baseline 0.004 -22"><span class='ocrx_word' id='word_1_503' title='bbox 541 4444 632 4484; x_wconf 83' lang='lat' dir='ltr'><strong>rex</strong></span> <span class='ocrx_word' id='word_1_504' title='bbox 648 4429 953 4504; x_wconf 83' lang='lat' dir='ltr'><strong>_Lanthinus</strong></span> <span class='ocrx_word' id='word_1_505' title='bbox 983 4429 1225 4490; x_wconf 66' lang='lat' dir='ltr'><strong>vocatur.</strong></span> <span class='ocrx_word' id='word_1_506' title='bbox 1259 4429 1518 4491; x_wconf 69' lang='lat' dir='ltr'><strong>llerodot.</strong></span> <span class='ocrx_word' id='word_1_507' title='bbox 1550 4435 1642 4489; x_wconf 91' lang='lat' dir='ltr'><strong>lib.</strong></span> <span class='ocrx_word' id='word_1_508' title='bbox 1679 4451 1752 4504; x_wconf 87' lang='lat' dir='ltr'><strong>tv,</strong></span> <span class='ocrx_word' id='word_1_509' title='bbox 1799 4435 1900 4488; x_wconf 92' lang='lat' dir='ltr'><strong>hoc</strong></span> <span class='ocrx_word' id='word_1_510' title='bbox 1930 4429 2130 4488; x_wconf 83' lang='lat' dir='ltr'><strong>bellum</strong></span> 
     </span>
    </p>
   </div>
   <div class='ocr_carea' id='block_1_73' title="bbox 539 4500 2130 4582">
    <p class='ocr_par' dir='ltr' id='par_1_73' title="bbox 539 4500 2130 4582">
     <span class='ocr_line' id='line_1_73' title="bbox 539 4500 2130 4582; baseline 0.004 -29"><span class='ocrx_word' id='word_1_511' title='bbox 539 4500 758 4582; x_wconf 73' lang='lat' dir='ltr'><strong>couiose</strong></span> <span class='ocrx_word' id='word_1_512' title='bbox 815 4504 1150 4582; x_wconf 73' lang='lat' dir='ltr'><strong>describens,</strong></span> <span class='ocrx_word' id='word_1_513' title='bbox 1190 4522 1384 4582; x_wconf 71' lang='lat' dir='ltr'><strong>regem</strong></span> <span class='ocrx_word' id='word_1_514' title='bbox 1435 4500 1784 4582; x_wconf 84' lang='lat' dir='ltr'><strong>Scytharum_</strong></span> <span class='ocrx_word' id='word_1_515' title='bbox 1817 4504 2130 4582; x_wconf 78' lang='grc' dir='ltr'><strong>ἰνδάθυρσον</strong></span> 
     </span>
    </p>
   </div>
   <div class='ocr_carea' id='block_1_74' title="bbox 538 4573 1911 4655">
    <p class='ocr_par' dir='ltr' id='par_1_74' title="bbox 538 4573 1911 4655">
     <span class='ocr_line' id='line_1_74' title="bbox 538 4573 1911 4655; baseline 0.002 -30"><span class='ocrx_word' id='word_1_516' title='bbox 538 4573 820 4655; x_wconf 43' lang='lat' dir='ltr'><strong>nominat:</strong></span> <span class='ocrx_word' id='word_1_517' title='bbox 843 4577 910 4629; x_wconf 90' lang='lat' dir='ltr'><strong>ab</strong></span> <span class='ocrx_word' id='word_1_518' title='bbox 934 4573 1370 4655; x_wconf 35' lang='lat' dir='ltr'><strong>aliis‘zxuOép&#39;me</strong></span> <span class='ocrx_word' id='word_1_519' title='bbox 1394 4573 1911 4655; x_wconf 72' lang='lat' dir='ltr'><strong>noniiua_tur_._Fann.</strong></span> 
     </span>
    </p>
   </div>
   <div class='ocr_carea' id='block_1_75' title="bbox 2229 2429 3830 2500">
    <p class='ocr_par' dir='ltr' id='par_1_75' title="bbox 2229 2429 3830 2500">
     <span class='ocr_line' id='line_1_75' title="bbox 2229 2429 3830 2500; baseline -0.001 -9"><span class='ocrx_word' id='word_1_520' title='bbox 2229 2437 2328 2500; x_wconf 91' lang='lat' dir='ltr'><strong>ait,</strong></span> <span class='ocrx_word' id='word_1_521' title='bbox 2357 2434 2579 2489; x_wconf 89' lang='lat' dir='ltr'><strong>Darium</strong></span> <span class='ocrx_word' id='word_1_522' title='bbox 2608 2432 2768 2497; x_wconf 87' lang='lat' dir='ltr'><strong>hujus</strong></span> <span class='ocrx_word' id='word_1_523' title='bbox 2792 2429 2919 2485; x_wconf 90' lang='lat' dir='ltr'><strong>belli</strong></span> <span class='ocrx_word' id='word_1_524' title='bbox 2951 2437 3138 2486; x_wconf 89' lang='lat' dir='ltr'><strong>contra</strong></span> <span class='ocrx_word' id='word_1_525' title='bbox 3191 2429 3557 2488; x_wconf 83' lang='lat' dir='ltr'><strong>Athenienses</strong></span> <span class='ocrx_word' id='word_1_526' title='bbox 3609 2447 3830 2490; x_wconf 86' lang='lat' dir='ltr'><strong>causam</strong></span> 
     </span>
    </p>
   </div>
   <div class='ocr_carea' id='block_1_76' title="bbox 2225 2501 3375 2579">
    <p class='ocr_par' dir='ltr' id='par_1_76' title="bbox 2225 2501 3375 2579">
     <span class='ocr_line' id='line_1_76' title="bbox 2225 2501 3375 2579; baseline -0.006 -17"><span class='ocrx_word' id='word_1_527' title='bbox 2225 2507 2495 2579; x_wconf 71' lang='lat' dir='ltr'><strong>attulisse,</strong></span> <span class='ocrx_word' id='word_1_528' title='bbox 2527 2502 2607 2579; x_wconf 61' lang='grc' dir='ltr'><strong>ὅτι</strong></span> <span class='ocrx_word' id='word_1_529' title='bbox 2636 2501 2836 2579; x_wconf 79' lang='grc' dir='ltr'><strong>Σάρδεις</strong></span> <span class='ocrx_word' id='word_1_530' title='bbox 2866 2505 3184 2579; x_wconf 41' lang='grc' dir='ltr'><strong>ἐνέττρησᾳη</strong></span> <span class='ocrx_word' id='word_1_531' title='bbox 3204 2501 3375 2559; x_wconf 68' lang='lat' dir='ltr'><strong>Facti.</strong></span> 
     </span>
    </p>
   </div>
   <div class='ocr_carea' id='block_1_77' title="bbox 2299 2573 3829 2647">
    <p class='ocr_par' dir='ltr' id='par_1_77' title="bbox 2299 2573 3829 2647">
     <span class='ocr_line' id='line_1_77' title="bbox 2299 2573 3829 2647; baseline -0.002 -13"><span class='ocrx_word' id='word_1_532' title='bbox 2299 2580 2389 2634; x_wconf 71' lang='lat'><strong>14.</strong></span> <span class='ocrx_word' id='word_1_533' title='bbox 2420 2576 2628 2630; x_wconf 67' lang='lat' dir='ltr'><strong>Auxilio</strong></span> <span class='ocrx_word' id='word_1_534' title='bbox 2645 2573 2918 2647; x_wconf 75' lang='lat' dir='ltr'><strong>ju&#39;rissent.</strong></span> <span class='ocrx_word' id='word_1_535' title='bbox 2945 2573 3116 2642; x_wconf 76' lang='lat' dir='ltr'><strong>L&#39;ugd.</strong></span> <span class='ocrx_word' id='word_1_536' title='bbox 3150 2573 3266 2629; x_wconf 85' lang='lat' dir='ltr'><strong>Bat.</strong></span> <span class='ocrx_word' id='word_1_537' title='bbox 3295 2582 3496 2645; x_wconf 88' lang='lat' dir='ltr'><strong>quart.,</strong></span> <span class='ocrx_word' id='word_1_538' title='bbox 3514 2575 3713 2630; x_wconf 74' lang='lat' dir='ltr'><strong>auxlio</strong></span> <span class='ocrx_word' id='word_1_539' title='bbox 3741 2594 3829 2631; x_wconf 80' lang='lat' dir='ltr'><strong>re-</strong></span> 
     </span>
    </p>
   </div>
   <div class='ocr_carea' id='block_1_78' title="bbox 2224 2645 3830 2717">
    <p class='ocr_par' dir='ltr' id='par_1_78' title="bbox 2224 2645 3830 2717">
     <span class='ocr_line' id='line_1_78' title="bbox 2224 2645 3830 2717; baseline -0.001 -12"><span class='ocrx_word' id='word_1_540' title='bbox 2224 2651 2440 2708; x_wconf 77' lang='lat' dir='ltr'><strong>nissent.</strong></span> <span class='ocrx_word' id='word_1_541' title='bbox 2478 2663 2585 2717; x_wconf 91' lang='lat' dir='ltr'><strong>pr.,</strong></span> <span class='ocrx_word' id='word_1_542' title='bbox 2610 2645 2663 2701; x_wconf 83' lang='lat' dir='ltr'><strong>in</strong></span> <span class='ocrx_word' id='word_1_543' title='bbox 2685 2645 2886 2700; x_wconf 72' lang='lat' dir='ltr'><strong>auxilio</strong></span> <span class='ocrx_word' id='word_1_544' title='bbox 2914 2647 3190 2701; x_wconf 77' lang='lat' dir='ltr'><strong>venissent.</strong></span> <span class='ocrx_word' id='word_1_545' title='bbox 3243 2647 3352 2703; x_wconf 89' lang='lat' dir='ltr'><strong>Sed</strong></span> <span class='ocrx_word' id='word_1_546' title='bbox 3402 2647 3830 2716; x_wconf 83' lang='lat' dir='ltr'><strong>superscribitur</strong></span> 
     </span>
    </p>
   </div>
   <div class='ocr_carea' id='block_1_79' title="bbox 2214 2722 2492 2793">
    <p class='ocr_par' dir='ltr' id='par_1_79' title="bbox 2214 2722 2492 2793">
     <span class='ocr_line' id='line_1_79' title="bbox 2214 2722 2492 2793; baseline -0.004 -19"><span class='ocrx_word' id='word_1_547' title='bbox 2214 2722 2492 2793; x_wconf 70' lang='lat' dir='ltr'><strong>furiarent.</strong></span> 
     </span>
    </p>
   </div>
   <div class='ocr_carea' id='block_1_80' title="bbox 2297 2787 3820 2848">
    <p class='ocr_par' dir='ltr' id='par_1_80' title="bbox 2297 2787 3820 2848">
     <span class='ocr_line' id='line_1_80' title="bbox 2297 2787 3820 2848; baseline 0 -2"><span class='ocrx_word' id='word_1_548' title='bbox 2297 2793 2383 2848; x_wconf 82' lang='grc'><strong>15.</strong></span> <span class='ocrx_word' id='word_1_549' title='bbox 2423 2790 2592 2844; x_wconf 86' lang='lat' dir='ltr'><strong>Porro</strong></span> <span class='ocrx_word' id='word_1_550' title='bbox 2619 2798 2809 2842; x_wconf 69' lang='lat' dir='ltr'><strong>aufem.</strong></span> <span class='ocrx_word' id='word_1_551' title='bbox 2841 2787 3207 2846; x_wconf 86' lang='lat' dir='ltr'><strong>Posteriorem</strong></span> <span class='ocrx_word' id='word_1_552' title='bbox 3232 2804 3417 2846; x_wconf 91' lang='lat' dir='ltr'><strong>vocem</strong></span> <span class='ocrx_word' id='word_1_553' title='bbox 3451 2789 3659 2844; x_wconf 88' lang='lat' dir='ltr'><strong>addunt</strong></span> <span class='ocrx_word' id='word_1_554' title='bbox 3690 2790 3820 2846; x_wconf 88' lang='lat' dir='ltr'><strong>cod.</strong></span> 
     </span>
    </p>
   </div>
   <div class='ocr_carea' id='block_1_81' title="bbox 2221 2858 3820 2933">
    <p class='ocr_par' dir='ltr' id='par_1_81' title="bbox 2221 2858 3820 2933">
     <span class='ocr_line' id='line_1_81' title="bbox 2221 2858 3820 2933; baseline 0 -15"><span class='ocrx_word' id='word_1_555' title='bbox 2221 2860 2814 2933; x_wconf 78' lang='lat' dir='ltr'><strong>Longob.cumtril_ius</strong></span> <span class='ocrx_word' id='word_1_556' title='bbox 2843 2858 3016 2930; x_wconf 89' lang='lat' dir='ltr'><strong>Lugd.</strong></span> <span class='ocrx_word' id='word_1_557' title='bbox 3073 2861 3213 2916; x_wconf 88' lang='lat' dir='ltr'><strong>Batt.</strong></span> <span class='ocrx_word' id='word_1_558' title='bbox 3266 2871 3317 2918; x_wconf 86' lang='lat' dir='ltr'><strong>et</strong></span> <span class='ocrx_word' id='word_1_559' title='bbox 3373 2861 3514 2917; x_wconf 81' lang='lat' dir='ltr'><strong>Coll.</strong></span> <span class='ocrx_word' id='word_1_560' title='bbox 3575 2861 3820 2919; x_wconf 86' lang='lat' dir='ltr'><strong>Gronov.</strong></span> 
     </span>
    </p>
   </div>
   <div class='ocr_carea' id='block_1_82' title="bbox 2222 2931 2847 3002">
    <p class='ocr_par' dir='ltr' id='par_1_82' title="bbox 2222 2931 2847 3002">
     <span class='ocr_line' id='line_1_82' title="bbox 2222 2931 2847 3002; baseline -0.005 -13"><span class='ocrx_word' id='word_1_561' title='bbox 2222 2931 2549 3002; x_wconf 81' lang='lat' dir='ltr'><strong>aSIipulante</strong></span> <span class='ocrx_word' id='word_1_562' title='bbox 2573 2932 2659 2987; x_wconf 90' lang='lat' dir='ltr'><strong>ed.</strong></span> <span class='ocrx_word' id='word_1_563' title='bbox 2707 2931 2847 3001; x_wconf 90' lang='lat' dir='ltr'><strong>Aug.</strong></span> 
     </span>
    </p>
   </div>
   <div class='ocr_carea' id='block_1_83' title="bbox 2295 3002 3820 3076">
    <p class='ocr_par' dir='ltr' id='par_1_83' title="bbox 2295 3002 3820 3076">
     <span class='ocr_line' id='line_1_83' title="bbox 2295 3002 3820 3076; baseline 0 -14"><span class='ocrx_word' id='word_1_564' title='bbox 2295 3007 2381 3063; x_wconf 83' lang='lat'><strong>16.</strong></span> <span class='ocrx_word' id='word_1_565' title='bbox 2415 3005 2811 3076; x_wconf 82' lang='lat' dir='ltr'><strong>Compererunt.</strong></span> <span class='ocrx_word' id='word_1_566' title='bbox 2849 3002 2983 3060; x_wconf 89' lang='lat' dir='ltr'><strong>Ultr.</strong></span> <span class='ocrx_word' id='word_1_567' title='bbox 3027 3018 3132 3059; x_wconf 90' lang='lat' dir='ltr'><strong>ms.</strong></span> <span class='ocrx_word' id='word_1_568' title='bbox 3181 3017 3512 3076; x_wconf 84' lang='lat' dir='ltr'><strong>eomperunt;</strong></span> <span class='ocrx_word' id='word_1_569' title='bbox 3555 3004 3646 3062; x_wconf 90' lang='lat' dir='ltr'><strong>ed.</strong></span> <span class='ocrx_word' id='word_1_570' title='bbox 3677 3006 3820 3076; x_wconf 84' lang='lat' dir='ltr'><strong>Aug.</strong></span> 
     </span>
    </p>
   </div>
   <div class='ocr_carea' id='block_1_84' title="bbox 2222 3085 2596 3150">
    <p class='ocr_par' dir='ltr' id='par_1_84' title="bbox 2222 3085 2596 3150">
     <span class='ocr_line' id='line_1_84' title="bbox 2222 3085 2596 3150; baseline -0.011 -17"><span class='ocrx_word' id='word_1_571' title='bbox 2222 3085 2596 3150; x_wconf 68' lang='lat' dir='ltr'><strong>compererant.</strong></span> 
     </span>
    </p>
   </div>
   <div class='ocr_carea' id='block_1_85' title="bbox 2296 3146 3826 3217">
    <p class='ocr_par' dir='ltr' id='par_1_85' title="bbox 2296 3146 3826 3217">
     <span class='ocr_line' id='line_1_85' title="bbox 2296 3146 3826 3217; baseline -0.001 -14"><span class='ocrx_word' id='word_1_572' title='bbox 2296 3146 2385 3204; x_wconf 82' lang='lat'><strong>17.</strong></span> <span class='ocrx_word' id='word_1_573' title='bbox 2420 3148 2546 3202; x_wconf 87' lang='lat' dir='ltr'><strong>Cum</strong></span> <span class='ocrx_word' id='word_1_574' title='bbox 2568 3146 2786 3200; x_wconf 77' lang='lat' dir='ltr'><strong>detineri</strong></span> <span class='ocrx_word' id='word_1_575' title='bbox 2813 3146 3173 3216; x_wconf 74' lang='lat' dir='ltr'><strong>quatriduana:</strong></span> <span class='ocrx_word' id='word_1_576' title='bbox 3218 3149 3483 3217; x_wconf 79' lang='lat' dir='ltr'><strong>religionis</strong></span> <span class='ocrx_word' id='word_1_577' title='bbox 3531 3147 3655 3206; x_wconf 87' lang='lat' dir='ltr'><strong>otio.</strong></span> <span class='ocrx_word' id='word_1_578' title='bbox 3689 3148 3826 3204; x_wconf 65' lang='lat' dir='ltr'><strong>Fas-</strong></span> 
     </span>
    </p>
   </div>
   <div class='ocr_carea' id='block_1_86' title="bbox 2223 3217 3828 3287">
    <p class='ocr_par' dir='ltr' id='par_1_86' title="bbox 2223 3217 3828 3287">
     <span class='ocr_line' id='line_1_86' title="bbox 2223 3217 3828 3287; baseline 0 -13"><span class='ocrx_word' id='word_1_579' title='bbox 2223 3220 2352 3274; x_wconf 92' lang='lat' dir='ltr'><strong>dum</strong></span> <span class='ocrx_word' id='word_1_580' title='bbox 2385 3219 2636 3274; x_wconf 87' lang='lat' dir='ltr'><strong>mendum</strong></span> <span class='ocrx_word' id='word_1_581' title='bbox 2670 3217 2756 3272; x_wconf 91' lang='lat' dir='ltr'><strong>hic</strong></span> <span class='ocrx_word' id='word_1_582' title='bbox 2788 3218 3082 3287; x_wconf 84' lang='lat' dir='ltr'><strong>insederat,</strong></span> <span class='ocrx_word' id='word_1_583' title='bbox 3107 3219 3287 3276; x_wconf 89' lang='lat' dir='ltr'><strong>addita</strong></span> <span class='ocrx_word' id='word_1_584' title='bbox 3318 3236 3451 3276; x_wconf 89' lang='lat' dir='ltr'><strong>voce</strong></span> <span class='ocrx_word' id='word_1_585' title='bbox 3477 3219 3685 3275; x_wconf 74' lang='lat' dir='ltr'><strong>Persas.</strong></span> <span class='ocrx_word' id='word_1_586' title='bbox 3718 3221 3828 3274; x_wconf 77' lang='lat' dir='ltr'><strong>Ne-</strong></span> 
     </span>
    </p>
   </div>
   <div class='ocr_carea' id='block_1_87' title="bbox 2222 3288 3828 3364">
    <p class='ocr_par' dir='ltr' id='par_1_87' title="bbox 2222 3288 3828 3364">
     <span class='ocr_line' id='line_1_87' title="bbox 2222 3288 3828 3364; baseline 0 -18"><span class='ocrx_word' id='word_1_587' title='bbox 2222 3308 2327 3362; x_wconf 90' lang='lat' dir='ltr'><strong>que</strong></span> <span class='ocrx_word' id='word_1_588' title='bbox 2354 3293 2495 3346; x_wconf 88' lang='lat' dir='ltr'><strong>euim</strong></span> <span class='ocrx_word' id='word_1_589' title='bbox 2540 3288 2750 3364; x_wconf 65' lang='lat' dir='ltr'><strong>Persis,</strong></span> <span class='ocrx_word' id='word_1_590' title='bbox 2802 3289 2898 3344; x_wconf 86' lang='lat' dir='ltr'><strong>sed</strong></span> <span class='ocrx_word' id='word_1_591' title='bbox 2949 3289 3326 3364; x_wconf 63' lang='lat' dir='ltr'><strong>Laecamnonii</strong></span> <span class='ocrx_word' id='word_1_592' title='bbox 3369 3291 3828 3364; x_wconf 17' lang='lat' dir='ltr'><strong>quatriduiireli—</strong></span> 
     </span>
    </p>
   </div>
   <div class='ocr_carea' id='block_1_88' title="bbox 2264 3361 3822 3426">
    <p class='ocr_par' dir='ltr' id='par_1_88' title="bbox 2264 3361 3822 3426">
     <span class='ocr_line' id='line_1_88' title="bbox 2264 3361 3822 3426; baseline 0.002 -11"><span class='ocrx_word' id='word_1_593' title='bbox 2264 3367 2386 3418; x_wconf 87' lang='lat' dir='ltr'><strong>ione</strong></span> <span class='ocrx_word' id='word_1_594' title='bbox 2409 3363 2755 3426; x_wconf 86' lang='lat' dir='ltr'><strong>tenebantur,</strong></span> <span class='ocrx_word' id='word_1_595' title='bbox 2780 3370 2838 3414; x_wconf 93' lang='lat' dir='ltr'><strong>ut</strong></span> <span class='ocrx_word' id='word_1_596' title='bbox 2866 3362 3054 3415; x_wconf 90' lang='lat' dir='ltr'><strong>scribit</strong></span> <span class='ocrx_word' id='word_1_597' title='bbox 3080 3361 3345 3423; x_wconf 83' lang='lat' dir='ltr'><strong>Justinus.</strong></span> <span class='ocrx_word' id='word_1_598' title='bbox 3392 3361 3452 3416; x_wconf 19' lang='lat' dir='ltr'><strong>iet</strong></span> <span class='ocrx_word' id='word_1_599' title='bbox 3503 3363 3822 3418; x_wconf 80' lang='lat' dir='ltr'><strong>Herodotus</strong></span> 
     </span>
    </p>
   </div>
   <div class='ocr_carea' id='block_1_89' title="bbox 2221 3381 3829 3511">
    <p class='ocr_par' dir='ltr' id='par_1_89' title="bbox 2221 3381 3829 3511">
     <span class='ocr_line' id='line_1_89' title="bbox 2264 3381 3822 3426; baseline 0.002 -11"><span class='ocrx_word' id='word_1_600' title='bbox 2264 3381 2386 3418; x_wconf 72' lang='lat' dir='ltr'><strong>none</strong></span> <span class='ocrx_word' id='word_1_601' title='bbox 2409 3381 2755 3426; x_wconf 75' lang='lat' dir='ltr'><strong>tenebantur,</strong></span> <span class='ocrx_word' id='word_1_602' title='bbox 2780 3381 2838 3414; x_wconf 86' lang='grc' dir='ltr'><strong>ιιι</strong></span> <span class='ocrx_word' id='word_1_603' title='bbox 2866 3381 3054 3415; x_wconf 84' lang='lat' dir='ltr'><strong>serum</strong></span> <span class='ocrx_word' id='word_1_604' title='bbox 3080 3381 3345 3423; x_wconf 80' lang='lat' dir='ltr'><strong>JllSllllUS.</strong></span> <span class='ocrx_word' id='word_1_605' title='bbox 3397 3381 3452 3416; x_wconf 84' lang='lat' dir='ltr'><strong>et</strong></span> <span class='ocrx_word' id='word_1_606' title='bbox 3503 3381 3822 3418; x_wconf 86' lang='lat' dir='ltr'><strong>uerououls</strong></span> 
     </span>
     <span class='ocr_line' id='line_1_90' title="bbox 2221 3381 3829 3511; baseline 0.003 -28"><span class='ocrx_word' id='word_1_607' title='bbox 2221 3381 2318 3511; x_wconf 56' lang='lat' dir='ltr'><strong>fill.</strong></span> <span class='ocrx_word' id='word_1_608' title='bbox 2353 3450 2400 3488; x_wconf 85' lang='grc' dir='ltr'>νι</span> <span class='ocrx_word' id='word_1_609' title='bbox 2426 3433 2665 3511; x_wconf 64' lang='lat' dir='ltr'><strong>apertius</strong></span> <span class='ocrx_word' id='word_1_610' title='bbox 2690 3432 2771 3511; x_wconf 67' lang='lat' dir='ltr'><strong>his</strong></span> <span class='ocrx_word' id='word_1_611' title='bbox 2789 3432 3000 3511; x_wconf 57' lang='lat' dir='ltr'><strong>verbis,</strong></span> <span class='ocrx_word' id='word_1_612' title='bbox 3027 3431 3116 3511; x_wconf 65' lang='lat' dir='ltr'><strong>:ﬂv</strong></span> <span class='ocrx_word' id='word_1_613' title='bbox 3145 3436 3242 3511; x_wconf 71' lang='grc' dir='ltr'><strong>γὰρ</strong></span> <span class='ocrx_word' id='word_1_614' title='bbox 3269 3436 3512 3511; x_wconf 68' lang='grc' dir='ltr'><strong>ἱσταμένη</strong></span> <span class='ocrx_word' id='word_1_615' title='bbox 3541 3440 3630 3490; x_wconf 83' lang='grc' dir='ltr'><strong>τοῦ</strong></span> <span class='ocrx_word' id='word_1_616' title='bbox 3666 3436 3829 3511; x_wconf 49' lang='grc' dir='ltr'><em>μηνὸς</em></span> 
     </span>
    </p>
   </div>
   <div class='ocr_carea' id='block_1_90' title="bbox 2223 3500 3832 3582">
    <p class='ocr_par' dir='ltr' id='par_1_90' title="bbox 2223 3500 3832 3582">
     <span class='ocr_line' id='line_1_91' title="bbox 2223 3500 3832 3582; baseline 0.002 -24"><span class='ocrx_word' id='word_1_617' title='bbox 2223 3508 2412 3564; x_wconf 74' lang='grc' dir='ltr'><strong>εἰνάτη·</strong></span> <span class='ocrx_word' id='word_1_618' title='bbox 2441 3500 2494 3560; x_wconf 76' lang='grc' dir='ltr'><strong>δὲ</strong></span> <span class='ocrx_word' id='word_1_619' title='bbox 2519 3507 2603 3582; x_wconf 55' lang='lat' dir='ltr'><strong>of»:</strong></span> <span class='ocrx_word' id='word_1_620' title='bbox 2634 3500 3000 3582; x_wconf 54' lang='grc' dir='ltr'><strong>ἔφξλεῦσασραι</strong></span> <span class='ocrx_word' id='word_1_621' title='bbox 3025 3500 3238 3582; x_wconf 45' lang='lat' dir='ltr'><strong>{paraui</strong></span> <span class='ocrx_word' id='word_1_622' title='bbox 3279 3513 3349 3579; x_wconf 78' lang='grc' dir='ltr'><strong>μὴ</strong></span> <span class='ocrx_word' id='word_1_623' title='bbox 3375 3500 3432 3560; x_wconf 65' lang='lat' dir='ltr'><strong>od</strong></span> <span class='ocrx_word' id='word_1_624' title='bbox 3462 3500 3682 3582; x_wconf 66' lang='grc' dir='ltr'><strong>πλήρεοξ</strong></span> <span class='ocrx_word' id='word_1_625' title='bbox 3716 3507 3832 3561; x_wconf 77' lang='grc' dir='ltr'><strong>ἐὸν-</strong></span> 
     </span>
    </p>
   </div>
   <div class='ocr_carea' id='block_1_91' title="bbox 2223 3575 3828 3641">
    <p class='ocr_par' dir='ltr' id='par_1_91' title="bbox 2223 3575 3828 3641">
     <span class='ocr_line' id='line_1_92' title="bbox 2223 3575 3828 3641; baseline -0.002 -8"><span class='ocrx_word' id='word_1_626' title='bbox 2223 3600 2309 3639; x_wconf 78' lang='grc' dir='ltr'><strong>τος</strong></span> <span class='ocrx_word' id='word_1_627' title='bbox 2331 3585 2424 3632; x_wconf 77' lang='grc' dir='ltr'><strong>τοῦ</strong></span> <span class='ocrx_word' id='word_1_628' title='bbox 2453 3575 2737 3631; x_wconf 74' lang='grc' dir='ltr'><strong>κύκλου.’ἱι1</strong></span> <span class='ocrx_word' id='word_1_629' title='bbox 2769 3587 2872 3641; x_wconf 78' lang='lat' dir='ltr'><strong>est,</strong></span> <span class='ocrx_word' id='word_1_630' title='bbox 2907 3575 3031 3628; x_wconf 81' lang='lat' dir='ltr'><strong>Erat</strong></span> <span class='ocrx_word' id='word_1_631' title='bbox 3057 3575 3194 3630; x_wconf 74' lang='lat' dir='ltr'><strong>enim</strong></span> <span class='ocrx_word' id='word_1_632' title='bbox 3223 3575 3288 3631; x_wconf 83' lang='lat' dir='ltr'><strong>eo</strong></span> <span class='ocrx_word' id='word_1_633' title='bbox 3312 3594 3480 3630; x_wconf 81' lang='lat' dir='ltr'><strong>mense</strong></span> <span class='ocrx_word' id='word_1_634' title='bbox 3511 3575 3618 3630; x_wconf 71' lang='lat' dir='ltr'><strong>dies</strong></span> <span class='ocrx_word' id='word_1_635' title='bbox 3653 3593 3828 3630; x_wconf 77' lang='lat' dir='ltr'><strong>nonus</strong></span> 
     </span>
    </p>
   </div>
   <div class='ocr_carea' id='block_1_92' title="bbox 2225 3647 3826 3719">
    <p class='ocr_par' dir='ltr' id='par_1_92' title="bbox 2225 3647 3826 3719">
     <span class='ocr_line' id='line_1_93' title="bbox 2225 3647 3826 3719; baseline -0.002 -17"><span class='ocrx_word' id='word_1_636' title='bbox 2225 3650 2384 3712; x_wconf 79' lang='lat' dir='ltr'><strong>lume,</strong></span> <span class='ocrx_word' id='word_1_637' title='bbox 2410 3665 2466 3701; x_wconf 86' lang='lat' dir='ltr'><strong>eo</strong></span> <span class='ocrx_word' id='word_1_638' title='bbox 2493 3657 2660 3702; x_wconf 84' lang='lat' dir='ltr'><strong>autem</strong></span> <span class='ocrx_word' id='word_1_639' title='bbox 2687 3647 2770 3700; x_wconf 82' lang='lat' dir='ltr'><strong>die</strong></span> <span class='ocrx_word' id='word_1_640' title='bbox 2800 3663 2853 3700; x_wconf 79' lang='lat' dir='ltr'><strong>se</strong></span> <span class='ocrx_word' id='word_1_641' title='bbox 2879 3649 3159 3701; x_wconf 68' lang='lat' dir='ltr'><strong>exercitum</strong></span> <span class='ocrx_word' id='word_1_642' title='bbox 3210 3650 3485 3702; x_wconf 78' lang='lat' dir='ltr'><strong>educturus</strong></span> <span class='ocrx_word' id='word_1_643' title='bbox 3537 3657 3826 3719; x_wconf 74' lang='lat' dir='ltr'><strong>negarunt,</strong></span> 
     </span>
    </p>
   </div>
   <div class='ocr_carea' id='block_1_93' title="bbox 2225 3718 3832 3786">
    <p class='ocr_par' dir='ltr' id='par_1_93' title="bbox 2225 3718 3832 3786">
     <span class='ocr_line' id='line_1_94' title="bbox 2225 3718 3832 3786; baseline 0.001 -13"><span class='ocrx_word' id='word_1_644' title='bbox 2225 3736 2340 3773; x_wconf 81' lang='lat' dir='ltr'><strong>rum</strong></span> <span class='ocrx_word' id='word_1_645' title='bbox 2364 3721 2488 3773; x_wconf 88' lang='lat' dir='ltr'><strong>luna</strong></span> <span class='ocrx_word' id='word_1_646' title='bbox 2515 3735 2661 3772; x_wconf 85' lang='lat' dir='ltr'><strong>suum</strong></span> <span class='ocrx_word' id='word_1_647' title='bbox 2684 3719 2855 3771; x_wconf 82' lang='lat' dir='ltr'><strong>orbem</strong></span> <span class='ocrx_word' id='word_1_648' title='bbox 2902 3719 3130 3772; x_wconf 84' lang='lat' dir='ltr'><strong>nondum</strong></span> <span class='ocrx_word' id='word_1_649' title='bbox 3178 3721 3500 3786; x_wconf 80' lang='lat' dir='ltr'><strong>contplesset.</strong></span> <span class='ocrx_word' id='word_1_650' title='bbox 3552 3718 3832 3774; x_wconf 82' lang='lat' dir='ltr'><strong>Luciautts</strong></span> 
     </span>
    </p>
   </div>
   <div class='ocr_carea' id='block_1_94' title="bbox 2226 3790 3834 3866">
    <p class='ocr_par' dir='ltr' id='par_1_94' title="bbox 2226 3790 3834 3866">
     <span class='ocr_line' id='line_1_95' title="bbox 2226 3790 3834 3866; baseline -0.001 -21"><span class='ocrx_word' id='word_1_651' title='bbox 2226 3791 2295 3845; x_wconf 90' lang='lat' dir='ltr'><strong>dc</strong></span> <span class='ocrx_word' id='word_1_652' title='bbox 2324 3791 2652 3866; x_wconf 74' lang='lat' dir='ltr'><strong>Astrologia,</strong></span> <span class='ocrx_word' id='word_1_653' title='bbox 2679 3791 2756 3866; x_wconf 53' lang='lat' dir='ltr'><strong>de</strong></span> <span class='ocrx_word' id='word_1_654' title='bbox 2770 3790 3012 3866; x_wconf 72' lang='lat' dir='ltr'><strong>Lycurgo</strong></span> <span class='ocrx_word' id='word_1_655' title='bbox 3037 3793 3114 3843; x_wconf 81' lang='lat' dir='ltr'><strong>ait</strong></span> <span class='ocrx_word' id='word_1_656' title='bbox 3145 3806 3158 3844; x_wconf 85' lang='lat'><strong>:</strong></span> <span class='ocrx_word' id='word_1_657' title='bbox 3198 3796 3286 3846; x_wconf 73' lang='lat' dir='ltr'><strong>Rati</strong></span> <span class='ocrx_word' id='word_1_658' title='bbox 3312 3791 3462 3861; x_wconf 79' lang='grc' dir='ltr'><strong>νόμον</strong></span> <span class='ocrx_word' id='word_1_659' title='bbox 3485 3794 3658 3866; x_wconf 69' lang='grc' dir='ltr'><strong>σφίσιν</strong></span> <span class='ocrx_word' id='word_1_660' title='bbox 3686 3793 3834 3846; x_wconf 67' lang='grc' dir='ltr'><strong>ἕποιο</strong></span> 
     </span>
    </p>
   </div>
   <div class='ocr_carea' id='block_1_95' title="bbox 2227 3859 3834 3939">
    <p class='ocr_par' dir='ltr' id='par_1_95' title="bbox 2227 3859 3834 3939">
     <span class='ocr_line' id='line_1_96' title="bbox 2227 3859 3834 3939; baseline -0.001 -20"><span class='ocrx_word' id='word_1_661' title='bbox 2227 3868 2389 3922; x_wconf 74' lang='grc' dir='ltr'><strong>ἦσατο</strong></span> <span class='ocrx_word' id='word_1_662' title='bbox 2415 3861 2628 3939; x_wconf 70' lang='grc' dir='ltr'><strong>μηδαμᾶ</strong></span> <span class='ocrx_word' id='word_1_663' title='bbox 2660 3859 2785 3935; x_wconf 73' lang='grc' dir='ltr'><strong>μηδέ</strong></span> <span class='ocrx_word' id='word_1_664' title='bbox 2825 3863 3123 3939; x_wconf 27' lang='grc' dir='ltr'><strong>ἔςᾼπὸὶεμον</strong></span> <span class='ocrx_word' id='word_1_665' title='bbox 3176 3859 3540 3939; x_wconf 63' lang='grc' dir='ltr'><strong>προχωρέεινξ</strong></span> <span class='ocrx_word' id='word_1_666' title='bbox 3589 3866 3711 3934; x_wconf 77' lang='grc' dir='ltr'><strong>πρὶν</strong></span> <span class='ocrx_word' id='word_1_667' title='bbox 3741 3867 3834 3922; x_wconf 77' lang='grc' dir='ltr'><strong>τήν</strong></span> 
     </span>
    </p>
   </div>
   <div class='ocr_carea' id='block_1_96' title="bbox 2228 3885 3834 4010">
    <p class='ocr_par' dir='ltr' id='par_1_96' title="bbox 2228 3885 3834 4010">
     <span class='ocr_line' id='line_1_97' title="bbox 2228 3885 3834 3939; baseline -0.001 -20"><span class='ocrx_word' id='word_1_668' title='bbox 2228 3886 2389 3922; x_wconf 80' lang='grc' dir='ltr'><strong>ησατο</strong></span> <span class='ocrx_word' id='word_1_669' title='bbox 2415 3885 2628 3934; x_wconf 77' lang='grc' dir='ltr'><strong>μηοααα</strong></span> <span class='ocrx_word' id='word_1_670' title='bbox 2660 3885 2785 3935; x_wconf 74' lang='grc' dir='ltr'><strong>μηοε</strong></span> <span class='ocrx_word' id='word_1_671' title='bbox 2825 3885 2869 3923; x_wconf 83' lang='grc' dir='ltr'><strong>ες</strong></span> <span class='ocrx_word' id='word_1_672' title='bbox 2908 3885 3025 3917; x_wconf 58' lang='grc' dir='ltr'><strong>πολε</strong></span> <span class='ocrx_word' id='word_1_673' title='bbox 3071 3885 3123 3916; x_wconf 81' lang='grc' dir='ltr'><strong>ον</strong></span> <span class='ocrx_word' id='word_1_674' title='bbox 3176 3885 3535 3939; x_wconf 71' lang='grc' dir='ltr'><strong>προχωρεειν,</strong></span> <span class='ocrx_word' id='word_1_675' title='bbox 3589 3885 3711 3934; x_wconf 75' lang='grc' dir='ltr'><strong>πρίν</strong></span> <span class='ocrx_word' id='word_1_676' title='bbox 3741 3885 3834 3922; x_wconf 78' lang='grc' dir='ltr'><strong>την</strong></span> 
     </span>
     <span class='ocr_line' id='line_1_98' title="bbox 2228 3885 3834 4010; baseline -0.003 -20"><span class='ocrx_word' id='word_1_677' title='bbox 2228 3936 2491 4010; x_wconf 46' lang='lat' dir='ltr'><strong>achanim</strong></span> <span class='ocrx_word' id='word_1_678' title='bbox 2515 3921 2711 4010; x_wconf 57' lang='grc' dir='ltr'><strong>πἏὴρεα</strong></span> <span class='ocrx_word' id='word_1_679' title='bbox 2730 3935 2986 4010; x_wconf 55' lang='grc' dir='ltr'><strong>γενέςθαι.</strong></span> <span class='ocrx_word' id='word_1_680' title='bbox 3007 3885 3279 4010; x_wconf 53' lang='grc' dir='ltr'><strong>ἄνθρηιιὶξ</strong></span> <span class='ocrx_word' id='word_1_681' title='bbox 3299 3936 3503 4005; x_wconf 69' lang='lat' dir='ltr'><strong>scripsit</strong></span> <span class='ocrx_word' id='word_1_682' title='bbox 3529 3950 3590 4010; x_wconf 69' lang='lat' dir='ltr'><strong>ne</strong></span> <span class='ocrx_word' id='word_1_683' title='bbox 3616 3949 3834 4010; x_wconf 54' lang='lat' dir='ltr'><strong>usquam</strong></span> 
     </span>
    </p>
   </div>
   <div class='ocr_carea' id='block_1_97' title="bbox 2229 4004 3833 4076">
    <p class='ocr_par' dir='ltr' id='par_1_97' title="bbox 2229 4004 3833 4076">
     <span class='ocr_line' id='line_1_99' title="bbox 2229 4004 3833 4076; baseline -0.001 -18"><span class='ocrx_word' id='word_1_684' title='bbox 2229 4007 2297 4058; x_wconf 81' lang='lat' dir='ltr'><strong>ad</strong></span> <span class='ocrx_word' id='word_1_685' title='bbox 2319 4006 2513 4058; x_wconf 83' lang='lat' dir='ltr'><strong>bellum</strong></span> <span class='ocrx_word' id='word_1_686' title='bbox 2539 4004 2658 4058; x_wconf 85' lang='lat' dir='ltr'><strong>anie</strong></span> <span class='ocrx_word' id='word_1_687' title='bbox 2711 4004 3049 4074; x_wconf 80' lang='lat' dir='ltr'><strong>plenilunium</strong></span> <span class='ocrx_word' id='word_1_688' title='bbox 3085 4004 3500 4076; x_wconf 76' lang='lat' dir='ltr'><strong>proﬁciscantur.</strong></span> <span class='ocrx_word' id='word_1_689' title='bbox 3535 4004 3687 4058; x_wconf 83' lang='lat' dir='ltr'><strong>Plato</strong></span> <span class='ocrx_word' id='word_1_690' title='bbox 3731 4005 3833 4058; x_wconf 89' lang='lat' dir='ltr'><strong>lib.</strong></span> 
     </span>
    </p>
   </div>
   <div class='ocr_carea' id='block_1_98' title="bbox 2233 4076 3832 4146">
    <p class='ocr_par' dir='ltr' id='par_1_98' title="bbox 2233 4076 3832 4146">
     <span class='ocr_line' id='line_1_100' title="bbox 2233 4076 3832 4146; baseline -0.001 -16"><span class='ocrx_word' id='word_1_691' title='bbox 2233 4092 2288 4130; x_wconf 86' lang='grc' dir='ltr'><strong>ιιι</strong></span> <span class='ocrx_word' id='word_1_692' title='bbox 2319 4076 2387 4131; x_wconf 87' lang='lat' dir='ltr'><strong>de</strong></span> <span class='ocrx_word' id='word_1_693' title='bbox 2417 4077 2668 4146; x_wconf 62' lang='lat' dir='ltr'><strong>Legibus,</strong></span> <span class='ocrx_word' id='word_1_694' title='bbox 2701 4091 2798 4130; x_wconf 91' lang='lat' dir='ltr'><strong>cur</strong></span> <span class='ocrx_word' id='word_1_695' title='bbox 2851 4077 3061 4130; x_wconf 88' lang='lat' dir='ltr'><strong>tardius</strong></span> <span class='ocrx_word' id='word_1_696' title='bbox 3113 4076 3504 4132; x_wconf 71' lang='lat' dir='ltr'><strong>Laredwinona</strong></span> <span class='ocrx_word' id='word_1_697' title='bbox 3552 4078 3832 4137; x_wconf 86' lang='lat' dir='ltr'><strong>venerint,</strong></span> 
     </span>
    </p>
   </div>
   <div class='ocr_carea' id='block_1_99' title="bbox 2233 4147 3832 4219">
    <p class='ocr_par' dir='ltr' id='par_1_99' title="bbox 2233 4147 3832 4219">
     <span class='ocr_line' id='line_1_101' title="bbox 2233 4147 3832 4219; baseline -0.001 -18"><span class='ocrx_word' id='word_1_698' title='bbox 2233 4150 2286 4201; x_wconf 92' lang='lat' dir='ltr'><strong>in</strong></span> <span class='ocrx_word' id='word_1_699' title='bbox 2316 4163 2476 4202; x_wconf 87' lang='lat' dir='ltr'><strong>causa</strong></span> <span class='ocrx_word' id='word_1_700' title='bbox 2507 4149 2671 4202; x_wconf 79' lang='lat' dir='ltr'><strong>fuisse</strong></span> <span class='ocrx_word' id='word_1_701' title='bbox 2697 4157 2847 4218; x_wconf 88' lang='lat' dir='ltr'><strong>putat</strong></span> <span class='ocrx_word' id='word_1_702' title='bbox 2877 4148 3079 4202; x_wconf 88' lang='lat' dir='ltr'><strong>bellum</strong></span> <span class='ocrx_word' id='word_1_703' title='bbox 3120 4162 3241 4202; x_wconf 91' lang='lat' dir='ltr'><strong>cum</strong></span> <span class='ocrx_word' id='word_1_704' title='bbox 3276 4147 3555 4203; x_wconf 87' lang='lat' dir='ltr'><strong>Messeniis</strong></span> <span class='ocrx_word' id='word_1_705' title='bbox 3585 4157 3832 4219; x_wconf 77' lang='lat' dir='ltr'><strong>gestum.</strong></span> 
     </span>
    </p>
   </div>
   <div class='ocr_carea' id='block_1_100' title="bbox 2232 4219 2398 4274">
    <p class='ocr_par' dir='ltr' id='par_1_100' title="bbox 2232 4219 2398 4274">
     <span class='ocr_line' id='line_1_102' title="bbox 2232 4219 2398 4274; baseline -0.024 0"><span class='ocrx_word' id='word_1_706' title='bbox 2232 4219 2398 4274; x_wconf 75' lang='lat' dir='ltr'><strong>FABR.</strong></span> 
     </span>
    </p>
   </div>
   <div class='ocr_carea' id='block_1_101' title="bbox 2304 4288 3834 4361">
    <p class='ocr_par' dir='ltr' id='par_1_101' title="bbox 2304 4288 3834 4361">
     <span class='ocr_line' id='line_1_103' title="bbox 2304 4288 3834 4361; baseline -0.002 -15"><span class='ocrx_word' id='word_1_707' title='bbox 2304 4293 2394 4346; x_wconf 89' lang='lat'><strong>18.</strong></span> <span class='ocrx_word' id='word_1_708' title='bbox 2429 4288 2615 4344; x_wconf 84' lang='lat' dir='ltr'><strong>Decem</strong></span> <span class='ocrx_word' id='word_1_709' title='bbox 2639 4291 2866 4343; x_wconf 81' lang='lat' dir='ltr'><strong>millibus</strong></span> <span class='ocrx_word' id='word_1_710' title='bbox 2891 4289 3097 4343; x_wconf 80' lang='lat' dir='ltr'><strong>civium.</strong></span> <span class='ocrx_word' id='word_1_711' title='bbox 3146 4290 3204 4344; x_wconf 87' lang='lat' dir='ltr'><strong>In</strong></span> <span class='ocrx_word' id='word_1_712' title='bbox 3229 4289 3478 4358; x_wconf 84' lang='lat' dir='ltr'><strong>vulgatis,</strong></span> <span class='ocrx_word' id='word_1_713' title='bbox 3526 4304 3633 4342; x_wconf 86' lang='lat' dir='ltr'><strong>una</strong></span> <span class='ocrx_word' id='word_1_714' title='bbox 3685 4289 3834 4361; x_wconf 85' lang='lat' dir='ltr'><strong>Aug.</strong></span> 
     </span>
    </p>
   </div>
   <div class='ocr_carea' id='block_1_102' title="bbox 2231 4361 3836 4430">
    <p class='ocr_par' dir='ltr' id='par_1_102' title="bbox 2231 4361 3836 4430">
     <span class='ocr_line' id='line_1_104' title="bbox 2231 4361 3836 4430; baseline -0.002 -14"><span class='ocrx_word' id='word_1_715' title='bbox 2231 4362 2320 4416; x_wconf 92' lang='lat' dir='ltr'><strong>ed.</strong></span> <span class='ocrx_word' id='word_1_716' title='bbox 2352 4373 2606 4428; x_wconf 87' lang='lat' dir='ltr'><strong>excepta,</strong></span> <span class='ocrx_word' id='word_1_717' title='bbox 2629 4372 2950 4416; x_wconf 82' lang='lat' dir='ltr'><strong>armatorum</strong></span> <span class='ocrx_word' id='word_1_718' title='bbox 2982 4362 3168 4415; x_wconf 83' lang='lat' dir='ltr'><strong>civium</strong></span> <span class='ocrx_word' id='word_1_719' title='bbox 3191 4364 3422 4430; x_wconf 85' lang='lat' dir='ltr'><strong>legitur;</strong></span> <span class='ocrx_word' id='word_1_720' title='bbox 3473 4361 3616 4430; x_wconf 82' lang='lat' dir='ltr'><strong>quod</strong></span> <span class='ocrx_word' id='word_1_721' title='bbox 3649 4377 3836 4414; x_wconf 81' lang='lat' dir='ltr'><strong>arma-</strong></span> 
     </span>
    </p>
   </div>
   <div class='ocr_carea' id='block_1_103' title="bbox 2236 4430 3832 4500">
    <p class='ocr_par' dir='ltr' id='par_1_103' title="bbox 2236 4430 3832 4500">
     <span class='ocr_line' id='line_1_105' title="bbox 2236 4430 3832 4500; baseline -0.001 -14"><span class='ocrx_word' id='word_1_722' title='bbox 2236 4442 2907 4500; x_wconf 70' lang='lat' dir='ltr'><strong>torumrecteexpunguut</strong></span> <span class='ocrx_word' id='word_1_723' title='bbox 2933 4449 3054 4500; x_wconf 74' lang='lat' dir='ltr'><strong>cum</strong></span> <span class='ocrx_word' id='word_1_724' title='bbox 3085 4434 3173 4487; x_wconf 85' lang='lat' dir='ltr'><strong>illa</strong></span> <span class='ocrx_word' id='word_1_725' title='bbox 3202 4433 3335 4488; x_wconf 89' lang='lat' dir='ltr'><strong>edit.</strong></span> <span class='ocrx_word' id='word_1_726' title='bbox 3391 4447 3519 4486; x_wconf 89' lang='lat' dir='ltr'><strong>mss.</strong></span> <span class='ocrx_word' id='word_1_727' title='bbox 3576 4430 3832 4486; x_wconf 86' lang='lat' dir='ltr'><strong>Florent.</strong></span> 
     </span>
    </p>
   </div>
   <div class='ocr_carea' id='block_1_104' title="bbox 2233 4489 3840 4584">
    <p class='ocr_par' dir='ltr' id='par_1_104' title="bbox 2233 4489 3840 4584">
     <span class='ocr_line' id='line_1_106' title="bbox 2233 4489 3840 4584; baseline -0.001 -26"><span class='ocrx_word' id='word_1_728' title='bbox 2233 4519 2443 4584; x_wconf 66' lang='lat' dir='ltr'><strong>omnes,</strong></span> <span class='ocrx_word' id='word_1_729' title='bbox 2477 4489 2910 4584; x_wconf 29' lang='lat' dir='ltr'><strong>C_X‘-IIISS..‘L‘tIgtL</strong></span> <span class='ocrx_word' id='word_1_730' title='bbox 2943 4489 3222 4584; x_wconf 33' lang='lat' dir='ltr'><strong>interdum</strong></span> <span class='ocrx_word' id='word_1_731' title='bbox 3254 4513 3417 4584; x_wconf 74' lang='lat' dir='ltr'><strong>atque</strong></span> <span class='ocrx_word' id='word_1_732' title='bbox 3445 4502 3619 4584; x_wconf 83' lang='lat' dir='ltr'><strong>Pc_riz.</strong></span> <span class='ocrx_word' id='word_1_733' title='bbox 3645 4502 3840 4584; x_wconf 60' lang='lat' dir='ltr'><strong>Meus-</strong></span> 
     </span>
    </p>
   </div>
   <div class='ocr_carea' id='block_1_105' title="bbox 2235 4571 3834 4646">
    <p class='ocr_par' dir='ltr' id='par_1_105' title="bbox 2235 4571 3834 4646">
     <span class='ocr_line' id='line_1_107' title="bbox 2235 4571 3834 4646; baseline 0.001 -19"><span class='ocrx_word' id='word_1_734' title='bbox 2235 4592 2360 4646; x_wconf 89' lang='lat' dir='ltr'><strong>que.</strong></span> <span class='ocrx_word' id='word_1_735' title='bbox 2387 4571 2796 4640; x_wconf 71' lang='lat' dir='ltr'><strong>Auxiliatoribus</strong></span> <span class='ocrx_word' id='word_1_736' title='bbox 2819 4571 2918 4646; x_wconf 80' lang='lat' dir='ltr'><strong>pro</strong></span> <span class='ocrx_word' id='word_1_737' title='bbox 2946 4571 3287 4630; x_wconf 57' lang='lat' dir='ltr'><strong>auxiliaribus</strong></span> <span class='ocrx_word' id='word_1_738' title='bbox 3319 4575 3482 4630; x_wconf 85' lang='lat' dir='ltr'><strong>habet</strong></span> <span class='ocrx_word' id='word_1_739' title='bbox 3507 4572 3684 4644; x_wconf 85' lang='lat' dir='ltr'><strong>Lugd.</strong></span> <span class='ocrx_word' id='word_1_740' title='bbox 3711 4574 3834 4628; x_wconf 83' lang='lat' dir='ltr'><strong>Bat.</strong></span> 
     </span>
    </p>
   </div>
   <div class='ocr_carea' id='block_1_106' title="bbox 614 4643 2320 4718">
    <p class='ocr_par' dir='ltr' id='par_1_106' title="bbox 614 4643 2320 4718">
     <span class='ocr_line' id='line_1_108' title="bbox 614 4643 2320 4718; baseline 0.004 -23"><span class='ocrx_word' id='word_1_741' title='bbox 614 4645 696 4700; x_wconf 84' lang='lat'><strong>10.</strong></span> <span class='ocrx_word' id='word_1_742' title='bbox 752 4643 992 4718; x_wconf 68' lang='lat' dir='ltr'><strong>Duxerit.</strong></span> <span class='ocrx_word' id='word_1_743' title='bbox 1045 4643 1406 4716; x_wconf 61' lang='lat' dir='ltr'><strong>Perinthiam,</strong></span> <span class='ocrx_word' id='word_1_744' title='bbox 1458 4648 1653 4703; x_wconf 82' lang='lat' dir='ltr'><strong>tulerit.</strong></span> <span class='ocrx_word' id='word_1_745' title='bbox 1698 4651 1812 4703; x_wconf 76' lang='lat' dir='ltr'><strong>Mox</strong></span> <span class='ocrx_word' id='word_1_746' title='bbox 1867 4664 2129 4701; x_wconf 81' lang='lat' dir='ltr'><strong>numerum</strong></span> <span class='ocrx_word' id='word_1_747' title='bbox 2159 4643 2320 4718; x_wconf 78' lang='lat' dir='ltr'><strong>Dpr.</strong></span> 
     </span>
    </p>
   </div>
   <div class='ocr_carea' id='block_1_107' title="bbox 537 4717 2120 4840">
    <p class='ocr_par' dir='ltr' id='par_1_107' title="bbox 537 4717 2120 4840">
     <span class='ocr_line' id='line_1_109' title="bbox 537 4717 2120 4840; baseline 0.003 -73"><span class='ocrx_word' id='word_1_748' title='bbox 537 4725 659 4840; x_wconf 60' lang='lat' dir='ltr'><strong>Eost</strong></span> <span class='ocrx_word' id='word_1_749' title='bbox 681 4717 950 4789; x_wconf 75' lang='lat' dir='ltr'><strong>quisquam</strong></span> <span class='ocrx_word' id='word_1_750' title='bbox 981 4720 1174 4791; x_wconf 71' lang='lat' dir='ltr'><strong>repezit</strong></span> <span class='ocrx_word' id='word_1_751' title='bbox 1207 4719 1372 4792; x_wconf 72' lang='lat' dir='ltr'><strong>Lugd.</strong></span> <span class='ocrx_word' id='word_1_752' title='bbox 1404 4722 1522 4777; x_wconf 89' lang='lat' dir='ltr'><strong>Bat.</strong></span> <span class='ocrx_word' id='word_1_753' title='bbox 1560 4721 1772 4786; x_wconf 87' lang='lat' dir='ltr'><strong>tertius,</strong></span> <span class='ocrx_word' id='word_1_754' title='bbox 1803 4729 1860 4774; x_wconf 90' lang='lat' dir='ltr'><strong>ut</strong></span> <span class='ocrx_word' id='word_1_755' title='bbox 1887 4728 1944 4774; x_wconf 92' lang='lat' dir='ltr'><strong>et</strong></span> <span class='ocrx_word' id='word_1_756' title='bbox 1985 4719 2120 4774; x_wconf 88' lang='lat' dir='ltr'><strong>Coll.</strong></span> 
     </span>
     <span class='ocr_line' id='line_1_110' title="bbox 588 4801 707 4840; baseline 0 0"><span class='ocrx_word' id='word_1_757' title='bbox 588 4801 707 4840; x_wconf 91' lang='lat' dir='ltr'><strong>ron.</strong></span> 
     </span>
    </p>
   </div>
   <div class='ocr_carea' id='block_1_108' title="bbox 588 4801 707 4841">
    <p class='ocr_par' dir='ltr' id='par_1_108' title="bbox 588 4801 707 4841">
     <span class='ocr_line' id='line_1_111' title="bbox 588 4801 707 4841; baseline 0 -1"><span class='ocrx_word' id='word_1_758' title='bbox 588 4801 684 4841; x_wconf 80' lang='lat' dir='ltr'><strong>l‘Ol‘l</strong></span> <span class='ocrx_word' id='word_1_759' title='bbox 693 4825 707 4840; x_wconf 82' lang='lat'><strong>.</strong></span> 
     </span>
    </p>
   </div>
   <div class='ocr_carea' id='block_1_109' title="bbox 613 4858 2130 4937">
    <p class='ocr_par' dir='ltr' id='par_1_109' title="bbox 613 4858 2130 4937">
     <span class='ocr_line' id='line_1_112' title="bbox 613 4858 2130 4937; baseline 0.001 -25"><span class='ocrx_word' id='word_1_760' title='bbox 613 4858 1038 4937; x_wconf 40' lang='lat' dir='ltr'><strong>11..Aggressua.</strong></span> <span class='ocrx_word' id='word_1_761' title='bbox 1064 4863 1198 4937; x_wconf 87' lang='lat' dir='ltr'><strong>Tres</strong></span> <span class='ocrx_word' id='word_1_762' title='bbox 1227 4863 1390 4933; x_wconf 88' lang='lat' dir='ltr'><strong>Lugd.</strong></span> <span class='ocrx_word' id='word_1_763' title='bbox 1423 4864 1562 4918; x_wconf 80' lang='lat' dir='ltr'><strong>Bait.</strong></span> <span class='ocrx_word' id='word_1_764' title='bbox 1593 4865 1895 4937; x_wconf 50' lang='lat' dir='ltr'><strong>ingressus.</strong></span> <span class='ocrx_word' id='word_1_765' title='bbox 1914 4861 1991 4937; x_wconf 66' lang='lat' dir='ltr'><strong>in</strong></span> <span class='ocrx_word' id='word_1_766' title='bbox 2019 4860 2130 4937; x_wconf 76' lang='lat' dir='ltr'><strong>Ma-</strong></span> 
     </span>
    </p>
   </div>
   <div class='ocr_carea' id='block_1_110' title="bbox 534 4927 2122 5007">
    <p class='ocr_par' dir='ltr' id='par_1_110' title="bbox 534 4927 2122 5007">
     <span class='ocr_line' id='line_1_113' title="bbox 534 4927 2122 5007; baseline 0.004 -25"><span class='ocrx_word' id='word_1_767' title='bbox 534 4927 755 5007; x_wconf 81' lang='lat' dir='ltr'><strong>cedonia</strong></span> <span class='ocrx_word' id='word_1_768' title='bbox 779 4927 892 5007; x_wconf 75' lang='lat' dir='ltr'><strong>ium</strong></span> <span class='ocrx_word' id='word_1_769' title='bbox 922 4936 1176 5004; x_wconf 87' lang='lat' dir='ltr'><strong>regnabat</strong></span> <span class='ocrx_word' id='word_1_770' title='bbox 1204 4927 1480 5007; x_wconf 72' lang='lat' dir='ltr'><strong>Amyntas,</strong></span> <span class='ocrx_word' id='word_1_771' title='bbox 1517 4927 1806 4992; x_wconf 68' lang='lat' dir='ltr'><strong>Alexandri</strong></span> <span class='ocrx_word' id='word_1_772' title='bbox 1867 4933 2122 4988; x_wconf 83' lang='lat' dir='ltr'><strong>Philelle-</strong></span> 
     </span>
    </p>
   </div>
   <div class='ocr_carea' id='block_1_111' title="bbox 537 5001 2128 5076">
    <p class='ocr_par' dir='ltr' id='par_1_111' title="bbox 537 5001 2128 5076">
     <span class='ocr_line' id='line_1_114' title="bbox 537 5001 2128 5076; baseline 0.004 -22"><span class='ocrx_word' id='word_1_773' title='bbox 537 5001 620 5054; x_wconf 87' lang='lat' dir='ltr'><strong>nis</strong></span> <span class='ocrx_word' id='word_1_774' title='bbox 645 5010 817 5076; x_wconf 79' lang='lat' dir='ltr'><strong>pater.</strong></span> <span class='ocrx_word' id='word_1_775' title='bbox 845 5002 895 5057; x_wconf 81' lang='lat' dir='ltr'><strong>Is</strong></span> <span class='ocrx_word' id='word_1_776' title='bbox 919 5001 1211 5071; x_wconf 68' lang='lat' dir='ltr'><strong>prudenter</strong></span> <span class='ocrx_word' id='word_1_777' title='bbox 1240 5001 1427 5076; x_wconf 66' lang='lat' dir='ltr'><strong>majori</strong></span> <span class='ocrx_word' id='word_1_778' title='bbox 1459 5007 1761 5063; x_wconf 88' lang='lat' dir='ltr'><strong>cedendum</strong></span> <span class='ocrx_word' id='word_1_779' title='bbox 1807 5015 1978 5071; x_wconf 87' lang='lat' dir='ltr'><strong>ratus,</strong></span> <span class='ocrx_word' id='word_1_780' title='bbox 2033 5019 2128 5076; x_wconf 87' lang='lat' dir='ltr'><strong>p0-</strong></span> 
     </span>
    </p>
   </div>
   <div class='ocr_carea' id='block_1_112' title="bbox 535 5073 2130 5147">
    <p class='ocr_par' dir='ltr' id='par_1_112' title="bbox 535 5073 2130 5147">
     <span class='ocr_line' id='line_1_115' title="bbox 535 5073 2130 5147; baseline 0.001 -19"><span class='ocrx_word' id='word_1_781' title='bbox 535 5073 707 5147; x_wconf 88' lang='lat' dir='ltr'><strong>_s_centi</strong></span> <span class='ocrx_word' id='word_1_782' title='bbox 731 5088 924 5145; x_wconf 89' lang='lat' dir='ltr'><strong>aquam</strong></span> <span class='ocrx_word' id='word_1_783' title='bbox 946 5086 1001 5132; x_wconf 93' lang='lat' dir='ltr'><strong>et</strong></span> <span class='ocrx_word' id='word_1_784' title='bbox 1030 5085 1254 5142; x_wconf 91' lang='lat' dir='ltr'><strong>terram,</strong></span> <span class='ocrx_word' id='word_1_785' title='bbox 1287 5073 1466 5134; x_wconf 71' lang='lat' dir='ltr'><strong>Persis</strong></span> <span class='ocrx_word' id='word_1_786' title='bbox 1497 5094 1556 5135; x_wconf 90' lang='lat' dir='ltr'><strong>se</strong></span> <span class='ocrx_word' id='word_1_787' title='bbox 1579 5078 1854 5145; x_wconf 88' lang='lat' dir='ltr'><strong>submisit,</strong></span> <span class='ocrx_word' id='word_1_788' title='bbox 1881 5073 2043 5147; x_wconf 84' lang='lat' dir='ltr'><strong>atque</strong></span> <span class='ocrx_word' id='word_1_789' title='bbox 2067 5075 2130 5129; x_wconf 86' lang='lat' dir='ltr'><strong>ll-</strong></span> 
     </span>
    </p>
   </div>
   <div class='ocr_carea' id='block_1_113' title="bbox 533 5142 2129 5220">
    <p class='ocr_par' dir='ltr' id='par_1_113' title="bbox 533 5142 2129 5220">
     <span class='ocr_line' id='line_1_116' title="bbox 533 5142 2129 5220; baseline 0.003 -22"><span class='ocrx_word' id='word_1_790' title='bbox 533 5142 618 5220; x_wconf 86' lang='lat' dir='ltr'><strong>li_.c</strong></span> <span class='ocrx_word' id='word_1_791' title='bbox 667 5142 806 5220; x_wconf 36' lang='lat' dir='ltr'><strong>sum;</strong></span> <span class='ocrx_word' id='word_1_792' title='bbox 837 5149 1065 5217; x_wconf 88' lang='lat' dir='ltr'><strong>nuptiis,</strong></span> <span class='ocrx_word' id='word_1_793' title='bbox 1098 5165 1259 5220; x_wconf 88' lang='lat' dir='ltr'><strong>quam</strong></span> <span class='ocrx_word' id='word_1_794' title='bbox 1301 5149 1518 5214; x_wconf 70' lang='lat' dir='ltr'><strong>Baliari,</strong></span> <span class='ocrx_word' id='word_1_795' title='bbox 1547 5151 1721 5217; x_wconf 87' lang='lat' dir='ltr'><strong>primo</strong></span> <span class='ocrx_word' id='word_1_796' title='bbox 1749 5142 1892 5220; x_wconf 60' lang='lat' dir='ltr'><strong>inter</strong></span> <span class='ocrx_word' id='word_1_797' title='bbox 1937 5142 2129 5220; x_wconf 54' lang='lat' dir='ltr'><strong>Persas</strong></span> 
     </span>
    </p>
   </div>
   <div class='ocr_carea' id='block_1_114' title="bbox 536 5211 2129 5289">
    <p class='ocr_par' dir='ltr' id='par_1_114' title="bbox 536 5211 2129 5289">
     <span class='ocr_line' id='line_1_117' title="bbox 536 5211 2129 5289; baseline 0.001 -19"><span class='ocrx_word' id='word_1_798' title='bbox 536 5215 670 5289; x_wconf 65' lang='lat' dir='ltr'><strong>viro,</strong></span> <span class='ocrx_word' id='word_1_799' title='bbox 703 5211 1087 5280; x_wconf 72' lang='lat' dir='ltr'><strong>collocaverat.</strong></span> <span class='ocrx_word' id='word_1_800' title='bbox 1117 5211 1348 5289; x_wconf 73' lang='lat' dir='ltr'><strong>regnum</strong></span> <span class='ocrx_word' id='word_1_801' title='bbox 1381 5233 1433 5275; x_wconf 93' lang='lat' dir='ltr'><strong>et</strong></span> <span class='ocrx_word' id='word_1_802' title='bbox 1465 5211 1648 5283; x_wconf 71' lang='lat' dir='ltr'><strong>pacem</strong></span> <span class='ocrx_word' id='word_1_803' title='bbox 1697 5218 1942 5276; x_wconf 90' lang='lat' dir='ltr'><strong>retinuit.</strong></span> <span class='ocrx_word' id='word_1_804' title='bbox 1995 5211 2129 5273; x_wconf 66' lang='lat' dir='ltr'><strong>Vide</strong></span> 
     </span>
    </p>
   </div>
   <div class='ocr_carea' id='block_1_115' title="bbox 538 5285 2126 5412">
    <p class='ocr_par' dir='ltr' id='par_1_115' title="bbox 538 5285 2126 5412">
     <span class='ocr_line' id='line_1_118' title="bbox 539 5285 2126 5362; baseline 0.003 -22"><span class='ocrx_word' id='word_1_805' title='bbox 539 5285 796 5343; x_wconf 85' lang='lat' dir='ltr'><strong>Herodot.</strong></span> <span class='ocrx_word' id='word_1_806' title='bbox 833 5290 927 5344; x_wconf 89' lang='lat' dir='ltr'><strong>lib.</strong></span> <span class='ocrx_word' id='word_1_807' title='bbox 958 5307 1010 5357; x_wconf 91' lang='lat' dir='ltr'><strong>v,</strong></span> <span class='ocrx_word' id='word_1_808' title='bbox 1039 5307 1160 5362; x_wconf 89' lang='lat' dir='ltr'><strong>cap.</strong></span> <span class='ocrx_word' id='word_1_809' title='bbox 1185 5285 1285 5358; x_wconf 44' lang='lat'><strong>‘17,</strong></span> <span class='ocrx_word' id='word_1_810' title='bbox 1317 5291 1406 5360; x_wconf 78' lang='lat'><strong>18,</strong></span> <span class='ocrx_word' id='word_1_811' title='bbox 1445 5291 1509 5348; x_wconf 89' lang='lat'><strong>19</strong></span> <span class='ocrx_word' id='word_1_812' title='bbox 1539 5301 1594 5348; x_wconf 91' lang='lat' dir='ltr'><strong>ct</strong></span> <span class='ocrx_word' id='word_1_813' title='bbox 1618 5292 1708 5358; x_wconf 78' lang='lat' dir='ltr'><strong>9i,</strong></span> <span class='ocrx_word' id='word_1_814' title='bbox 1738 5301 1900 5362; x_wconf 85' lang='lat' dir='ltr'><strong>atque</strong></span> <span class='ocrx_word' id='word_1_815' title='bbox 1929 5289 2126 5347; x_wconf 79' lang='lat' dir='ltr'><strong>Justiti.</strong></span> 
     </span>
     <span class='ocr_line' id='line_1_119' title="bbox 538 5356 1000 5412; baseline 0 0"><span class='ocrx_word' id='word_1_816' title='bbox 538 5356 632 5412; x_wconf 89' lang='lat' dir='ltr'><strong>lib.</strong></span> <span class='ocrx_word' id='word_1_817' title='bbox 671 5375 765 5412; x_wconf 85' lang='lat' dir='ltr'><strong>vn.</strong></span> <span class='ocrx_word' id='word_1_818' title='bbox 800 5376 918 5412; x_wconf 87' lang='lat' dir='ltr'><strong>can.</strong></span> <span class='ocrx_word' id='word_1_819' title='bbox 947 5363 1000 5412; x_wconf 76' lang='lat'><strong>3.</strong></span> 
     </span>
    </p>
   </div>
   <div class='ocr_carea' id='block_1_116' title="bbox 559 5356 1000 5422">
    <p class='ocr_par' dir='ltr' id='par_1_116' title="bbox 559 5356 1000 5422">
     <span class='ocr_line' id='line_1_120' title="bbox 559 5356 1000 5422; baseline 0.011 -10"><span class='ocrx_word' id='word_1_820' title='bbox 559 5356 632 5413; x_wconf 90' lang='lat' dir='ltr'><strong>ib.</strong></span> <span class='ocrx_word' id='word_1_821' title='bbox 671 5375 765 5422; x_wconf 84' lang='lat' dir='ltr'><strong>vn,</strong></span> <span class='ocrx_word' id='word_1_822' title='bbox 800 5376 918 5422; x_wconf 88' lang='lat' dir='ltr'><strong>cap.</strong></span> <span class='ocrx_word' id='word_1_823' title='bbox 947 5363 1000 5417; x_wconf 78' lang='grc'><strong>5.</strong></span> 
     </span>
    </p>
   </div>
   <div class='ocr_carea' id='block_1_117' title="bbox 613 5376 2131 5506">
    <p class='ocr_par' dir='ltr' id='par_1_117' title="bbox 613 5376 2131 5506">
     <span class='ocr_line' id='line_1_121' title="bbox 620 5376 1000 5417; baseline 0.011 -4"><span class='ocrx_word' id='word_1_824' title='bbox 620 5399 632 5413; x_wconf 96' lang='grc'><strong>.</strong></span> <span class='ocrx_word' id='word_1_825' title='bbox 671 5376 742 5413; x_wconf 84' lang='lat' dir='ltr'><strong>vit</strong></span> <span class='ocrx_word' id='word_1_826' title='bbox 800 5376 858 5414; x_wconf 88' lang='lat' dir='ltr'><strong>ca</strong></span> <span class='ocrx_word' id='word_1_827' title='bbox 905 5401 918 5414; x_wconf 91' lang='lat'><strong>.</strong></span> <span class='ocrx_word' id='word_1_828' title='bbox 947 5376 1000 5417; x_wconf 59' lang='grc' dir='ltr'><strong>ξ).</strong></span> 
     </span>
     <span class='ocr_line' id='line_1_122' title="bbox 613 5376 2131 5506; baseline 0.002 -23"><span class='ocrx_word' id='word_1_829' title='bbox 613 5429 697 5506; x_wconf 73' lang='lat'><strong>12.</strong></span> <span class='ocrx_word' id='word_1_830' title='bbox 737 5376 1089 5506; x_wconf 55' lang='lat' dir='ltr'><strong>lonafnavali</strong></span> <span class='ocrx_word' id='word_1_831' title='bbox 1114 5436 1492 5506; x_wconf 77' lang='lat' dir='ltr'><strong>congressione.</strong></span> <span class='ocrx_word' id='word_1_832' title='bbox 1551 5435 1629 5490; x_wconf 90' lang='lat' dir='ltr'><strong>De</strong></span> <span class='ocrx_word' id='word_1_833' title='bbox 1687 5432 2005 5506; x_wconf 75' lang='lat' dir='ltr'><strong>hoeprmlio</strong></span> <span class='ocrx_word' id='word_1_834' title='bbox 2035 5446 2131 5487; x_wconf 89' lang='lat' dir='ltr'><strong>na-</strong></span> 
     </span>
    </p>
   </div>
   <div class='ocr_carea' id='block_1_118' title="bbox 536 5501 2130 5628">
    <p class='ocr_par' dir='ltr' id='par_1_118' title="bbox 536 5501 2130 5628">
     <span class='ocr_line' id='line_1_123' title="bbox 536 5501 2130 5628; baseline 0.002 -74"><span class='ocrx_word' id='word_1_835' title='bbox 536 5501 642 5626; x_wconf 70' lang='lat' dir='ltr'><strong>lvahli</strong></span> <span class='ocrx_word' id='word_1_836' title='bbox 675 5503 961 5628; x_wconf 74' lang='lat' dir='ltr'><strong>qqulones</strong></span> <span class='ocrx_word' id='word_1_837' title='bbox 984 5523 1011 5560; x_wconf 87' lang='lat' dir='ltr'><strong>a</strong></span> <span class='ocrx_word' id='word_1_838' title='bbox 1037 5501 1364 5562; x_wconf 49' lang='lat' dir='ltr'><strong>Persis&#39;vieti</strong></span> <span class='ocrx_word' id='word_1_839' title='bbox 1388 5506 1626 5573; x_wconf 84' lang='lat' dir='ltr'><strong>fuerunt,</strong></span> <span class='ocrx_word' id='word_1_840' title='bbox 1655 5507 1768 5577; x_wconf 87' lang='lat' dir='ltr'><strong>lege</strong></span> <span class='ocrx_word' id='word_1_841' title='bbox 1792 5501 2130 5560; x_wconf 69' lang='lat' dir='ltr'><strong>Herodotum</strong></span> 
     </span>
     <span class='ocr_line' id='line_1_124' title="bbox 564 5590 937 5628; baseline 0.005 -2"><span class='ocrx_word' id='word_1_842' title='bbox 564 5590 573 5626; x_wconf 92' lang='grc' dir='ltr'><strong>ι</strong></span> <span class='ocrx_word' id='word_1_843' title='bbox 623 5614 636 5626; x_wconf 94' lang='grc'><strong>.</strong></span> <span class='ocrx_word' id='word_1_844' title='bbox 665 5590 737 5628; x_wconf 76' lang='lat' dir='ltr'><strong>vr.</strong></span> <span class='ocrx_word' id='word_1_845' title='bbox 817 5592 937 5628; x_wconf 67' lang='lat' dir='ltr'><strong>ann.</strong></span> 
     </span>
    </p>
   </div>
   <div class='ocr_carea' id='block_1_119' title="bbox 564 5590 937 5630">
    <p class='ocr_par' dir='ltr' id='par_1_119' title="bbox 564 5590 937 5630">
     <span class='ocr_line' id='line_1_125' title="bbox 564 5590 937 5630; baseline 0.011 -4"><span class='ocrx_word' id='word_1_846' title='bbox 564 5590 636 5626; x_wconf 83' lang='lat' dir='ltr'><strong>ID.</strong></span> <span class='ocrx_word' id='word_1_847' title='bbox 665 5590 737 5628; x_wconf 78' lang='grc' dir='ltr'><strong>νι.</strong></span> <span class='ocrx_word' id='word_1_848' title='bbox 775 5590 801 5628; x_wconf 78' lang='grc' dir='ltr'>ι⁴</span> <span class='ocrx_word' id='word_1_849' title='bbox 817 5592 937 5630; x_wconf 75' lang='lat' dir='ltr'><strong>ABR.</strong></span> 
     </span>
    </p>
   </div>
   <div class='ocr_carea' id='block_1_120' title="bbox 612 5645 2133 5719">
    <p class='ocr_par' dir='ltr' id='par_1_120' title="bbox 612 5645 2133 5719">
     <span class='ocr_line' id='line_1_126' title="bbox 612 5645 2133 5719; baseline 0.002 -21"><span class='ocrx_word' id='word_1_850' title='bbox 612 5645 697 5719; x_wconf 77' lang='lat'><strong>15.</strong></span> <span class='ocrx_word' id='word_1_851' title='bbox 733 5645 884 5719; x_wconf 84' lang='lat' dir='ltr'><strong>Quod</strong></span> <span class='ocrx_word' id='word_1_852' title='bbox 914 5645 1073 5703; x_wconf 84' lang='lat' dir='ltr'><strong>Ionas</strong></span> <span class='ocrx_word' id='word_1_853' title='bbox 1098 5650 1371 5703; x_wconf 78' lang='lat' dir='ltr'><strong>adversum</strong></span> <span class='ocrx_word' id='word_1_854' title='bbox 1401 5665 1454 5703; x_wconf 79' lang='lat' dir='ltr'><strong>se</strong></span> <span class='ocrx_word' id='word_1_855' title='bbox 1477 5648 1675 5702; x_wconf 79' lang='lat' dir='ltr'><strong>aurilio</strong></span> <span class='ocrx_word' id='word_1_856' title='bbox 1693 5648 1966 5719; x_wconf 83' lang='lat' dir='ltr'><strong>juvissent.</strong></span> <span class='ocrx_word' id='word_1_857' title='bbox 2005 5646 2133 5701; x_wconf 70' lang='lat' dir='ltr'><strong>Hmc</strong></span> 
     </span>
    </p>
   </div>
   <div class='ocr_carea' id='block_1_121' title="bbox 537 5715 2135 5777">
    <p class='ocr_par' dir='ltr' id='par_1_121' title="bbox 537 5715 2135 5777">
     <span class='ocr_line' id='line_1_127' title="bbox 537 5715 2135 5777; baseline 0.004 -8"><span class='ocrx_word' id='word_1_858' title='bbox 537 5715 726 5770; x_wconf 88' lang='lat' dir='ltr'><strong>eadem</strong></span> <span class='ocrx_word' id='word_1_859' title='bbox 753 5716 1000 5774; x_wconf 83' lang='lat' dir='ltr'><strong>Justinus</strong></span> <span class='ocrx_word' id='word_1_860' title='bbox 1032 5721 1126 5776; x_wconf 88' lang='lat' dir='ltr'><strong>lib.</strong></span> <span class='ocrx_word' id='word_1_861' title='bbox 1170 5737 1228 5776; x_wconf 88' lang='grc' dir='ltr'>ιι.</span> <span class='ocrx_word' id='word_1_862' title='bbox 1261 5722 1412 5776; x_wconf 82' lang='lat' dir='ltr'><strong>Plato</strong></span> <span class='ocrx_word' id='word_1_863' title='bbox 1445 5721 1497 5774; x_wconf 92' lang='lat' dir='ltr'><strong>in</strong></span> <span class='ocrx_word' id='word_1_864' title='bbox 1547 5715 1866 5777; x_wconf 75' lang='lat' dir='ltr'><strong>Menexeno.</strong></span> <span class='ocrx_word' id='word_1_865' title='bbox 1895 5720 2135 5776; x_wconf 83' lang='grc' dir='ltr'><strong>αἰτιασά-</strong></span> 
     </span>
    </p>
   </div>
   <div class='ocr_carea' id='block_1_122' title="bbox 542 5787 2138 5870">
    <p class='ocr_par' dir='ltr' id='par_1_122' title="bbox 542 5787 2138 5870">
     <span class='ocr_line' id='line_1_128' title="bbox 542 5787 2138 5870; baseline 0.001 -26"><span class='ocrx_word' id='word_1_866' title='bbox 542 5787 782 5870; x_wconf 50' lang='grc' dir='ltr'><strong>εέινρς-δὲ</strong></span> <span class='ocrx_word' id='word_1_867' title='bbox 831 5800 1034 5868; x_wconf 75' lang='grc' dir='ltr'><strong>Δαρεῖος</strong></span> <span class='ocrx_word' id='word_1_868' title='bbox 1063 5795 1199 5870; x_wconf 70' lang='grc' dir='ltr'><strong>ἡμᾶς</strong></span> <span class='ocrx_word' id='word_1_869' title='bbox 1228 5817 1281 5850; x_wconf 78' lang='grc' dir='ltr'><strong><em>τε</em></strong></span> <span class='ocrx_word' id='word_1_870' title='bbox 1321 5792 1376 5849; x_wconf 76' lang='grc' dir='ltr'><strong>δέ</strong></span> <span class='ocrx_word' id='word_1_871' title='bbox 1408 5793 1715 5870; x_wconf 50' lang='grc' dir='ltr'><strong>Ἐρετριέας)</strong></span> <span class='ocrx_word' id='word_1_872' title='bbox 1748 5790 1988 5870; x_wconf 54' lang='grc' dir='ltr'><strong>Σάρδεᾳιη</strong></span> <span class='ocrx_word' id='word_1_873' title='bbox 2030 5792 2138 5870; x_wconf 55' lang='grc' dir='ltr'><strong>ἐγει-</strong></span> 
     </span>
    </p>
   </div>
   <div class='ocr_carea' id='block_1_123' title="bbox 543 5859 2137 5937">
    <p class='ocr_par' dir='ltr' id='par_1_123' title="bbox 543 5859 2137 5937">
     <span class='ocr_line' id='line_1_129' title="bbox 543 5859 2137 5937; baseline 0.003 -23"><span class='ocrx_word' id='word_1_874' title='bbox 543 5859 817 5918; x_wconf 74' lang='grc' dir='ltr'><strong>ϐουλςῦσαι</strong></span> <span class='ocrx_word' id='word_1_875' title='bbox 846 5859 1299 5937; x_wconf 62' lang='grc' dir='ltr'><strong>πόοφασιζὸαωις,</strong></span> <span class='ocrx_word' id='word_1_876' title='bbox 1327 5873 1433 5924; x_wconf 90' lang='lat' dir='ltr'><strong>etc.</strong></span> <span class='ocrx_word' id='word_1_877' title='bbox 1465 5859 1791 5921; x_wconf 66' lang='lat' dir='ltr'><strong>&#39;t’lu&#39;tarebus</strong></span> <span class='ocrx_word' id='word_1_878' title='bbox 1814 5859 1874 5919; x_wconf 79' lang='lat' dir='ltr'><strong>in</strong></span> <span class='ocrx_word' id='word_1_879' title='bbox 1897 5860 2137 5921; x_wconf 81' lang='lat' dir='ltr'><strong>Aristide</strong></span> 
     </span>
    </p>
   </div>
   <div class='ocr_carea' id='block_1_124' title="bbox 2305 4716 3840 4796">
    <p class='ocr_par' dir='ltr' id='par_1_124' title="bbox 2305 4716 3840 4796">
     <span class='ocr_line' id='line_1_130' title="bbox 2305 4716 3840 4796; baseline -0.001 -21"><span class='ocrx_word' id='word_1_880' title='bbox 2305 4718 2392 4775; x_wconf 89' lang='lat'><strong>19.</strong></span> <span class='ocrx_word' id='word_1_881' title='bbox 2431 4717 2612 4796; x_wconf 75' lang='lat' dir='ltr'><strong>luctu.</strong></span> <span class='ocrx_word' id='word_1_882' title='bbox 2659 4717 2798 4772; x_wconf 81' lang='lat' dir='ltr'><strong>Coll.</strong></span> <span class='ocrx_word' id='word_1_883' title='bbox 2844 4717 3084 4776; x_wconf 87' lang='lat' dir='ltr'><strong>Gronov.</strong></span> <span class='ocrx_word' id='word_1_884' title='bbox 3122 4726 3178 4774; x_wconf 89' lang='lat' dir='ltr'><strong>et</strong></span> <span class='ocrx_word' id='word_1_885' title='bbox 3226 4716 3399 4789; x_wconf 80' lang='lat' dir='ltr'><strong>Lugd.</strong></span> <span class='ocrx_word' id='word_1_886' title='bbox 3459 4717 3580 4772; x_wconf 88' lang='lat' dir='ltr'><strong>Bat.</strong></span> <span class='ocrx_word' id='word_1_887' title='bbox 3633 4731 3718 4796; x_wconf 85' lang='lat' dir='ltr'><strong>pr.</strong></span> <span class='ocrx_word' id='word_1_888' title='bbox 3776 4725 3840 4773; x_wconf 90' lang='lat' dir='ltr'><strong>et</strong></span> 
     </span>
    </p>
   </div>
   <div class='ocr_carea' id='block_1_125' title="bbox 2273 4793 2593 4855">
    <p class='ocr_par' dir='ltr' id='par_1_125' title="bbox 2273 4793 2593 4855">
     <span class='ocr_line' id='line_1_131' title="bbox 2273 4793 2593 4855; baseline 0.006 -13"><span class='ocrx_word' id='word_1_889' title='bbox 2273 4800 2435 4855; x_wconf 90' lang='lat' dir='ltr'><strong>uart.,</strong></span> <span class='ocrx_word' id='word_1_890' title='bbox 2466 4793 2593 4844; x_wconf 87' lang='lat' dir='ltr'><strong>ictu.</strong></span> 
     </span>
    </p>
   </div>
   <div class='ocr_carea' id='block_1_126' title="bbox 2231 4806 3836 4932">
    <p class='ocr_par' dir='ltr' id='par_1_126' title="bbox 2231 4806 3836 4932">
     <span class='ocr_line' id='line_1_132' title="bbox 2231 4806 2593 4863; baseline 0.006 -21"><span class='ocrx_word' id='word_1_891' title='bbox 2231 4806 2435 4863; x_wconf 87' lang='lat' dir='ltr'><strong>quart.,</strong></span> <span class='ocrx_word' id='word_1_892' title='bbox 2466 4806 2593 4844; x_wconf 76' lang='lat' dir='ltr'><strong>retu.</strong></span> 
     </span>
     <span class='ocr_line' id='line_1_133' title="bbox 2299 4860 3836 4932; baseline -0.001 -16"><span class='ocrx_word' id='word_1_893' title='bbox 2299 4861 2393 4917; x_wconf 66' lang='lat'><strong>20.</strong></span> <span class='ocrx_word' id='word_1_894' title='bbox 2431 4860 2515 4916; x_wconf 80' lang='lat' dir='ltr'><strong>Ea:</strong></span> <span class='ocrx_word' id='word_1_895' title='bbox 2542 4861 2670 4918; x_wconf 85' lang='lat' dir='ltr'><strong>alia.</strong></span> <span class='ocrx_word' id='word_1_896' title='bbox 2705 4860 2880 4917; x_wconf 86' lang='lat' dir='ltr'><strong>Periz.</strong></span> <span class='ocrx_word' id='word_1_897' title='bbox 2915 4860 3111 4927; x_wconf 86' lang='lat' dir='ltr'><strong>repetit</strong></span> <span class='ocrx_word' id='word_1_898' title='bbox 3167 4869 3330 4932; x_wconf 85' lang='lat' dir='ltr'><strong>parte.</strong></span> <span class='ocrx_word' id='word_1_899' title='bbox 3363 4861 3465 4916; x_wconf 89' lang='lat' dir='ltr'><strong>Pro</strong></span> <span class='ocrx_word' id='word_1_900' title='bbox 3497 4867 3836 4930; x_wconf 73' lang='lat' dir='ltr'><strong>prwparatw,</strong></span> 
     </span>
    </p>
   </div>
   <div class='ocr_carea' id='block_1_127' title="bbox 2231 4932 3141 5001">
    <p class='ocr_par' dir='ltr' id='par_1_127' title="bbox 2231 4932 3141 5001">
     <span class='ocr_line' id='line_1_134' title="bbox 2231 4932 3141 5001; baseline -0.002 -13"><span class='ocrx_word' id='word_1_901' title='bbox 2231 4933 2401 4998; x_wconf 75' lang='lat' dir='ltr'><strong>Lngd.</strong></span> <span class='ocrx_word' id='word_1_902' title='bbox 2432 4932 2551 4988; x_wconf 86' lang='lat' dir='ltr'><strong>Bal.</strong></span> <span class='ocrx_word' id='word_1_903' title='bbox 2584 4947 2695 4988; x_wconf 89' lang='lat' dir='ltr'><strong>sec.</strong></span> <span class='ocrx_word' id='word_1_904' title='bbox 2730 4935 2889 4987; x_wconf 89' lang='lat' dir='ltr'><strong>habet</strong></span> <span class='ocrx_word' id='word_1_905' title='bbox 2921 4941 3141 5001; x_wconf 65' lang='lat' dir='ltr'><strong>parata.</strong></span> 
     </span>
    </p>
   </div>
   <div class='ocr_carea' id='block_1_128' title="bbox 2302 5001 3839 5072">
    <p class='ocr_par' dir='ltr' id='par_1_128' title="bbox 2302 5001 3839 5072">
     <span class='ocr_line' id='line_1_135' title="bbox 2302 5001 3839 5072; baseline -0.003 -12"><span class='ocrx_word' id='word_1_906' title='bbox 2302 5005 2393 5060; x_wconf 78' lang='lat' dir='ltr'><strong>c).l.</strong></span> <span class='ocrx_word' id='word_1_907' title='bbox 2425 5001 2656 5059; x_wconf 86' lang='lat' dir='ltr'><strong>Duccnta</strong></span> <span class='ocrx_word' id='word_1_908' title='bbox 2685 5005 2846 5058; x_wconf 84' lang='lat' dir='ltr'><strong>millia</strong></span> <span class='ocrx_word' id='word_1_909' title='bbox 2883 5002 3162 5058; x_wconf 81' lang='lat' dir='ltr'><strong>Persarum</strong></span> <span class='ocrx_word' id='word_1_910' title='bbox 3201 5003 3344 5068; x_wconf 82' lang='lat' dir='ltr'><strong>apud</strong></span> <span class='ocrx_word' id='word_1_911' title='bbox 3391 5019 3600 5072; x_wconf 81' lang='lat' dir='ltr'><strong>campos</strong></span> <span class='ocrx_word' id='word_1_912' title='bbox 3651 5001 3839 5056; x_wconf 57' lang='lat' dir='ltr'><strong>Mam.</strong></span> 
     </span>
    </p>
   </div>
   <div class='ocr_carea' id='block_1_129' title="bbox 2232 5073 3843 5131">
    <p class='ocr_par' dir='ltr' id='par_1_129' title="bbox 2232 5073 3843 5131">
     <span class='ocr_line' id='line_1_136' title="bbox 2232 5073 3843 5131; baseline 0 -1"><span class='ocrx_word' id='word_1_913' title='bbox 2232 5075 2456 5130; x_wconf 85' lang='lat' dir='ltr'><strong>thonios.</strong></span> <span class='ocrx_word' id='word_1_914' title='bbox 2494 5076 2621 5131; x_wconf 72' lang='lat' dir='ltr'><strong>ilzec</strong></span> <span class='ocrx_word' id='word_1_915' title='bbox 2648 5087 2730 5130; x_wconf 87' lang='lat' dir='ltr'><strong>est</strong></span> <span class='ocrx_word' id='word_1_916' title='bbox 2759 5073 2952 5128; x_wconf 89' lang='lat' dir='ltr'><strong>nobilis</strong></span> <span class='ocrx_word' id='word_1_917' title='bbox 3008 5075 3097 5129; x_wconf 88' lang='lat' dir='ltr'><strong>illa</strong></span> <span class='ocrx_word' id='word_1_918' title='bbox 3133 5078 3184 5129; x_wconf 93' lang='lat' dir='ltr'><strong>in</strong></span> <span class='ocrx_word' id='word_1_919' title='bbox 3216 5074 3534 5129; x_wconf 78' lang='lat' dir='ltr'><strong>Marathone</strong></span> <span class='ocrx_word' id='word_1_920' title='bbox 3577 5074 3843 5130; x_wconf 81' lang='lat' dir='ltr'><strong>Miltiadis</strong></span> 
     </span>
    </p>
   </div>
   <div class='ocr_carea' id='block_1_130' title="bbox 2233 5145 3838 5218">
    <p class='ocr_par' dir='ltr' id='par_1_130' title="bbox 2233 5145 3838 5218">
     <span class='ocr_line' id='line_1_137' title="bbox 2233 5145 3838 5218; baseline 0.001 -18"><span class='ocrx_word' id='word_1_921' title='bbox 2233 5146 2490 5215; x_wconf 87' lang='lat' dir='ltr'><strong>auspiciis</strong></span> <span class='ocrx_word' id='word_1_922' title='bbox 2518 5155 2792 5218; x_wconf 79' lang='lat' dir='ltr'><strong>reportata</strong></span> <span class='ocrx_word' id='word_1_923' title='bbox 2830 5146 3076 5218; x_wconf 83' lang='lat' dir='ltr'><strong>victoria,</strong></span> <span class='ocrx_word' id='word_1_924' title='bbox 3133 5145 3201 5201; x_wconf 92' lang='lat' dir='ltr'><strong>de</strong></span> <span class='ocrx_word' id='word_1_925' title='bbox 3243 5163 3346 5215; x_wconf 83' lang='lat' dir='ltr'><strong>qua</strong></span> <span class='ocrx_word' id='word_1_926' title='bbox 3402 5148 3570 5200; x_wconf 88' lang='lat' dir='ltr'><strong>multa</strong></span> <span class='ocrx_word' id='word_1_927' title='bbox 3627 5147 3838 5218; x_wconf 67' lang='lat' dir='ltr'><strong>passim</strong></span> 
     </span>
    </p>
   </div>
   <div class='ocr_carea' id='block_1_131' title="bbox 2234 5217 3847 5284">
    <p class='ocr_par' dir='ltr' id='par_1_131' title="bbox 2234 5217 3847 5284">
     <span class='ocr_line' id='line_1_138' title="bbox 2234 5217 3847 5284; baseline 0 -14"><span class='ocrx_word' id='word_1_928' title='bbox 2234 5219 2376 5284; x_wconf 90' lang='lat' dir='ltr'><strong>apud</strong></span> <span class='ocrx_word' id='word_1_929' title='bbox 2398 5232 2608 5273; x_wconf 88' lang='lat' dir='ltr'><strong>omnes.</strong></span> <span class='ocrx_word' id='word_1_930' title='bbox 2643 5217 2804 5274; x_wconf 74' lang='lat' dir='ltr'><strong>FABR.</strong></span> <span class='ocrx_word' id='word_1_931' title='bbox 2838 5246 2908 5258; x_wconf 80' lang='grc' dir='ltr'><strong>-ο</strong></span> <span class='ocrx_word' id='word_1_932' title='bbox 2933 5217 3102 5278; x_wconf 88' lang='lat' dir='ltr'><strong>Sicuti</strong></span> <span class='ocrx_word' id='word_1_933' title='bbox 3128 5218 3242 5284; x_wconf 88' lang='lat' dir='ltr'><strong>ipsa</strong></span> <span class='ocrx_word' id='word_1_934' title='bbox 3284 5217 3482 5274; x_wconf 90' lang='lat' dir='ltr'><strong>nobilis</strong></span> <span class='ocrx_word' id='word_1_935' title='bbox 3537 5217 3604 5272; x_wconf 88' lang='lat' dir='ltr'><strong>ad</strong></span> <span class='ocrx_word' id='word_1_936' title='bbox 3636 5217 3847 5271; x_wconf 61' lang='grc' dir='ltr'><strong>Μαῖα-</strong></span> 
     </span>
    </p>
   </div>
   <div class='ocr_carea' id='block_1_132' title="bbox 2236 5290 3845 5357">
    <p class='ocr_par' dir='ltr' id='par_1_132' title="bbox 2236 5290 3845 5357">
     <span class='ocr_line' id='line_1_139' title="bbox 2236 5290 3845 5357; baseline 0 -13"><span class='ocrx_word' id='word_1_937' title='bbox 2236 5292 2456 5344; x_wconf 82' lang='lat' dir='ltr'><strong>tlionem</strong></span> <span class='ocrx_word' id='word_1_938' title='bbox 2491 5305 2663 5355; x_wconf 79' lang='lat' dir='ltr'><strong>pugna</strong></span> <span class='ocrx_word' id='word_1_939' title='bbox 2693 5291 2813 5352; x_wconf 79' lang='lat' dir='ltr'><strong>fuit,</strong></span> <span class='ocrx_word' id='word_1_940' title='bbox 2845 5290 2924 5343; x_wconf 89' lang='lat' dir='ltr'><strong>sic</strong></span> <span class='ocrx_word' id='word_1_941' title='bbox 2946 5300 3162 5346; x_wconf 72' lang='lat' dir='ltr'><strong>exsmre</strong></span> <span class='ocrx_word' id='word_1_942' title='bbox 3207 5290 3453 5357; x_wconf 87' lang='lat' dir='ltr'><strong>ejusdem</strong></span> <span class='ocrx_word' id='word_1_943' title='bbox 3511 5292 3845 5345; x_wconf 86' lang='lat' dir='ltr'><strong>memoriam</strong></span> 
     </span>
    </p>
   </div>
   <div class='ocr_carea' id='block_1_133' title="bbox 2235 5359 3848 5431">
    <p class='ocr_par' dir='ltr' id='par_1_133' title="bbox 2235 5359 3848 5431">
     <span class='ocr_line' id='line_1_140' title="bbox 2235 5359 3848 5431; baseline -0.002 -17"><span class='ocrx_word' id='word_1_944' title='bbox 2235 5372 2394 5431; x_wconf 83' lang='lat' dir='ltr'><strong>atque</strong></span> <span class='ocrx_word' id='word_1_945' title='bbox 2426 5373 2692 5415; x_wconf 62' lang='lat' dir='ltr'><strong>asternum</strong></span> <span class='ocrx_word' id='word_1_946' title='bbox 2717 5362 2956 5416; x_wconf 75' lang='lat' dir='ltr'><strong>victaria:</strong></span> <span class='ocrx_word' id='word_1_947' title='bbox 2988 5361 3320 5430; x_wconf 68' lang='lat' dir='ltr'><strong>prmciinium</strong></span> <span class='ocrx_word' id='word_1_948' title='bbox 3347 5362 3635 5414; x_wconf 87' lang='lat' dir='ltr'><strong>voluerunt</strong></span> <span class='ocrx_word' id='word_1_949' title='bbox 3663 5359 3848 5413; x_wconf 79' lang='lat' dir='ltr'><strong>Mara-</strong></span> 
     </span>
    </p>
   </div>
   <div class='ocr_carea' id='block_1_134' title="bbox 2237 5431 3845 5500">
    <p class='ocr_par' dir='ltr' id='par_1_134' title="bbox 2237 5431 3845 5500">
     <span class='ocr_line' id='line_1_141' title="bbox 2237 5431 3845 5500; baseline -0.001 -13"><span class='ocrx_word' id='word_1_950' title='bbox 2237 5431 2409 5487; x_wconf 90' lang='lat' dir='ltr'><strong>thonii</strong></span> <span class='ocrx_word' id='word_1_951' title='bbox 2441 5434 2492 5486; x_wconf 92' lang='lat' dir='ltr'><strong>in</strong></span> <span class='ocrx_word' id='word_1_952' title='bbox 2527 5441 2742 5488; x_wconf 84' lang='lat' dir='ltr'><strong>moneta</strong></span> <span class='ocrx_word' id='word_1_953' title='bbox 2777 5447 2895 5492; x_wconf 76' lang='lat' dir='ltr'><strong>sua,</strong></span> <span class='ocrx_word' id='word_1_954' title='bbox 2923 5431 3075 5500; x_wconf 86' lang='lat' dir='ltr'><strong>cujus</strong></span> <span class='ocrx_word' id='word_1_955' title='bbox 3103 5431 3292 5486; x_wconf 86' lang='lat' dir='ltr'><strong>unicus</strong></span> <span class='ocrx_word' id='word_1_956' title='bbox 3322 5431 3473 5486; x_wconf 83' lang='lat' dir='ltr'><strong>hicce</strong></span> <span class='ocrx_word' id='word_1_957' title='bbox 3504 5446 3761 5484; x_wconf 89' lang='lat' dir='ltr'><strong>nummus</strong></span> <span class='ocrx_word' id='word_1_958' title='bbox 3786 5431 3845 5486; x_wconf 88' lang='lat' dir='ltr'><strong>in</strong></span> 
     </span>
    </p>
   </div>
   <div class='ocr_carea' id='block_1_135' title="bbox 2236 5501 3847 5571">
    <p class='ocr_par' dir='ltr' id='par_1_135' title="bbox 2236 5501 3847 5571">
     <span class='ocr_line' id='line_1_142' title="bbox 2236 5501 3847 5571; baseline 0 -14"><span class='ocrx_word' id='word_1_959' title='bbox 2236 5506 2537 5570; x_wconf 79' lang='lat' dir='ltr'><strong>antiquaria</strong></span> <span class='ocrx_word' id='word_1_960' title='bbox 2565 5503 2902 5571; x_wconf 80' lang='lat' dir='ltr'><strong>Supellectile</strong></span> <span class='ocrx_word' id='word_1_961' title='bbox 2931 5517 3053 5558; x_wconf 87' lang='lat' dir='ltr'><strong>sese</strong></span> <span class='ocrx_word' id='word_1_962' title='bbox 3079 5503 3206 5556; x_wconf 91' lang='lat' dir='ltr'><strong>mihi</strong></span> <span class='ocrx_word' id='word_1_963' title='bbox 3245 5503 3461 5566; x_wconf 87' lang='lat' dir='ltr'><strong>obtulit,</strong></span> <span class='ocrx_word' id='word_1_964' title='bbox 3489 5501 3692 5555; x_wconf 89' lang='lat' dir='ltr'><strong>nobilis</strong></span> <span class='ocrx_word' id='word_1_965' title='bbox 3725 5503 3847 5571; x_wconf 87' lang='lat' dir='ltr'><strong>ipse</strong></span> 
     </span>
    </p>
   </div>
   <div class='ocr_carea' id='block_1_136' title="bbox 2239 5572 3848 5642">
    <p class='ocr_par' dir='ltr' id='par_1_136' title="bbox 2239 5572 3848 5642">
     <span class='ocr_line' id='line_1_143' title="bbox 2239 5572 3848 5642; baseline -0.001 -13"><span class='ocrx_word' id='word_1_966' title='bbox 2239 5586 2292 5629; x_wconf 89' lang='lat' dir='ltr'><strong>et</strong></span> <span class='ocrx_word' id='word_1_967' title='bbox 2324 5575 2721 5639; x_wconf 82' lang='lat' dir='ltr'><strong>memorabilis;</strong></span> <span class='ocrx_word' id='word_1_968' title='bbox 2752 5577 2818 5628; x_wconf 92' lang='lat' dir='ltr'><strong>ab</strong></span> <span class='ocrx_word' id='word_1_969' title='bbox 2847 5575 3016 5628; x_wconf 89' lang='lat' dir='ltr'><strong>altera</strong></span> <span class='ocrx_word' id='word_1_970' title='bbox 3042 5575 3186 5628; x_wconf 89' lang='lat' dir='ltr'><strong>enim</strong></span> <span class='ocrx_word' id='word_1_971' title='bbox 3219 5583 3372 5642; x_wconf 84' lang='lat' dir='ltr'><strong>parte</strong></span> <span class='ocrx_word' id='word_1_972' title='bbox 3409 5572 3632 5627; x_wconf 63' lang='lat' dir='ltr'><strong>exhibet</strong></span> <span class='ocrx_word' id='word_1_973' title='bbox 3677 5588 3848 5642; x_wconf 87' lang='lat' dir='ltr'><strong>gran-</strong></span> 
     </span>
    </p>
   </div>
   <div class='ocr_carea' id='block_1_137' title="bbox 2239 5644 3844 5716">
    <p class='ocr_par' dir='ltr' id='par_1_137' title="bbox 2239 5644 3844 5716">
     <span class='ocr_line' id='line_1_144' title="bbox 2239 5644 3844 5716; baseline -0.001 -16"><span class='ocrx_word' id='word_1_974' title='bbox 2239 5646 2363 5700; x_wconf 91' lang='lat' dir='ltr'><strong>dem</strong></span> <span class='ocrx_word' id='word_1_975' title='bbox 2393 5647 2623 5700; x_wconf 79' lang='lat' dir='ltr'><strong>liiteram</strong></span> <span class='ocrx_word' id='word_1_976' title='bbox 2649 5646 2719 5709; x_wconf 80' lang='grc' dir='ltr'><strong>Μ,</strong></span> <span class='ocrx_word' id='word_1_977' title='bbox 2742 5660 2861 5716; x_wconf 70' lang='lat' dir='ltr'><strong>quae</strong></span> <span class='ocrx_word' id='word_1_978' title='bbox 2891 5644 3120 5698; x_wconf 88' lang='lat' dir='ltr'><strong>mediam</strong></span> <span class='ocrx_word' id='word_1_979' title='bbox 3146 5646 3347 5698; x_wconf 90' lang='lat' dir='ltr'><strong>nummi</strong></span> <span class='ocrx_word' id='word_1_980' title='bbox 3370 5659 3552 5698; x_wconf 86' lang='lat' dir='ltr'><strong>aream</strong></span> <span class='ocrx_word' id='word_1_981' title='bbox 3583 5654 3844 5714; x_wconf 87' lang='lat' dir='ltr'><strong>occupat,</strong></span> 
     </span>
    </p>
   </div>
   <div class='ocr_carea' id='block_1_138' title="bbox 2243 5716 3847 5785">
    <p class='ocr_par' dir='ltr' id='par_1_138' title="bbox 2243 5716 3847 5785">
     <span class='ocr_line' id='line_1_145' title="bbox 2243 5716 3847 5785; baseline -0.001 -13"><span class='ocrx_word' id='word_1_982' title='bbox 2243 5720 2443 5772; x_wconf 89' lang='lat' dir='ltr'><strong>inserta</strong></span> <span class='ocrx_word' id='word_1_983' title='bbox 2475 5731 2566 5785; x_wconf 84' lang='lat' dir='ltr'><strong>per</strong></span> <span class='ocrx_word' id='word_1_984' title='bbox 2599 5717 2835 5772; x_wconf 79' lang='lat' dir='ltr'><strong>medmm</strong></span> <span class='ocrx_word' id='word_1_985' title='bbox 2859 5731 2922 5771; x_wconf 81' lang='lat' dir='ltr'><strong>ex</strong></span> <span class='ocrx_word' id='word_1_986' title='bbox 2953 5717 3279 5770; x_wconf 88' lang='lat' dir='ltr'><strong>transversis</strong></span> <span class='ocrx_word' id='word_1_987' title='bbox 3299 5717 3555 5770; x_wconf 86' lang='lat' dir='ltr'><strong>ductibus</strong></span> <span class='ocrx_word' id='word_1_988' title='bbox 3579 5716 3847 5772; x_wconf 80' lang='lat' dir='ltr'><strong>frumenti</strong></span> 
     </span>
    </p>
   </div>
   <div class='ocr_carea' id='block_1_139' title="bbox 2242 5786 3846 5858">
    <p class='ocr_par' dir='ltr' id='par_1_139' title="bbox 2242 5786 3846 5858">
     <span class='ocr_line' id='line_1_146' title="bbox 2242 5786 3846 5858; baseline 0.002 -17"><span class='ocrx_word' id='word_1_989' title='bbox 2242 5790 2414 5858; x_wconf 85' lang='lat' dir='ltr'><strong>spica,</strong></span> <span class='ocrx_word' id='word_1_990' title='bbox 2446 5790 2511 5840; x_wconf 89' lang='lat' dir='ltr'><strong>ad</strong></span> <span class='ocrx_word' id='word_1_991' title='bbox 2544 5787 2906 5843; x_wconf 88' lang='lat' dir='ltr'><strong>denotandatn</strong></span> <span class='ocrx_word' id='word_1_992' title='bbox 2939 5789 3051 5856; x_wconf 82' lang='lat' dir='ltr'><strong>agri</strong></span> <span class='ocrx_word' id='word_1_993' title='bbox 3080 5787 3435 5843; x_wconf 79' lang='lat' dir='ltr'><strong>fertilitatem.</strong></span> <span class='ocrx_word' id='word_1_994' title='bbox 3463 5786 3846 5844; x_wconf 68' lang='lat' dir='ltr'><strong>Stthscrihstur</strong></span> 
     </span>
    </p>
   </div>
   <div class='ocr_carea' id='block_1_140' title="bbox 2245 5859 3846 5932">
    <p class='ocr_par' dir='ltr' id='par_1_140' title="bbox 2245 5859 3846 5932">
     <span class='ocr_line' id='line_1_147' title="bbox 2245 5859 3846 5932; baseline 0 -16"><span class='ocrx_word' id='word_1_995' title='bbox 2245 5861 2378 5917; x_wconf 82' lang='lat' dir='ltr'><strong>inl&#39;ra</strong></span> <span class='ocrx_word' id='word_1_996' title='bbox 2411 5868 2654 5928; x_wconf 71' lang='grc' dir='ltr'><strong>ΜΑΡΔΤ..</strong></span> <span class='ocrx_word' id='word_1_997' title='bbox 2710 5860 2849 5930; x_wconf 77' lang='lat' dir='ltr'><strong>quod</strong></span> <span class='ocrx_word' id='word_1_998' title='bbox 2903 5869 3032 5932; x_wconf 88' lang='lat' dir='ltr'><strong>puto</strong></span> <span class='ocrx_word' id='word_1_999' title='bbox 3085 5859 3281 5917; x_wconf 78' lang='lat' dir='ltr'><strong>vitiose</strong></span> <span class='ocrx_word' id='word_1_1000' title='bbox 3338 5859 3502 5917; x_wconf 75' lang='lat' dir='ltr'><strong>fuisse</strong></span> <span class='ocrx_word' id='word_1_1001' title='bbox 3554 5859 3763 5918; x_wconf 87' lang='lat' dir='ltr'><strong>lcetum</strong></span> <span class='ocrx_word' id='word_1_1002' title='bbox 3817 5876 3846 5916; x_wconf 78' lang='grc' dir='ltr'>ει</span> 
     </span>
    </p>
   </div>
  </div>
