2023 3172
236 114 286 143 ’171

934 109 1035 138 PAULI
1054 108 1168 138 OROSII

1832 104 1892 136 ’17ίὲ

233 172 345 201 Graecia:
358 170 498 206 oppidum,
514 174 525 190 ι
539 168 717 205 expugnavit.
736 166 919 196 Athenienses
934 167 1008 194 varia
1021 166 1031 181 '
1045 166 1069 196 A
1083 165 1180 194 eodem
1201 165 1262 199 die,
1284 173 1338 200 quo
1358 165 1385 193 in
1400 164 1503 194 Boeotia
1526 164 1660 193 Mardonii
1681 165 1768 201 copia;
1789 165 1892 194 deleta:

236 220 429 249 sollicitatiOue
451 217 588 246 adducere
615 217 641 245 in
658 224 734 252 spem
751 216 825 251 pacis
850 215 861 230 δ
875 220 1032 250 aggressus,

238 268 285 296 ubi
309 265 546 302 inexpugnabilem
567 272 661 292 eorum
683 264 836 292 libertatem
857 262 941 294 videt,
959 261 969 277 ⁵
990 261 1033 288 iu-

237 321 319 342 ceusa
341 313 416 341 urbis
431 316 519 347 parte,
535 312 561 338 in
579 311 712 338 Boeotiam
733 317 842 337 onmem
864 309 926 336 belli
948 316 1032 343 appa-

238 364 327 389 ratum
349 358 491 387 “deducit.
512 357 576 385 llluc
601 364 708 392 quoque
733 364 793 384 etnu
818 360 927 383 ecntum
949 355 1032 382 millia

238 406 394 435 Cra-corum
418 404 539 432 insecuta
560 407 634 435 sunt,
651 409 689 436 et,
703 403 850 430 commisso
870 403 930 429 sine
954 409 1028 429 mora

238 453 344 488 prmlio,
361 453 370 468 "
387 450 570 482 Mardonium,
593 450 690 478 deletis
711 449 797 484 copiis
820 448 916 484 ipsius,
934 449 944 465 ⁸
959 449 1034 477 velut

238 508 254 528 e
279 499 417 534 naufragio
441 497 554 530 nudum,
570 505 632 524 cum
658 497 752 532 paucis
776 497 869 532 iugere
895 496 1035 531 compule-

237 551 300 574 runt
316 554 323 572 :
340 549 428 573 castra
447 545 457 561 '
478 544 559 578 regiis
578 543 675 578 opibus
697 543 797 570 referta
822 547 964 577 ceperunt,
983 550 1036 570 non

239 600 322 627 parvo
353 590 463 626 quidem
497 589 617 625 antiquae
658 588 799 616 industria:
829 588 939 616 damno.
969 588 1035 616 Nam

237 643 298 674 post
314 639 335 655 ιο
351 637 428 672 hujus
452 636 552 672 prmda:
581 635 759 670 divisionem,
773 643 868 663 aurum
896 635 1035 663 Persicum

237 685 323 720 prima
341 686 361 703 ιι
378 683 492 711 Graecia:
513 682 621 710 virtutis
641 682 783 717 corruptio
799 681 859 709 fuit.
877 681 962 716 Urget
986 681 1036 717 igi-

240 736 283 759 tur
299 731 319 746 ¹¹
335 731 458 766 inceptus
470 729 585 757 miseros
599 734 722 757 extrema
740 728 868 764 perditio.
884 728 950 755 Nam
966 727 1035 755 forte

1088 219 1162 247 sunt,
1179 221 1242 248 pars
1253 213 1352 241 Persici
1364 213 1500 241 exercitus
1513 213 1539 240 in
1553 213 1646 241 Asia"
1658 213 1709 241 sub
1723 217 1815 241 monte
1826 213 1891 250 My-

1088 261 1146 289 cale
1165 260 1254 287 navali
1271 259 1363 295 prtulio
1378 260 1535 287 dimicabat.
1552 259 1590 287 [bi
1614 267 1703 287 novus
1718 263 1829 294 repente
1840 268 1895 287 ru-

1088 315 1147 334 mor
1157 307 1233 342 117
1247 305 1387 341 utriusque
1402 306 1498 333 classis
1511 311 1537 333 et
1551 306 1642 340 populi
1659 306 1786 340 implevit.
1802 306 1824 321 ιι
1837 313 1895 333 au-

1089 362 1143 387 rcs,
1160 354 1291 381 Mardonii
1303 354 1452 381 exstinctus
1463 353 1555 387 copias
1563 353 1672 382 Graecos
1683 354 1821 381 exstitisse
1828 354 1893 381 vic-

1089 404 1171 428 tores.
1183 400 1250 427 Mira
1260 400 1346 427 divini
1356 399 1449 434 judicii
1462 400 1608 432 ordinatio,
1618 400 1645 428 in
1656 400 1770 432 Bmotia,
1779 399 1895 427 oriente

1089 446 1157 478 sole,
1170 446 1269 473 bellum
1284 445 1369 473 fuisse
1379 446 1567 479 commissum,
1585 447 1607 463 ¹⁵
1621 447 1647 474 in
1668 447 1742 480 Asia,
1759 447 1896 474 meridia—

1090 491 1131 518 nis
1145 491 1220 518 horis
1234 491 1284 519 sub
1297 491 1392 519 eodem
1407 491 1451 519 die
1464 511 1472 525 ,
1489 491 1570 519 lautis
1585 492 1680 526 spatiis
1698 492 1780 519 maris
1794 497 1895 519 terra:-

1088 546 1141 574 que
1163 538 1387 574 interjaceutibus
1400 559 1407 571 ,
1425 538 1596 566 nuntiatum!
1615 538 1636 555 ¹⁶
1651 538 1695 566 cui
1718 539 1820 566 rutnori
1843 539 1894 566 vel

1089 587 1206 614 maxime
1219 587 1394 621 astipulatum
1409 590 1461 620 est,
1478 586 1549 622 quod
1564 586 1670 618 Persas,
1689 586 1780 613 audita
1794 585 1896 614 clades

1088 634 1235 667 sociorum,
1253 634 1370 668 primum
1385 633 1494 665 dolore,
1509 633 1608 660 dehinc
1621 632 1813 668 desperatione
1827 639 1898 660 cor—

1090 685 1184 716 reptos
1196 701 1203 715 ,
1220 688 1270 709 nec
1291 681 1364 709 bello
1381 681 1535 716 expeditos,
1552 688 1602 708 uec
1616 679 1687 716 fugae
1704 680 1808 708 habiles
1823 681 1896 709 red-

1088 727 1165 756 didit.
1193 729 1280 764 Atque
1297 728 1333 755 ita
1357 732 1551 756 consternatos
1579 727 1802 764 proﬂigatosque,
1822 735 1899 756 con-

875 787 1104 817 llAVERCAMPI
1124 788 1241 817 NOTAE.

239 849 430 886 potentissimo
444 848 569 886 illo_rcge
591 850 724 886 gesserat.
739 846 798 886 Quo
810 850 957 886 _tempore,
974 851 1001 886 et
1014 854 1029 873 a

241 882 337 921 quibus
354 885 478 921 restituta
496 882 793 921 fueritgnourinvenio,
807 882 901 921 Persa;
914 890 967 909 non
980 882 1029 909 de-

242 918 411 953 struxernnt,
425 919 483 952 sed,
499 920 577 947 etesis
590 919 695 951 incolis,
709 925 793 946 novos
807 918 1028 945 introduxerunt.

243 956 319 985 Unde
333 962 477 989 supersunt
493 955 573 982 hodie
589 955 738 982 etiamnum
756 953 934 982 nobilissima:
952 955 1032 981 istius
1048 953 1071 983 B

243 992 317 1021 urbis
339 992 453 1024 nummi,
469 996 549 1026 atque
574 999 608 1019 ex
628 990 735 1018 duobus
753 989 930 1025 sequentibus
949 997 1032 1017 unum

1084 852 1243 880 argenteum
1262 851 1354 874 servat
1366 846 1437 875 Gaza
1452 846 1648 880 Fridericiana,
1669 846 1762 875 Dianae
1773 852 1799 875 et
1815 846 1903 875 Jovis

1084 883 1156 909 cultu
1174 882 1352 917 conspicuum
1362 904 1370 915 ,
1390 887 1415 910 ct
1431 887 1543 918 propter
1558 883 1722 917 scripturam
1737 889 1904 911 ΟΛΟΝΤΙΩΝ

1086 919 1248 945 notabilem.
1283 919 1406 946 Alterum
1441 926 1542 945 :rrcum
1579 918 1734 952 suppeditat
1770 919 1903 946 Goltzius

1085 955 1279 982 communione
1301 958 1330 982 et
1342 955 1489 982 concordia
1505 954 1695 982 Toroneornm
1708 958 1792 989 atque
1809 956 1905 990 Olyn-

1087 990 1206 1017 thiorum
1221 992 1313 1026 (erant
1326 994 1416 1018 autem
1431 990 1513 1018 urbes
1527 990 1649 1026 vicinm),
1664 990 1811 1026 insignem.

534 1101 536 1104 ν
924 1081 926 1083 ’
1579 1067 1648 1106 ὶίΜ
1666 1091 1672 1107 ¹

497 1091 664 1190 δζῖἴῇῗέξ
1212 1122 1239 1183 (³
1502 1149 1530 1176 ςο
1561 1131 1584 1193 -ς

459 1169 477 1198 ί
489 1166 548 1212 κς»
698 1207 713 1233 Ι
1463 1203 1466 1204 ν

460 1277 647 1359 “
773 1306 820 1340 "il
837 1313 870 1346 23“
885 1320 889 1323 ’
909 1307 931 1343 έν
1182 1315 1189 1319 ”
1207 1307 1403 1351 δ
1534 1324 1540 1325 '
1556 1311 1704 1353 emat-MA

276 1418 305 1446 ‘2.
318 1417 495 1454 Expugnat-it.
509 1417 637 1452 Sequitur
652 1417 766 1454 Orosius
787 1417 934 1454 .lustinum.
950 1417 1039 1454 llero-

215 1455 217 1457 ’
244 1453 325 1482 (lotus
340 1453 430 1481 autem
449 1453 495 1480 lib.
512 1461 561 1480 vttt
580 1453 686 1486 scribit,
704 1453 854 1489 Olynthum
870 1461 923 1481 non
940 1461 953 1479 a
969 1453 1040 1480 Mar-

243 1490 401 1552 dunioFsetl
426 1489 514 1517 altero
543 1490 672 1524 pra-fecto
701 1490 835 1517 Artabazo
860 1493 1041 1524 expugnatam

243 1534 314 1552 (3550.
355 1533 415 1552 ABR.

243 1534 314 1553 (βεδε.
333 1533 346 1552 ιι
355 1533 415 1553 ABR.

334 1560 416 1587 Varia
439 1560 632 1589 sollicitatione.
655 1561 741 1596 Lugd.
757 1560 815 1588 Bat.
839 1568 878 1594 p..
893 1569 970 1589 vana.
987 1561 1040 1588 Sed

242 1597 366 1632 pluribus
382 1596 468 1623 modis
491 1598 674 1625 constantiam
699 1596 912 1624 Atheniensium
938 1596 1040 1624 [rustra

244 1633 357 1660 tentavit
373 1632 538 1659 Mardonius.

278 1667 306 1695 ι1.
322 1668 474 1703 Aggressus.
499 1667 584 1703 Lugd.
602 1668 672 1695 Batt.
691 1676 787 1696 omnes
810 1675 871 1695 cum
894 1667 1033 1702 Perizon.,

243 1704 310 1731 Ullr.
331 1708 358 1731 et.
381 1704 450 1731 Coll.
478 1703 598 1731 Gronov.
617 1708 701 1739 atque
723 1704 817 1738 primis
839 1704 943 1739 aliquot
969 1704 1033 1731 cdd.

242 1740 346 1775 addunt
361 1743 408 1766 cst.
425 1739 484 1766 Mox
500 1739 563 1766 vidit
579 1748 626 1773 pro
641 1740 710 1767 videt
726 1740 770 1767 ed.
787 1739 857 1775 Aug.

280 1775 306 1801 5.
329 1773 440 1801 Incensa
464 1775 639 1811 urbis-parte.
667 1776 773 1802 Partem
798 1773 870 1802 illam
897 1774 1037 1811 intelligit,

242 1818 324 1845 quam
344 1811 526 1838 Athenienses
540 1810 597 1844 jam
621 1811 786 1838 rcadilicare
806 1817 958 1845 cmperant,
975 1819 1039 1838 auc-

243 1850 304 1873 tore
324 1847 442 1873 Justino.
459 1846 612 1875 llcrodotns
626 1852 652 1874 ct
669 1847 801 1874 Diodorus
815 1846 947 1879 scribunt,
966 1847 1037 1874 Mar-

242 1881 365 1916 donium,
383 1882 502 1910 incensis
513 1883 640 1916 Athenis,
655 1884 788 1910 evertisse
799 1882 929 1917 quidquid
947 1891 1039 1909 muro-

243 1925 302 1944 rum
326 1919 480 1953 aediumque
512 1923 567 1944 tam
590 1926 731 1946 sacrarum
758 1925 840 1953 quam
863 1917 1037 1952 profanarum

243 1954 379 1988 rcliquuui
392 1958 460 1981 erat.
477 1953 560 1981 Fttaa.

278 1992 304 2017 ti.
321 1989 441 2016 Deducit.
458 1989 653 2017 Perizoniauus
668 1989 765 2022 codex,
779 1989 862 2016 ducit.
880 1989 950 2016 Edd.
964 1998 1037 2024 qum-

242 2025 303 2052 dam
320 2030 396 2060 vett.,
412 2026 439 2052 in
456 2033 557 2053 omnem
577 2025 705 2053 Baaotiam
718 2033 767 2061 pro
789 2026 816 2052 iu
840 2024 964 2052 Ba'otiam
984 2034 1039 2053 oru-

242 2069 309 2088 nem.

279 2097 305 2124 7.
335 2097 501 2124 Mardonium
528 2096 618 2124 deletis
642 2097 724 2131 copiis
751 2096 843 2132 ipsius,
856 2100 909 2123 etc.
936 2096 1038 2124 Vereor

242 2133 366 2167 equidem
383 2141 416 2160 uc
430 2133 564 2165 Justinus,
577 2133 603 2159 in
620 2140 668 2160 sua
683 2132 808 2167 Epitoma
825 2132 1036 2165 decepttts,cutn

242 2175 273 2195 ea
291 2177 349 2202 qutc
372 2168 509 2196 Artabazo
534 2168 676 2195 tribuenda
701 2172 788 2199 erant,
806 2167 839 2194 ad
865 2168 1038 2195 Mardonium

242 2205 385 2237 retulerit,
403 2204 530 2231 Orosium
555 2211 664 2237 quaque
688 2204 714 2230 in
739 2210 861 2230 errorem
890 2204 1036 2230 induxerit.

243 2239 309 2266 Nam
326 2240 491 2267 Artabazum
508 2239 658 2272 aufugisse,
676 2238 844 2266 Mardonium
860 2239 885 2265 in
900 2246 988 2273 pugna
1004 2239 1037 2266 atl

243 2275 355 2302 Plataeas
371 2274 689 2307 cecidisse,llcrodotus,
701 2273 847 2310 Diodorus,
863 2274 1036 2310 Plutarchus,

243 2310 346 2345 aliique
363 2318 459 2338 omnes
474 2309 608 2338 scribunt.
627 2309 834 2338 Pausaniaslib.
848 2316 854 2336 t
868 2310 915 2341 ait,
932 2309 1038 2337 Mardo-

243 2346 316 2373 nium
333 2353 349 2372 a
360 2346 494 2381 Spartano
515 2345 599 2373 milite
613 2346 784 2373 interiectum
800 2345 893 2372 fuisse.
909 2345 1037 2373 Interfec-

242 2387 330 2409 torem
356 2382 510 2409 Herodotus
529 2382 575 2409 lib.
599 2384 811 2417 ΙΧ,’Δὼμνηστον,
832 2381 993 2408 Plutarchus
1009 2383 1034 2409 iu

241 2417 362 2456 Aristide
376 2418 692 2456 ‘Apépyngyodnotninut.
713 2417 811 2444 Verum
824 2418 858 2456 ab
875 2417 916 2444 his
931 2417 1036 2456 dissen<

246 2454 276 2480 tit
289 2452 409 2488 Ctesias;
420 2452 466 2489 qui
482 2452 652 2489 Mardonium
673 2459 787 2488 accepto
808 2452 920 2480 vulnere
935 2453 1038 2487 fugisse

242 2489 336 2523 tradit,
353 2497 385 2517 ac
406 2488 507 2518 deinde
525 2496 540 2516 a
562 2488 652 2517 Xerxe
673 2489 788 2516 missum
807 2489 841 2516 ad
864 2489 1036 2523 spoliandum

244 2525 381 2560 Apollinis
398 2525 531 2560 templqu
555 2532 651 2560 magna
673 2525 699 2552 vi
714 2525 855 2560 grandinis
877 2532 1038 2559 oppressum

244 2559 390 2623 iIn'teriisse.
400 2559 468 2589 Eum
482 2561 563 2595 igitur
577 2559 700 2588 Justinus
711 2567 738 2588 et
750 2560 862 2588 Orosius
876 2566 1036 2596 sequuntur.

253 2603 258 2613 ⁴
266 2605 326 2623 ABR.

253 2603 326 2624 ‘ABR.

280 2634 306 2660 8.
324 2633 400 2661 Velut
415 2641 429 2661 ε
445 2632 595 2667 naufragia.
609 2632 678 2660 Tres
698 2631 784 2668 Lugd.
805 2632 863 2660 Bat.
879 2640 941 2660 cum
967 2632 1039 2661 Coll.

244 2668 377 2702 Gronov.,
395 2669 475 2696 veluti
486 2669 517 2696 de
527 2668 676 2703 naufragio.

280 2705 307 2732 9.
323 2705 421 2740 Regiis.
436 2706 503 2733 Tres
518 2704 602 2740 Lugd.
619 2705 702 2736 Batt.,
716 2712 799 2740 reges.

282 2741 325 2769 10.
344 2741 432 2778 llujus
445 2740 551 2777 prwdw.
564 2739 609 2767 Sic
625 2740 732 2778 reposui
746 2739 781 2768 ex
803 2739 864 2778 eod.
881 2739 1037 2778 Lengobar-

245 2777 317 2840 dico“,
330 2776 538 2813 astipulantibus
557 2780 661 2811 septem
677 2776 738 2804 aliis
758 2783 824 2804 mss.
842 2776 948 2810 Vulgati
963 2776 1039 2802 istius

246 2821 299 2840 arae
318 2821 350 2840 te.

245 2821 350 2848 pratum.

283 2849 326 2876 11.
336 2849 444 2877 ercite
451 2849 562 2877 virtutis.
571 2848 725 2876 Defendunt
735 2848 803 2875 hanc
815 2847 930 2876 lectione
938 2855 962 2874 m
975 2855 1036 2875 cum

247 2883 292 2912 ed.
313 2885 446 2921 principe,
459 2886 545 2921 iisque
567 2893 627 2921 qua:
650 2884 723 2913 illam
747 2888 848 2912 secutas
869 2887 944 2918 sunt,
957 2888 1039 2919 atque

1054 1627 1077 1658 t‘.

1098 1418 1168 1452 Aug.
1183 1421 1239 1444 tres
1253 1416 1333 1444 codd.
1347 1416 1496 1444 Florentiui
1518 1421 1545 1445 et
1568 1422 1623 1446 tres
1642 1418 1705 1445 item
1722 1418 1806 1452 Lugd.
1820 1419 1900 1448 Bitt.

1096 1461 1157 1481 cum
1175 1452 1246 1490 Ultr.
1271 1457 1300 1480 et
1324 1452 1393 1490 Coll.
1410 1454 1530 1481 Gronov.
1556 1454 1743 1490 atqueiV'iuc.
1766 1456 1900 1484 Bellova-

1096 1497 1187 1516 Ccnsc.
1205 1487 1304 1525 Graeca;
1321 1489 1422 1516 virtuti:
1442 1490 1546 1516 malunt
1567 1487 1631 1518 mss.
1645 1489 1730 1525 Lugd.
1745 1491 1803 1518 Βιι.
1819 1498 1898 1525 scc..

1098 1525 1222 1562 Perizon.
1238 1528 1265 1551 et.
1280 1524 1430 1562 Meuscum
1446 1525 1511 1552 edit.
1530 1525 1646 1558 llittorp.
1658 1524 1836 1562 et’Bolsuing.

1134 1562 1177 1588 12.
1194 1559 1328 1595 Inceptus.
1345 1560 1394 1586 Ed.
1409 1561 1479 1595 Aug.
1495 1567 1521 1588 et
1538 1569 1589 1588 ius.
1608 1562 1681 1588 Flor.
1698 1568 1759 1590 tert.
1775 1559 1896 1590 me'udo-

1097 1596 1376 1633 sc,_inceplos;f_i(:ttti
1393 1603 1457 1623 mox
1478 1597 1564 1630 prima
1581 1602 1609 1624 et
1623 1598 1697 1625 illam
1714 1604 1824 1630 secuL-e,
1838 1607 1899 1633 quo

1095 1633 1120 1658 in
1130 1631 1264 1670 bipalium
1286 1631 1418 1670 Murtlnnii
1433 1633 1515 1668 copia:
1528 1632 1622 1660 delata:
1636 1638 1705 1661 sunt.
1721 1635 1809 1670 Atque
1825 1631 1894 1662 dein

1091 1668 1140 1695 sub
1153 1667 1275 1694 inmuibus
1291 1668 1315 1693 Μ
1321 1667 1426 1695 iclmlcs.

1128 1702 1243 1742 1§._§tib
1259 1707 1348 1742 monte
1364 1703 1536 1742 ymles’Ev
1555 1705 1660 1742 Μυκάλῃ
1674 1710 1719 1737 τῆς
1731 1707 1833 1738 Ἰωνίης,
1847 1710 1894 1733 est

1090 1739 1161 1775 apud
1177 1738 1344 1765 Herodotum
1364 1738 1433 1766 libro
1449 1741 1554 1772 ultimo,
1570 1741 1613 1767 ubi
1632 1738 1746 1768 historia
1763 1742 1893 1775 pluribus

1090 1774 1264 1805 describitur,
1277 1775 1346 1801 sicut
1363 1779 1390 1802 et
1404 1776 1475 1809 apud
1490 1776 1637 1803 Diodorum
1653 1777 1721 1804 libro
1733 1774 1891 1805 undecimo.

1090 1810 1162 1847 Lege
1179 1809 1507 1847 prmtereall‘lmcydidcm
1521 1812 1589 1838 libro
1605 1812 1705 1846 primo.
1722 1812 1804 1840 Fann.

1129 1845 1170 1873 M.
1197 1846 1288 1873 Aures.
1306 1845 1429 1873 Gloss-ain
1445 1847 1577 1874 audientes
1590 1845 1694 1875 addunt
1709 1848 1794 1883 Lugd.
1817 1849 1893 1876 Ball.

1090 1889 1148 1920 p_r..
1161 1886 1235 1920 _tert._
1247 1886 1375 1920 et_quart.
1392 1891 1452 1910 eum
1465 1882 1534 1911 Coll.
1550 1883 1671 1911 Gronov.
1685 1892 1692 1917 ;
1708 1882 1767 1920 opes
1784 1892 1830 1920 pro
1845 1893 1891 1911 co-

1091 1918 1148 1953 pim
1161 1917 1247 1953 Lugd.
1265 1917 1336 1944 Batt-
1353 1927 1393 1952 pr.

1126 1954 1170 1992 lii.
1187 1952 1220 1979 In
1242 1954 1318 1981 Asia.
1335 1955 1485 1992 meridianis
1502 1955 1580 1982 horis.
1606 1955 1769 1983 Herodotus.
1789 1957 1823 1984 Τὸ
1843 1958 1891 1992 μὲν

1090 1990 1113 2016 ἐν
1133 1990 1278 2028 Πλαταιῆσιν
1296 1990 1366 2028 ςτρωῖ
1390 1990 1430 2028 Et}
1449 1992 1603 2028 Triarius”;
1622 1993 1716 2028 ἐγίνετο
1729 2013 1736 2025 ,
1760 1993 1789 2020 τὸ
1810 1990 1847 2020 δέἺ
1862 1994 1892 2020 ἐν

1089 2026 1204 2061 Μυκάλῃ,
1220 2027 1280 2063 περὶ
1294 2025 1384 2059 δεὶλην,
1401 2026 1485 2063 idest
1497 2025 1545 2053 ne;
1557 2025 1601 2052 'ad
1626 2025 1738 2054 Plalwas
1761 2028 1892 2055 matutino

1090 2066 1206 2098 tentpore
1228 2061 1298 2095 gesta
1313 2067 1371 2098 Vest,
1399 2061 1433 2098 ad
1458 2061 1578 2098 Mycalen
1598 2063 1752 2098 vespertino.
1774 2063 1888 2091 Orosius

1089 2096 1147 2125 JUSI
1155 2097 1227 2123 inum
1241 2097 1375 2131 sequitur.
1396 2097 1477 2125 Ἐλωί.

1128 2133 1171 2169 t6.
1198 2130 1245 2159 Cui
1262 2130 1370 2169 rumori
1395 2135 1433 2161 vel
1456 2134 1567 2160 maxime
1585 2134 1753 2169 astipulatum
1772 2139 1819 2162 est.
1836 2134 1883 2162 Sic

1089 2168 1219 2195 exhibent
1236 2168 1297 2195 cdd.
1314 2170 1450 2203 princeps,
1470 2170 1566 2201 Paris.,
1582 2169 1707 2203 Venetae,
1725 2170 1840 2203 llittorp.
1858 2175 1889 2196 ct

1091 2204 1230 2237 lloisuiug.
1243 2203 1277 2230 At
1292 2205 1457 2239 Augustam.
1473 2205 1524 2237 Qui
1535 2213 1622 2231 rumor
1636 2206 1658 2232 ci
1673 2207 1710 2232 rei
1721 2206 1759 2232 vel
1775 2206 1889 2232 maxime

1090 2239 1245 2273 «stipulatus
1261 2245 1308 2265 est.
1324 2241 1399 2272 Quod
1417 2246 1577 2276 receperunt
1593 2241 1734 2268 Fabricius
1756 2245 1784 2268 et
1807 2241 1889 2268 Scot-

1090 2278 1132 2302 tus
1145 2295 1152 2306 ,
1169 2280 1250 2308 atque
1264 2276 1355 2309 plures
1369 2285 1401 2303 ex
1426 2285 1490 2303 mss.
1506 2276 1669 2304 continuare
1687 2277 1832 2308 videntur;
1860 2278 1886 2303 ei

1091 2315 1180 2337 tamen
1196 2311 1266 2338 delet
1281 2311 1367 2343 Μυιις,
1382 2317 1407 2338 et
1421 2313 1446 2339 in
1461 2311 1547 2339 Florr.
1564 2313 1651 2345 primo
1665 2317 1692 2339 et
1706 2316 1768 2340 tcrt.
1784 2317 1826 2340 est
1840 2313 1888 2347 qui

1089 2354 1196 2373 rumore
1218 2347 1257 2374 vel
1281 2348 1392 2374 maxime
1411 2349 1448 2375 rei
1463 2347 1619 2381 ustipnlalus
1630 2352 1686 2380 est;
1719 2347 1743 2375 in
1769 2356 1824 2376 sec.
1840 2356 1887 2375 rus

1090 2381 1153 2418 (sic)
1164 2390 1246 2419 more,
1272 2387 1324 2410 etc.
1337 2404 1343 2415 ,
1359 2387 1388 2410 ut
1402 2384 1428 2411 in
1445 2392 1484 2419 pr.
1502 2383 1531 2411 Si
1546 2385 1681 2418 vulgatam
1695 2384 1808 2411 velimus
1828 2391 1889 2410 am-

1090 2417 1188 2453 plet-ti,
1214 2425 1310 2445 sensus
1326 2423 1376 2449 est.
1394 2417 1451 2452 qui‘
1464 2426 1556 2446 rumor
1570 2417 1660 2451 ei’rei,
1677 2419 1702 2446 id
1723 2424 1774 2452 est,
1798 2419 1885 2446 divini

1089 2453 1174 2488 judici
1187 2453 1365 2486 ordinatioui,
1381 2456 1539 2489 astipulatus
1552 2459 1603 2483 est.
1620 2454 1719 2482 Verum
1735 2462 1785 2489 ego
1801 2455 1885 2482 malui

1089 2493 1209 2516 veterem
1236 2490 1366 2518 reducere
1392 2491 1535 2518 lectionem
1550 2511 1557 2522 ,
1581 2491 1643 2525 quia
1667 2491 1773 2518 videtur
1799 2491 1885 2525 magis

1090 2525 1232 2553 commode
1258 2525 1342 2553 ﬂuere
1368 2527 1456 2553 oratio
1472 2548 1479 2559 ,
1510 2527 1659 2560 prtcsettim
1684 2526 1705 2552 si
1735 2534 1783 2559 pro
1811 2526 1887 2553 clade

1095 2560 1196 2595 (prouti
1219 2568 1315 2597 omnes
1341 2562 1480 2597 exlubeut)
1506 2561 1657 2589 scribamus
1682 2561 1787 2594 clades,
1813 2562 1887 2593 quod

1094 2596 1206 2624 omnino
1219 2596 1326 2624 videtur
1340 2605 1450 2632 poscere
1464 2604 1560 2624 sensus
1573 2618 1580 2626 .
1596 2603 1677 2631 atque
1696 2597 1780 2624 miror
1805 2597 1888 2624 alicui

1093 2633 1120 2660 in
1136 2637 1253 2659 mentem
1271 2640 1323 2659 non
1337 2634 1454 2660 venisse.
1470 2633 1525 2660 Nisi
1541 2632 1612 2660 enim
1628 2632 1698 2659 hunc
1711 2632 1887 2659 admittamus

1092 2667 1325 2701 emendationem,
1345 2669 1446 2696 nullum
1470 2669 1600 2701 verbum,
1627 2668 1698 2695 nulla
1724 2676 1774 2694 vox
1802 2669 1827 2694 in
1853 2668 1889 2695 iis

1091 2712 1151 2739 qua:
1167 2704 1325 2738 przcccdunt
1345 2706 1462 2732 occurrit
1476 2726 1483 2737 ,
1499 2704 1544 2731 cui
1569 2704 1735 2731 conveniant
1758 2712 1818 2736 quas
1843 2711 1889 2731 sc-

1091 2745 1221 2774 quuutur,
1237 2747 1282 2766 nec
1296 2739 1364 2766 bello
1379 2739 1512 2775 expeditos
1522 2760 1529 2772 ,
1544 2745 1597 2768 etc.
1607 2762 1614 2774 ,
1631 2740 1752 2766 reddidit.
1771 2739 1798 2766 Id
1811 2740 1888 2767 enim

1092 2776 1155 2803 fecit
1165 2776 1256 2802 audita
1270 2775 1357 2803 clades
1372 2776 1512 2809 sociorum,
1526 2783 1574 2810 pro
1583 2783 1638 2811 quo
1649 2775 1746 2802 melius
1761 2779 1888 2807 potuerat

1091 2812 1209 2839 scribere
1223 2811 1334 2839 Orosius
1355 2819 1482 2845 suorum;
1502 2819 1563 2839 nam
1582 2811 1672 2838 Persae
1694 2811 1802 2838 fuerunt
1817 2833 1824 2843 ,
1840 2811 1888 2846 qui

1092 2846 1235 2884 inAGrtccia
1251 2847 1389 2884 perierunt
1399 2867 1406 2878 ,
1424 2847 1503 2875 sicuti
1516 2852 1541 2876 et
1556 2847 1599 2875 hic
1611 2846 1700 2876 Persa:
1711 2868 1718 2881 ,
1735 2846 1780 2882 qui
1792 2851 1884 2874 certa-

1091 2882 1165 2912 mine
1177 2882 1266 2912 navali
1281 2883 1345 2912 victi
1359 2884 1478 2912 fuerunt.
