4092 6346
367 317 477 376 789

1405 318 1873 380 HISTORIARUM
1914 315 2120 380 LIBER
2157 321 2223 381 ΙΙ.
2267 325 2415 382 CAP.
2462 325 2649 384 XVIII.

3563 339 3668 399 790

365 433 521 488 tione
548 432 778 501 retinet,
807 431 1059 504 precibus
1091 433 1242 506 ligat,
1278 450 1589 507 proponens
1617 447 1745 492 ante
1770 437 1956 496 oculos
1983 440 2035 502 A
2063 439 2340 520 dinantur,
2373 441 2638 499 valerent.
2688 441 2793 502 Sed
2847 444 2984 503 adeo
3027 445 3132 505 hoc
3179 449 3321 508 idem
3366 452 3619 525 placitum
3649 496 3666 523 ,

363 541 592 595 eorum,
616 542 752 597 quos
781 527 963 600 fugere
987 528 1070 585 vel
1111 528 1177 583 ad
1205 545 1339 600 quos
1368 531 1615 602 refugere
1651 534 1694 563 ’⁷
1730 534 1963 602 vellent,

363 619 507 686 sibi,
536 619 799 678 adversus
833 622 1048 693 triginta
1078 621 1332 679 dominos
1352 667 1366 690 ,
1397 639 1503 678 non
1531 623 1793 681 adversus
1821 625 1967 682 cives

363 713 623 782 πήξει-οε,
654 715 852 770 bellum
876 730 998 771 esse
1019 726 1353 787 susceptum.
1372 716 1512 787 Quin
1545 719 1724 788 potius
1750 733 1962 786 omnes,

360 804 462 874 qui
491 821 550 862 se
583 807 934 864 meminerint
957 823 1079 864 esse
1107 809 1498 876 Athenienses,
1528 811 1678 881 sequi
1710 821 1963 883 oportere

361 898 780 955 Atheniensium
806 901 1074 956 libertatis
1099 901 1322 958 ultores.
1350 902 1536 975 Itaque
1559 904 1674 960 lucc
1695 906 1742 936 ’⁸
1763 904 1962 960 adhor-

363 991 506 1046 tatio
554 999 761 1048 tantum
795 993 937 1064 apud
973 1009 1068 1050 eos
1100 993 1290 1063 valuit,
1327 1005 1385 1050 ut
1416 1010 1537 1050 mox
1571 999 1773 1052 reversi
1805 997 1855 1053 in
1887 993 1962 1054 ci-

359 1085 588 1140 vitatem
629 1095 886 1158 tyrannos
917 1101 1043 1142 arce
1081 1086 1349 1144 decedere
1377 1097 1540 1160 atque
1572 1091 1615 1123 '9
1647 1083 1957 1146 Eleusinam

358 1173 598 1244 migrare
619 1177 1020 1247 compulerint:
1053 1180 1142 1249 qui
1163 1222 1178 1248 ,
1223 1187 1509 1251 postquam
1542 1181 1595 1235 in
1640 1181 1956 1238 societatem

359 1267 514 1323 urbis
539 1268 688 1326 cives
713 1285 875 1341 suos,
908 1281 1135 1328 eatenus
1163 1273 1403 1340 exsules,
1427 1273 1472 1305 ⁹⁰
1499 1283 1842 1344 receperunt,
1871 1286 1955 1350 ty-

358 1377 564 1418 rannos
591 1363 643 1417 in
669 1363 870 1421 bellum
898 1363 1241 1424 temulatione
1261 1365 1545 1434 suscitant,
1570 1370 1765 1440 quibus
1787 1370 1953 1427 liber-

359 1457 444 1510 tas
466 1455 694 1536 aliorum
717 1459 868 1529 quasi
891 1458 1132 1530 ipsorum
1155 1459 1387 1516 servitus
1410 1457 1955 1521 vldebatur.“1‘unc

359 1547 564 1605 indicta
598 1566 801 1623 pugna,
834 1568 957 1609 cum
988 1554 1138 1624 prius
1167 1555 1322 1623 quasi
1355 1554 1422 1609 ad
1447 1555 1790 1626 colloquium
1823 1573 1954 1614 con-

356 1642 634 1711 venirent,
664 1646 1018 1702 circumventi
1046 1645 1282 1715 insidiis,
1319 1648 1488 1703 veluti
1513 1649 1663 1720 pacis
1691 1650 1946 1719 victimas,

357 1734 739 1794 trucidantur:
771 1737 813 1769 "
847 1739 919 1794 ita
967 1738 1202 1794 revocati
1257 1738 1308 1793 in
1342 1755 1529 1809 unum,
1578 1749 1702 1812 post
1729 1739 1774 1773 ³³
1799 1740 1950 1798 inex-

2073 534 2118 569 ‘9
2149 535 2288 590 inter
2318 537 2432 606 ipsa
2463 552 2600 607 pene
2627 537 2810 608 placiti
2857 541 3024 597 verba
3064 555 3374 616 corruptum
3406 557 3522 614 est,
3562 559 3622 603 ut
3645 591 3662 615 .

2065 627 2162 684 vix
2193 630 2569 686 intercedente
2614 631 2865 698 biennio,
2896 634 2940 667 ⁸ο
2965 635 3218 692 Socrates
3252 639 3375 705 ille,
3419 641 3658 696 clarissi-

2069 735 2188 779 mus
2220 723 2690 795 philosophorum,
2719 726 2942 782 adactus
2974 730 3147 798 malls,
3167 744 3380 786 veneno
3403 731 3501 787 sibi
3523 732 3665 802 apud

2066 812 2164 870 eos
2205 815 2365 870 vitam
2406 818 2740 874 extorserit:
2775 819 2970 875 deinde
3003 821 3087 875 vix
3118 821 3472 891 quadraginta
3503 823 3664 878 anuis

2065 903 2571 970 intervenientibus.
2601 918 2661 966 ut
2700 910 2800 966 alia
2832 911 3046 979 sileam,
3080 914 3239 970 iidem
3269 915 3656 987 Athenienses,

2062 987 2311 1072 adempta
2354 1001 2455 1056 sibi
2502 1002 2717 1072 penitus
2749 1004 3029 1073 libertate,
3067 1007 3166 1062 sub
3196 1007 3444 1078 Philippo
3475 1007 3650 1062 Mace-

2060 1091 2260 1148 donum
2291 1109 2416 1162 rege
2438 1092 2480 1124 ιι
2505 1094 2817 1150 servierint.
2851 1095 3232 1153 Verumtamen
3267 1097 3657 1169 sapientissini

2059 1186 2298 1242 Omnium
2351 1184 2745 1253 Athenienses,
2790 1188 2951 1243 etiam
3004 1190 3115 1244 suis
3143 1191 3300 1245 malis
3327 1192 3460 1247 satis
3481 1191 3652 1259 docti,

2059 1278 2103 1314 ⁴²
2118 1279 2407 1334 concordia
2433 1278 2682 1334 minimas
2705 1294 2792 1336 res
2811 1295 3078 1349 crescere,
3099 1281 3368 1338 discordia
3391 1282 3656 1338 maximas

2058 1369 2186 1439 labi,
2215 1369 2261 1403 ⁸³
2285 1379 2586 1441 ειιηοιειίιιιθ
2608 1371 2690 1427 vel
2723 1373 2882 1439 bona,
2908 1373 3166 1430 veletiam
3185 1375 3347 1450 mala,
3368 1390 3489 1454 qum
3522 1373 3656 1429 foris

2053 1471 2335 1534 geruntur,
2367 1462 2595 1518 internis
2621 1475 2742 1518 esse
2773 1464 3012 1520 radicata
3039 1473 3094 1521 et
3118 1463 3652 1537 emissa'principiis,

2053 1555 2197 1614 domi
2223 1557 2530 1613 abstersere
2557 1556 2698 1621 odia,
2740 1565 2792 1612 et
2821 1556 2952 1612 foris
2981 1557 3122 1613 bella
3151 1557 3650 1629 presserunt:reli-

2053 1657 2393 1720 queruntqne
2421 1647 2654 1719 posteris
2689 1648 2801 1705 suis
2828 1648 2873 1683 “
2903 1647 2970 1706 de
3000 1650 3155 1706 ruina
3184 1650 3265 1706 sui
3303 1651 3606 1722 exemplum
3625 1696 3642 1722 ,

2049 1733 2117 1794 de
2141 1741 2485 1810 reparatione
2513 1739 2832 1798 consilium:
2854 1741 2899 1797 si
2931 1750 3108 1798 tamen
3137 1740 3650 1799 obiullrmissimam

356 1825 586 1895 plebiles
609 1843 928 1900 magnorum
957 1827 1226 1902 lacrymas
1251 1829 1597 1901 gaudiorum,
1628 1829 1745 1888 haec
1773 1833 1945 1904 prima
1977 1827 2025 1892 B
2052 1827 2301 1887 humanae
2327 1833 2524 1888 mentis
2549 1832 2980 1902 mutabilitatem,
3004 1833 3146 1906 quod
3175 1833 3228 1890 in
3257 1831 3470 1891 afﬂictis
3490 1833 3654 1892 rebus

358 1916 404 1947 ³⁸
430 1915 746 1975 fundamina
779 1931 1113 1992 recuperata:
1145 1919 1411 1977 libertatis
1459 1922 1782 1990 instaurant,
1827 1939 1952 1995 pro-

354 2012 904 2084 positajurisjurandi
928 2011 1346 2081 contestatione,
1380 2014 1453 2070 uti
1485 2014 1798 2082 discordiae,
1834 2015 1952 2072 ani-

356 2105 745 2177 mositatesque
787 2109 1112 2179 prmteritte,
1168 2108 1220 2163 in
1271 2107 1601 2164 oblivionem
1636 2116 1950 2180 perpetuam

355 2204 521 2268 atque
546 2197 850 2256 immortale
870 2199 1143 2255 silentium
1171 2197 1534 2254 deducantur.
1563 2201 1717 2269 Quod
1747 2203 1952 2272 pactio-

354 2291 440 2346 nis
485 2307 656 2360 genus
702 2293 855 2363 quasi
904 2293 950 2325 ³³
1005 2307 1197 2348 novam
1228 2293 1356 2347 vita:
1388 2294 1804 2362 institutionem,
1849 2311 1948 2351 no-

353 2397 584 2453 vamque
610 2383 923 2440 felicitatem
955 2394 1131 2440 status
1155 2384 1239 2440 sui
1267 2383 1648 2452 informantes,
1673 2388 1717 2418 ³³
1740 2402 1956 2443 amnes-

354 2474 483 2529 tiam
524 2484 884 2543 vocaverunt,
927 2476 978 2532 id
1020 2486 1135 2542 est,
1186 2475 1538 2532 abolitionem
1590 2478 1744 2550 137
1785 2479 1954 2535 malo-

353 2584 499 2624 rum.
519 2569 562 2601 ³⁷
581 2569 996 2639 Sapientisslma
1023 2571 1458 2636 Atheniensimn,
1494 2572 1800 2642 prmsertim
1831 2581 1954 2642 post

352 2671 503 2717 tanta
533 2663 870 2718 miseriarum
900 2663 1250 2730 documenta,
1278 2664 1517 2734 provisio
1550 2681 1562 2718 :
1588 2664 1634 2718 si
1661 2680 1768 2735 quo
1791 2674 1950 2736 pacto

352 2769 444 2812 res
493 2755 742 2811 humana:
773 2765 1029 2812 manente
1058 2769 1330 2811 consensu
1358 2755 1634 2810 hominum
1655 2799 1669 2824 ,
1704 2755 1750 2788 ³⁸
1778 2764 1834 2811 ιιι
1861 2770 1950 2811 οι·-

2053 1924 2375 1994 consulitur,
2406 1926 2457 1982 in
2492 1926 2765 1998 prosperis
2786 1936 3116 1984 servaretur.

2527 2038 2687 2112 ηε
2715 2037 2947 2096 CAPUT
2993 2033 3184 2096 xvut.

2059 2128 2136 2184 De
2167 2129 2299 2185 bello
2317 2130 2454 2184 cit-ili
2487 2130 2620 2202 inter
2637 2129 2987 2202 Artaxerxem
3009 2141 3058 2202 et
3082 2131 3275 2202 Cyrum
3305 2131 3442 2201 ﬁlios
3473 2129 3649 2202 Darii,

2129 2206 2270 2274 quod
2296 2201 2814 2274 parricidio/initum
2847 2203 2968 2274 fuit.
2998 2197 3077 2256 De
3107 2197 3402 2258 tct‘rwm'otu
3428 2201 3650 2268 Siciliat,

2129 2271 2178 2327 et
2207 2271 2446 2328 Atalante
2467 2271 2640 2326 insula
2671 2273 2829 2342 facta.

2129 2382 2324 2440 Iisdem
2350 2385 2462 2441 fere
2492 2384 2684 2441 diebus
2715 2381 2731 2415 ί
2761 2383 2969 2441 bellum
3009 2382 3194 2452 clvlle,
3225 2385 3246 2415 ²
3271 2382 3438 2440 immo
3481 2384 3650 2440 etiam

2059 2477 2342 2549 plusquam
2370 2477 2556 2544 civile,
2581 2477 2670 2533 vix
2701 2477 2996 2549 parricidio
3024 2477 3406 2542 terminatum,
3429 2477 3494 2533 ad
3517 2475 3648 2533 Per-

2057 2583 2146 2624 sas
2173 2569 2488 2640 gerebatur.
2531 2566 2748 2623 Mortuo
2786 2569 2934 2624 enim
2961 2580 3091 2640 rege
3121 2565 3302 2635 Dario,
3329 2583 3450 2625 cum
3480 2569 3646 2624 Arta-

2054 2677 2250 2717 xerxes
2276 2670 2330 2716 et
2361 2661 2665 2732 Cyrus,lilii
2684 2661 2904 2731 cjus,de
2936 2675 3105 2732 regno
3134 2661 3494 2732 ambigerent,
3521 2671 3638 2718 tan-

2052 2753 2175 2807 dcm
2202 2753 2409 2823 magnis
2432 2751 2804 2822 apparatibus,
2841 2751 2862 2782 ³
2893 2753 3101 2824 magnis
3132 2752 3540 2822 provinciarum
3569 2769 3635 2810 ac

1633 2909 2083 2972 HAVERCAMI‘I
2119 2913 2348 2972 NOTAE.

422 3031 514 3087 21.
563 3031 788 3088 Vellent.
813 3032 983 3103 Lugd.
1013 3032 1130 3087 Bat.
1159 3039 1278 3086 tert.
1306 3039 1362 3087 et
1382 3029 1522 3086 Coll.
1548 3031 1790 3088 Gronov.
1820 3047 1943 3088 cum

349 3104 438 3160 ed.
464 3106 626 3175 Aug.,
647 3105 822 3160 velint.
846 3106 974 3160 Mss.
997 3104 1160 3159 lidcm
1185 3104 1236 3156 in
1266 3103 1353 3168 iis,
1374 3118 1494 3172 quas
1522 3115 1942 3171 prmcesserunt,

349 3177 536 3230 delent
577 3192 775 3230 eorum.
815 3177 1119 3246 Aliquanto,
1151 3183 1274 3244 post
1317 3190 1427 3228 esse
1471 3188 1689 3245 quoque
1737 3190 1942 3243 erpuno

347 3256 499 3316 guut,
548 3255 601 3302 et
644 3248 890 3303 scribunt
922 3245 1060 3302 cum
1110 3245 1244 3316 Lug.
1295 3246 1412 3300 Bal.
1462 3260 1572 3301 sec.
1621 3247 1944 3301 meminerint

348 3318 700 3372 Athenienses.

417 3389 508 3444 ‘28.
544 3389 870 3444 Adhortatio.
898 3389 1034 3444 Edd.
1053 3398 1291 3450 veteres.
1315 3387 1622 3444 exhortatio.
1643 3387 1740 3445 Ms.
1767 3387 1934 3459 Lugd.

351 3460 467 3514 Bal.
504 3469 626 3513 lert.
654 3477 772 3513 cum
806 3462 944 3516 Coll.
977 3462 1247 3522 ϐιαίων..
1273 3461 1462 3513 Oratio.

419 3533 508 3587 ἓξ).
548 3530 848 3604 Eleusinum
877 3535 1097 3604 migrare
1124 3531 1488 3604 compulerint.
1522 3531 1658 3585 Edd.
1687 3531 1936 3602 qumdam

346 3599 563 3656 Eleusin
589 3615 637 3655 et
669 3599 1022 3673 emigrarefut
1053 3613 1108 3658 et
1137 3601 1524 3673 compellerent.

416 3674 508 3728 50.
557 3674 893 3744 Receperunt.
929 3675 1064 3728 Edd.
1099 3674 1342 3744 quzwlatu
1381 3682 1710 3739 exceperunt.

418 3747 476 3798 Sil
495 3783 507 3796 .
531 3743 698 3817 iTunc
726 3747 918 3799 indicta
941 3743 1138 3817 pugna.
1163 3745 1270 3817 ills.
1304 3743 1474 3817 Lugd.
1505 3747 1618 3797 ttat.
1655 3751 1779 3817 tert.
1808 3756 1931 3798 cum

339 3816 482 3870 Coll.
516 3816 782 3881 Cronov.,
813 3814 1031 3881 inclita;
1071 3815 1208 3869 unde.
1258 3825 1403 3882 patet
1455 3814 1643 3869 hausta
1695 3816 1810 3869 base
1861 3831 1930 3868 ex

340 3887 536 3941 etidem
582 3887 751 3943 finite.
784 3888 960 3943 Orosii
1005 3888 1297 3942 verborum
1344 3898 1533 3938 sensus
1562 3900 1682 3939 esse
1723 3885 1935 3940 videtur

344 3958 543 4012 lit-llum
576 3970 622 4011 et
662 3975 851 4028 pugna-
881 3959 1024 4014 diem
1067 3967 1229 4028 atque
1259 3956 1512 4028 locumqa
1552 3957 1816 4028 tyrannis,
1851 3956 1934 4028 in.

339 4028 483 4081 dicta
531 4026 699 4084 fuisse
731 4026 1175 4085 Atheniensibus.
1211 4028 1406 4082 .lustin.
1443 4026 1540 4080 lib.
1572 4026 1624 4093 v,
1668 4042 1788 4098 cap.
1831 4027 1928 4095 l0,

341 4099 547 4154 Bellum
574 4101 967 4156 Atheniensibus
995 4102 1247 4170 inferunt.

410 4172 500 4226 52.
547 4170 650 4225 Ita.
684 4173 832 4228 Meus
861 4172 1054 4237 codex,
1085 4171 1290 4240 Itaque.

410 4245 502 4298 53.
547 4241 916 4312 Inexplebiles.
951 4245 1086 4300 Edd.
1115 4251 1246 4298 vett.
1270 4241 1675 4314 inexplicabiles.
1707 4242 1931 4300 Rectius

337 4313 462 4368 alia:
489 4330 611 4369 cum
641 4331 796 4378 mss.,
826 4314 1178 4382 inexplebiles.

409 4387 498 4440 5i.
543 4384 899 4441 Fundamina.
936 4386 1107 4456 Lugd.
1158 4386 1278 4440 Bal.
1325 4392 1502 4456 quart.
1549 4394 1711 4456 atque
1759 4385 1925 4456 ωιτη

337 4456 700 4528 fundamenta,
737 4468 792 4512 ut
821 4458 908 4512 ed.
938 4459 1166 4528 August.

411 4527 500 4582 53.
544 4527 770 4584 Novam.
802 4528 936 4584 Cod.
972 4526 1198 4584 Périzon
1231 4535 1284 4582 ct
1316 4526 1451 4583 Ullr.
1479 4543 1640 4582 nouae.

409 4599 510 4672 56._
539 4599 874 4672 Amm'stiam.
901 4601 1228 4672 ’Apvnegiav.
1267 4599 1513 4672 Valerius
1546 4601 1684 4654 Max.
1724 4597 1818 4656 lib.
1852 4616 1925 4668 tv,

335 4683 459 4738 cap.
489 4670 514 4724 i
551 4669 617 4726 de
647 4667 1019 4744 Thrasybulo,
1080 4667 1254 4744 Plebis
1280 4672 1462 4744 scittnn
1501 4671 1824 4744 interposuit.
1866 4667 1930 4728 ne

333 4757 438 4810 qua
468 4742 849 4814 praeteritarum
890 4759 1060 4796 rerum
1096 4743 1284 4795 mentio
1327 4743 1492 4810 ﬁeret.
1541 4742 1671 4814 [hac
1716 4743 1921 4814 oblivio,

2048 3038 2390 3106 μνησικακεῖν.
2430 3029 2595 3086 Furi.
2623 3027 2917 3106 7-;_Conl'er
2944 3031 3320 3106 Aristophanis
3363 3035 3542 3092 locum
3571 3051 3640 3095 ex

2051 3103 2066 3158 l
2094 3106 2205 3159 luto
2253 3118 2412 3170 supra
2466 3117 2586 3171 pag.
2617 3103 2722 3157 154
2746 3111 2801 3158 et
2829 3105 3004 3157 Orosii
3039 3103 3139 3157 lib.
3161 3120 3252 3169 vu,
3288 3121 3408 3172 cap.
3437 3109 3491 3163 6.

2120 3177 2208 3228 57.
2247 3174 2644 3243 Sapientissima
2675 3173 3081 3244 Atheniensium.
3125 3175 3296 3244 Lugd.
3337 3177 3478 3232 Batt.
3508 3186 3635 3237 tert.

2047 3255 2098 3300 et
2132 3255 2311 3315 quart.
2341 3260 2460 3316 cum
2491 3244 2631 3316 Coll.
2663 3243 2836 3298 Gron.
2864 3255 2918 3298 ct
2945 3246 3269 3314 quibusdam
3316 3249 3443 3302 edd.
3475 3257 3632 3316 vett.,

2051 3315 2451 3388 Sapientissima
2480 3315 2577 3386 {uit
2620 3315 2749 3380 hwc,
2768 3324 2884 3388 etc.
2910 3316 3030 3368 Mox
3054 3329 3158 3388 pro
3187 3325 3301 3388 post
3336 3329 3479 3373 tanta
3508 3321 3632 3375 cod.

2053 3386 2302 3442 Perizon.
2332 3386 2491 3441 habet
2515 3395 2628 3457 post
2652 3395 2746 3439 tot.
2767 3386 2898 3441 POSt
2918 3387 3144 3456 provisio
3169 3386 3305 3443 Cod.
3326 3390 3434 3446 Ult.
3462 3399 3519 3446 et
3542 3392 3632 3447 ed.

1969 3444 2013 3507 C
2045 3463 2181 3525 Aug.
2217 3457 2365 3510 addit
2394 3444 2546 3511 casei.

2114 3531 2204 3585 38.
2243 3528 2310 3583 Ut
2351 3529 2680 3603 ordinantur.
2714 3526 2918 3603 Pratter
2947 3526 3038 3582 ed.
3085 3526 3222 3603 Aug.
3256 3545 3351 3586 sex
3382 3531 3462 3586 vel
3508 3547 3636 3603 sep-

2041 3609 2146 3655 tem
2197 3615 2261 3654 ex
2320 3614 2451 3652 mss.
2486 3600 2757 3656 scribunt.
2787 3601 2862 3650 ita
2902 3607 2956 3652 ut
2999 3600 3332 3668 ordinantur,
3382 3600 3630 3661 ualerent.

2046 3673 2305 3725 Videlicet
2336 3669 2502 3732 llltr.,
2532 3669 2701 3741 Lugd.
2739 3670 2876 3724 Batt.
2903 3683 3041 3734 scc.,
3068 3680 3221 3737 tert.,
3256 3682 3460 3741 quart.,
3491 3674 3631 3732 Coll.

2039 3743 2303 3807 Gr0ttnv.,
2334 3742 2611 3806 l’crizou.,
2642 3740 2810 3794 Meus.

2113 3816 2198 3869 59.
2235 3815 2379 3866 Inter
2405 3813 2517 3882 ipsa
2545 3827 2670 3882 nene
2703 3811 2880 3879 placiti
2910 3812 3085 3865 verba.
3117 3813 3287 3868 Recte
3320 3829 3498 3882 neque
3525 3833 3628 3872 au-

2036 3884 2217 3939 diendi
2241 3893 2368 3938 sunt
2392 3882 2522 3952 Lug.
2559 3881 2698 3954 Ball.
2733 3892 2882 3954 terte
2905 3891 2955 3935 et
2987 3893 3164 3954 quart.
3205 3885 3296 3954 qui
3325 3881 3446 3940 cum
3477 3888 3618 3943 Coll.

2036 3957 2274 4012 Gronov.
2312 3954 2572 4009 exhibent
2594 3953 2726 4006 inter
2759 3953 2846 4021 pia
2865 3952 3174 4024 beneplaciti
3198 3952 3368 4010 verba.

2105 4028 2196 4083 40.
2231 4027 2467 4082 Socrates
2493 4025 2600 4079 ille.
2623 4024 2901 4091 Socrates,
2926 4024 2995 4077 ab
3019 4030 3199 4096 Anyto
3226 4036 3282 4080 et
3310 4025 3493 4083 Melito
3516 4028 3622 4083 im-

2035 4099 2248 4168 pictatis
2281 4105 2586 4157 accusatus,
2623 4107 2675 4168 et
2701 4096 3121 4168 condemnatus,
3153 4111 3422 4168 venenum
3458 4099 3620 4165 bibit,

2033 4165 2175 4226 anno
2225 4172 2398 4237 primo
2439 4167 2762 4238 Olympiadis
2803 4166 2891 4222 95.
2923 4165 3172 4224 Laertius
3212 4167 3306 4222 lib.
3333 4185 3372 4223 ιι
3398 4179 3453 4226 et
3481 4171 3614 4226 Dio-

2033 4243 2152 4297 (l0l‘.
2188 4258 2291 4296 xlv.
2340 4240 2504 4295 Fana.

2103 4315 2189 4369 4t.
2240 4315 2536 4368 Servierint.
2587 4310 2840 4368 Perizon.
2873 4325 2998 4367 cum
3045 4309 3219 4383 Lugd.
3251 4310 3370 4368 Bat.
3399 4319 3525 4370 teri.
3553 4324 3614 4372 et

2033 4386 2120 4441 cd.
2153 4386 2313 4454 Ang.,
2338 4386 2646 4440 servierunt.

2101 4458 2192 4512 42.
2226 4453 2514 4511 Concordia
2545 4455 2785 4509 minimas
2804 4472 2886 4510 res
2912 4469 3156 4509 crescere.
3185 4453 3467 4512 Sententia
3498 4457 3620 4514 Sal-

2031 4526 2259 4583 lustiana
2286 4543 2352 4583 ex
2377 4525 2723 4597 Jugurthino.
2757 4527 2921 4582 Fusa.

2219 4595 2535 4678 Cunctaque.
2576 4599 2833 4678 Copulam
2872 4595 3061 4678 abiicit
3089 4598 3178 4654 ed.
3215 4598 3360 4670 Aug.
3398 4607 3454 4655 et
3489 4615 3616 4656 mox

2029 4671 2244 4726 exhibet
2267 4670 2580 4726 intrinsecus
2614 4685 2711 4739 pro
2740 4670 2975 4723 internis.

2098 4741 2189 4796 44.
2227 4741 2301 4795 De
2325 4744 2475 4796 ruina
2504 4742 2605 4796 sui.
2650 4742 2774 4796 Haec
2803 4740 3088 4796 meliorum
3125 4750 3180 4798 ct
3218 4742 3334 4798 fere
3376 4743 3620 4797 omnium

332 4811 854 4888 quani_At_h_rnienses
883 4816 1162 4888 ᾁμνηστίαν
1192 4823 1392 4888 vocant,
1427 4824 1531 4888 etc.
1557 4811 1924 4888 lliiicgf'lutari-
1951 4827 2005 4888 Β
2030 4813 2188 4888 codd.
2233 4813 2395 4888 lectio
2435 4823 2554 4888 ests
2593 4811 2825 4879 Quidam
2870 4827 2991 4888 eum
3045 4812 3189 4888 edd._
3215 4815 3513 4881 nonnullis,
3557 4814 3621 4868 de

332 4882 468 4954 chus
499 4884 551 4939 in
582 4883 840 4940 Civilibus
886 4884 1174 4954 Praeceptis
1216 4884 1407 4937 scitum
1455 4884 1587 4938 illud
1631 4885 1926 4954 Athenien-

331 4953 472 5029 sium
516 4964 674 5010 vocat
710 4957 768 5014 τὸ
806 4965 896 5029 τῆς
922 4953 1480 5029 ἁμνηάείᾳςγψήφισμα.
1526 4955 1638 5009 lloc
1676 4953 1922 5014 Gnrcum

331 4979 472 5010 arum
517 4979 674 5010 vocat
710 4979 768 5014 το
806 4979 896 5018 της
922 4979 954 5011 α
994 4979 1202 5016 manu;
1229 4979 1480 5029 Ψηφισμα.
1527 4979 1638 5009 nuc
1676 4979 1920 5014 urtrcutn

331 5025 557 5098 verbum
611 4979 1012 5098 usurpavit_lli.
1071 5027 1315 5090 Tullius,
1370 5043 1491 5082 cum
1551 5035 1672 5098 post
1719 5029 1920 5098 ctcdcm

329 5095 390 5149 C.
425 5095 550 5151 Julii
605 5095 837 5153 Caesaris
885 5095 1099 5153 omnem
1159 5099 1478 5152 memoriam
1531 5095 1919 5154 discordiarum

328 5167 598 5239 oblivione
648 5169 978 5239 sempiterna
1025 5169 1312 5223 delendam
1358 5169 1591 5224 censuit.
1635 5166 1833 5238 Philip.
1881 5187 1919 5225 ι.

329 5237 467 5292 Hinc
491 5237 810 5294 Paterculus
835 5241 928 5294 lib.
954 5256 988 5294 ll
1016 5258 1028 5293 :
1057 5240 1124 5292 Et
1153 5241 1283 5294 illud
1313 5240 1504 5296 decreti
1527 5237 1918 5298 Atheniensium

327 5309 645 5364 celeberrimi
687 5312 977 5379 exemplum
1022 5314 1243 5364 relatum
1283 5329 1314 5364 a
1363 5311 1608 5366 Cicerone
1648 5312 1917 5368 oblivionis

326 5385 706 5502 theritarum
736 5397 906 5435 rerum
925 5384 1124 5435 decreto
1166 5392 1372 5451 patrum
1403 5385 1789 5454 comprobatum
1816 5396 1912 5440 est.

375 5453 593 5502 oniscns
618 5453 670 5502 in
702 5455 1010 5502 Aureliano-
1036 5453 1295 5502 Amneslia
1319 5455 1474 5502 etiam
1501 5454 1593 5502 sub
1623 5472 1681 5502 eo
1703 5456 1912 5502 delicta.

375 5453 593 5520 opiscus
618 5453 670 5506 in
701 5455 1010 5518 Aureliano,
1036 5453 1295 5506 Amnestia
1319 5455 1474 5507 etiam
1501 5453 1593 5507 sub
1623 5472 1681 5507 eo
1703 5456 1916 5510 delicto-

324 5537 438 5574 rum
471 5523 797 5592 publicorum
819 5525 1020 5578 decreta
1049 5535 1120 5578 est
1150 5525 1213 5594 die
1242 5524 1474 5592 exemplo
1503 5525 1910 5594 Atheniensium,

325 5596 474 5665 cujus
513 5596 588 5648 rei
632 5596 784 5649 etiam
823 5595 1028 5649 Tullius
1070 5597 1120 5648 in
1168 5593 1476 5665 Philippicis
1506 5597 1752 5650 meminit.
1789 5593 1913 5654 Ila'e

327 5663 446 5738 ideo
479 5665 742 5738 pluribus,
784 5667 1167 5738 qttndivideam
1207 5663 1362 5738 esse,
1395 5666 1485 5734 qui
1517 5667 1789 5738 allirment
1819 5672 1912 5738 (ut

326 5733 563 5789 Muretus
593 5735 647 5790 in
675 5735 852 5791 Variis
901 5737 991 5790 lib.
1040 5753 1098 5798 ll,
1158 5752 1278 5804 cap.
1315 5733 1424 5802 iii),
1475 5737 1696 5790 verbum
1747 5733 1902 5806 illud,

323 5806 464 5872 quod
493 5806 684 5864 Cicero
731 5810 1038 5879 usurpavit,
1069 5823 1192 5865 esse
1236 5821 1340 5863 non
1375 5810 1653 5876 ἀμνηστίαν
1675 5849 1688 5876 ,
1715 5810 1807 5866 sed
1839 5818 1910 5881 μή

2027 4884 2178 4936 ruina
2200 4900 2314 4935 sua.
2346 4883 2464 4938 Mox
2490 4883 2577 4938 cd.
2609 4888 2776 4950 Aug.,
2801 4891 2847 4935 et
2871 4882 2934 4935 de
2960 4885 3309 4952 reparatione.

2096 4953 2224 5008 CAP.
2259 4953 2445 5008 XVIII.
2469 4983 2540 4994 --
2572 4955 2623 5009 l.
2654 4953 2860 5007 Bellum
2889 4953 3056 5007 civile.
3088 4953 3297 5010 Bellum
3329 4958 3430 5010 hoc
3472 4957 3612 5012 inter

2025 5023 2167 5080 duos
2190 5028 2405 5090 fratres,
2435 5026 2633 5091 Cyrum
2661 5033 2716 5080 et
2751 5025 3130 5090 Artaxerxem,
3161 5036 3394 5096 gestum,
3430 5025 3614 5079 Xeno-

2027 5097 2192 5172 phon,
2222 5096 2336 5165 ejus
2370 5098 2640 5172 particeps
2670 5105 2725 5151 et
2767 5096 2970 5172 socius,
3003 5107 3211 5172 septem
3257 5098 3612 5172 libris-Rupe.

2024 5167 2328 5227 Λναϐἁσεως
2355 5167 2644 5236 descripsit
2675 5182 2849 5236 :quos
2894 5168 3034 5222 bene
3063 5167 3287 5222 Latinos
3319 5167 3447 5220 fecit
3474 5167 3605 5222 duc-

2024 5237 2263 5292 tissimus
2309 5237 2574 5292 Romulus
2630 5237 2934 5293 Amasazus.
2981 5239 3055 5294 De
3108 5240 3299 5293 eodem
3343 5238 3610 5293 Diodorus

2021 5307 2116 5362 lib.
2149 5323 2236 5362 xlv
2267 5319 2321 5364 et
2347 5308 2622 5365 Plutarch.
2677 5312 2731 5363 in
2762 5307 3086 5365 Artaxerxe.
3118 5310 3284 5364 FABR.
3596 5369 3601 5373 ,

2089 5381 2143 5432 2.
2179 5377 2346 5433 Immo
2373 5380 2528 5433 etiam
2550 5381 2824 5452 plusquam
2845 5380 3012 5434 civile.
3045 5380 3248 5452 Imitari
3279 5380 3448 5436 voluit
3479 5379 3611 5436 illud

2020 5448 2244 5516 Lucani,
2267 5466 2372 5518 quo
2406 5448 2563 5518 poeta
2585 5448 2818 5506 Carmen
2847 5465 3004 5506 suum
3034 5451 3270 5516 orditur,

2146 5544 2282 5596 Bella
2304 5560 2392 5610 per
2415 5547 2682 5598 Emathios
2700 5548 2810 5612 plus
2825 5562 2970 5612 quam
2991 5547 3152 5598 civilia
3173 5559 3388 5611 campos.

2018 5651 2193 5710 Editt.
2227 5653 2438 5722 quidam
2470 5664 2602 5710 vett.
2629 5658 2784 5710 immo
2815 5672 2920 5710 non
2952 5655 3175 5712 habent.

2087 5745 2140 5798 5.
2175 5745 2406 5823 _Magnis
2456 5751 2853 5823 provinciarum.
2885 5749 3126 5808 Alterum
3170 5749 3273 5808 hoc
3313 5751 3518 5823 magnis
3562 5765 3592 5806 a

2017 5823 2136 5873 cod.
2175 5816 2577 5888 Longobardico
2603 5825 2778 5878 abest.
