4046 6344
502 282 605 341 791

1917 272 2126 333 PAULI
2161 270 2388 332 OROSII

3685 280 3782 338 79?.

500 402 832 480 populorum
888 398 1097 467 ruinis,
1130 407 1154 441 ι
1201 396 1475 468 utrimque
1519 402 1787 453 certatum
1831 408 1846 448 τ
1889 392 1945 448 in
1988 406 2096 463 quo
2121 402 2172 464 Α
2199 388 2507 463 perturbari
2554 405 2620 448 ac
2651 388 3005 460 permisceri,
3048 407 3227 465 neque
3258 392 3363 451 ista
3391 393 3500 464 sic,
3529 395 3633 452 nisi
3662 412 3779 468 pro-

502 492 760 551 conllictu
805 506 928 547 cum
967 506 999 547 e
1047 489 1267 546 diverso
1296 490 1319 521 '
1347 497 1744 543 concurrentes
1791 484 1895 540 sibi
1936 485 2098 541 ambo

498 588 703 643 fratres
726 592 916 640 mutuo
942 598 1102 640 casus
1128 580 1536 652 objectavisset,
1573 579 1725 648 prior
1751 578 2094 635 Artaxerxes

503 682 864 737 vulneratusa
889 678 1078 746 fratre,
1106 677 1231 748 equi
1260 675 1548 731 velocitate
1575 674 1597 706 ‘
1624 673 1788 729 morti
1810 680 2097 744 exemptus

501 774 697 832 evasit.
725 773 902 846 Cyrus
932 780 1278 838 autetu,mox
1297 785 1327 824 a
1347 770 1574 825 cohorte
1603 768 1754 840 regia
1774 782 2093 838 oppressus,

499 867 669 923 tinem
714 864 999 922 certamini
1049 863 1222 919 dedit.
1256 861 1593 918 Artaxerxes
1633 877 1764 932 ergo
1810 870 1866 917 et
1911 861 2096 932 praeda

498 960 758 1016 fraterna:
785 955 1170 1028 expeditionis,
1204 966 1261 1012 et
1301 955 1543 1012 exercitu
1599 953 1821 1025 poritus,
1852 962 2098 1023 potesta-

501 1063 615 1110 tem
644 1051 797 1122 regni
827 1049 1122 1122 parricidio
1153 1050 1174 1081 ⁷
1214 1048 1476 1105 ﬁrmavit.
1508 1049 1530 1080 ⁸
1558 1046 1651 1104 Sic
1690 1047 1943 1103 universa
1969 1045 2097 1102 Asia

500 1154 667 1215 atque
696 1132 939 1213 Europa,
963 1141 1160 1213 partim
1191 1141 1246 1196 in
1274 1156 1334 1197 se
1360 1140 1611 1212 singulm,
1630 1140 1823 1212 partim
1850 1138 1906 1195 in
1937 1154 1997 1195 se
2020 1138 2097 1195 in-

497 1236 675 1312 vicem
698 1234 979 1290 tuneribus
1001 1243 1057 1290 et
1072 1233 1297 1306 ﬂagitiis
1311 1233 1803 1304 permiscebantur.
1818 1233 1959 1289 Ecce
1972 1247 2099 1304 par-

496 1330 719 1387 vissima
746 1330 964 1401 pagina,
981 1328 1273 1400 verbisque
1287 1328 1655 1399 paucissimis,
1674 1328 1993 1400 quantosde
2017 1338 2096 1386 tot

497 1422 835 1496 provinciis,
874 1423 1033 1495 139
1062 1421 1279 1494 populis
1307 1431 1469 1493 atque
1500 1421 1757 1488 urbibus,
1788 1438 1896 1479 non
1926 1424 2098 1493 magis

398 1514 403 1518 ’
502 1516 741 1588 explicui
772 1527 925 1572 actus
949 1530 1175 1587 operum
1198 1556 1215 1583 ,
1246 1531 1409 1587 quam
1435 1515 1674 1586 implicui
1702 1516 1896 1587 globos
1935 1515 2099 1570 mise-

497 1609 754 1665 riarurn.’
769 1608 900 1677 Quis
914 1610 1058 1664 enim
1072 1608 1283 1664 cladem
1310 1608 1458 1665 illius
1488 1609 1771 1680 temporis,
1793 1609 1915 1681 quis
1934 1607 2097 1664 fando

494 1703 689 1759 funera
718 1701 989 1773 explicet,
1037 1709 1131 1757 aut
1171 1716 1392 1771 sequare
1436 1701 1697 1774 lacrymis
1728 1700 1904 1771 possit
1940 1700 2095 1757 dolo-

2202 484 2339 554 pitio
2367 491 2423 539 et
2460 483 2755 540 miserante
2785 528 2801 556 ,
2842 484 3118 555 componi.
3151 487 3196 517 "
3224 485 3319 542 His
3357 485 3557 543 deinde
3587 497 3784 559 tempo-

2200 575 2353 632 ribus
2380 575 2706 649 gravissimo
2731 591 2883 634 motu
2917 588 3079 635 terra:
3102 594 3368 636 concussa
3403 580 3584 637 Sicilia
3609 623 3624 649 ,
3651 583 3785 638 insu-

2200 686 2299 742 per
2328 672 2757 728 exzestuantibus
2794 672 2977 729 Etuta
3018 674 3222 729 montis
3258 670 3547 745 ignibus"
3573 674 3784 730 favillis-

2197 779 2306 836 que
2331 764 2545 834 calidis,
2575 780 2698 820 cum
2727 757 3062 822 detrimento
3086 767 3321 838 plurimo
3348 781 3606 838 agrorum
3635 768 3784 823 villa-

2200 872 2430 929 rumque
2473 868 2687 914 vastata
2726 867 2835 916 est.
2889 860 3042 915 Tunc
3087 860 3251 915 etiam
3291 861 3544 917 Atalante
3573 861 3780 930 civitas,

2198 950 2391 1006 Locris
2419 950 2709 1008 adhaerens
2732 993 2745 1016 ,
2777 960 2942 1009 terra:
2970 953 3223 1025 contigua
3242 993 3259 1019 ,
3290 954 3333 985 ¹⁷
3363 952 3648 1023 repentino
3675 969 3783 1010 ma-

2198 1042 2278 1099 ris
2301 1041 2507 1113 impetu
2535 1042 2805 1112 abscissa,
2852 1055 3013 1116 atque
3044 1046 3097 1101 in
3124 1045 3356 1100 insulam
3403 1043 3644 1101 desolata
3687 1053 3783 1101 est.

2198 1137 2616 1194 Atheniensium
2660 1152 2876 1211 quoque
2926 1138 3277 1195 miserabiles
3331 1137 3592 1211 reliquias
3626 1139 3786 1211 pestis

2200 1230 2419 1301 invasit,
2454 1231 2656 1306 diuque
2677 1232 2930 1305 populata
2960 1242 3069 1290 est.

2694 1345 2854 1420 ιω
2891 1345 3124 1404 CAPUT
3162 1346 3309 1403 XIX.

2199 1440 2558 1513 Romanorum
2587 1457 2774 1513 parum
2800 1441 3108 1513 honestqad
3167 1440 3313 1513 Veios
3335 1439 3575 1513 obsidio.
3589 1434 3735 1513 rb:
3756 1457 3786 1495 a

2272 1512 2439 1567 Gallis
2461 1509 2616 1582 capta
2644 1519 2691 1566 et
2710 1520 2930 1566 vastata.
2991 1511 3215 1567 Collatia
3256 1511 3410 1566 istius
3446 1509 3640 1566 excidii
3679 1527 3787 1566 cum

2269 1584 2512 1655 prmsenti
2528 1580 2825 1639 Gothorum
2847 1583 3133 1639 inuasione.

2275 1696 2292 1729 ί
2323 1695 2484 1752 Anno
2528 1696 2597 1752 ab
2629 1695 2775 1753 Urbe
2810 1696 3031 1753 condita
3070 1711 3238 1754 ccccv
3284 1697 3502 1779 obsidio
3542 1695 3785 1753 Veiorum

496 1794 633 1852 res?
658 1794 700 1825 ¹⁰
727 1793 1118 1849 Verumtamen
1144 1792 1263 1848 haec
1292 1792 1432 1863 ipsa,
1462 1794 1585 1863 quia
1615 1792 1787 1847 multo
1813 1792 2100 1863 interiectu
2129 1795 2180 1858 B
2204 1790 2392 1848 decem
2413 1792 2434 1823 ¹
2457 1791 2732 1847 continuis
2759 1792 2919 1846 annis
2949 1792 3120 1863 magis
3148 1792 3472 1851 obsessores
3515 1806 3675 1864 quam
3699 1792 3788 1848 ob-

496 1887 827 1943 smeulorum
848 1885 1227 1954 exoleverunt,
1245 1886 1389 1941 facta
1418 1894 1545 1942 sunt
1570 1885 1729 1942 nobis
1761 1886 1803 1917 ¹¹
1829 1885 2094 1942 exercitia

494 1978 863 2050 ingeniorum,
897 1986 951 2033 et
967 1978 1369 2035 oblectamenta
1394 1978 1697 2034 fabularum
1725 1994 1741 2032 :
1766 1993 2095 2049 quamquam

492 2070 545 2126 si
590 2070 715 2140 quis
758 2069 1023 2125 intentius
1070 2068 1326 2126 adhibeat
1373 2070 1611 2124 animum
1638 2109 1654 2133 ,
1701 2083 1935 2140 seseque
1982 2078 2095 2125 toto

495 2161 697 2218 mentis
725 2159 925 2216 alfectu
951 2162 993 2192 ¹²
1022 2161 1157 2232 ipsis
1198 2175 1337 2232 pene
1380 2161 1562 2218 causis
1597 2161 1864 2233 bellisque
1892 2162 2095 2233 permi-

493 2262 671 2321 sceat,
698 2267 765 2310 ac
784 2268 975 2309 rursus
1002 2252 1151 2309 velut
1173 2254 1227 2308 in
1249 2269 1378 2311 arce
1406 2254 1705 2325 spectaculi
1728 2256 2089 2312 constitutus:

494 2356 790 2416 utrumque
834 2347 889 2400 in
936 2345 1053 2401 suis
1081 2344 1435 2416 qualitatibus
1471 2354 1686 2417 tempus
1714 2347 2087 2416 pertnetiatur,

494 2436 658 2496 facile
701 2435 929 2492 dixerim
957 2478 973 2506 ,
1007 2450 1132 2492 eum
1168 2435 1540 2507 iudicaturum
1569 2475 1588 2505 ,
1616 2451 1794 2509 neque
1825 2438 1914 2493 illa
1935 2480 1953 2507 ,
1986 2438 2091 2495 nisi

498 2529 643 2588 irato
663 2538 826 2601 atque
856 2528 902 2562 ¹³
927 2535 1183 2588 aversata
1221 2528 1335 2586 Deo
1360 2528 1405 2571 ιδ
1433 2543 1599 2601 posse
1647 2540 1757 2587 tam
1800 2530 2092 2589 infeliciter

2197 1899 2383 1942 sessos
2430 1884 2676 1942 detrivit.
2731 1884 2864 1940 Nam
2904 1885 3138 1942 Romani
3187 1888 3493 1959 repentinis
3522 1900 3670 1957 saepe
3698 1885 3787 1941 ho-

2196 1978 2360 2033 stium
2391 1977 2776 2048 eruptionibus
2798 1977 3140 2045 comminuti,
3173 1988 3440 2050 praeterea
3469 1979 3526 2035 in
3557 1978 3788 2034 hibernis

2196 2069 2343 2128 bella
2375 2071 2396 2102 ³
2426 2071 2605 2126 sortiti
2636 2112 2653 2138 ,
2704 2070 2945 2127 hiemare
2988 2072 3094 2128 sub
3126 2072 3383 2144 pellibus,
3414 2082 3694 2145 postremo
3719 2072 3788 2127 ta-

2197 2178 2339 2219 mem
2364 2178 2430 2219 ac
2460 2163 2629 2235 frigus
2675 2164 2730 2218 in
2768 2173 3067 2235 conspectu
3117 2163 3355 2220 hostium
3382 2165 3596 2238 perpeti
3623 2163 3788 2220 coacti

2196 2265 2364 2311 sunt:
2412 2255 2608 2313 urbem
2644 2257 2940 2312 novissime
2960 2298 2977 2325 ,
3008 2257 3127 2313 sine
3158 2257 3269 2313 ullo
3294 2256 3316 2290 δ
3345 2257 3513 2328 digno
3541 2257 3789 2313 Romana:

2201 2347 2421 2404 virtutis
2471 2347 2822 2412 testimonio,
2862 2348 3131 2406 cuniculis
3163 2358 3223 2406 ct
3256 2350 3597 2407 clandestina
3633 2350 3787 2406 obre-

2194 2426 2390 2510 ptione
2417 2447 2709 2512 ceperunt.
2754 2438 2905 2496 lianc
2933 2440 3123 2496 utilem
3161 2443 3336 2513 magis
3363 2455 3529 2513 quam
3559 2440 3786 2496 nobilem

2198 2532 2481 2590 victoriam
2507 2575 2524 2603 ,
2582 2532 2760 2606 primo
2808 2532 3097 2591 dictatoris
3126 2535 3148 2567 "
3173 2533 3432 2605 Camilli,
3465 2535 3562 2607 qui
3586 2548 3703 2593 eam
3726 2532 3788 2590 de

1778 2689 2227 2749 liAVERCAMPI
2265 2690 2496 2749 NOTAE.

568 2814 622 2869 4.
650 2811 917 2883 Utrimque
946 2815 1218 2883 certatum.
1246 2805 1374 2883 113cc
1411 2813 1496 2883 est
1539 2804 1703 2861 lectio
1738 2803 1901 2883 co_dd_.
1943 2804 2088 2883 Lon-

499 2884 625 2957 gob.
657 2895 711 2941 et
737 2875 892 2957 _F_‘lor.
925 2894 1067 2957 s_ec_.,
1097 2879 1260 2957 trium
1280 2877 1436 2957 Lug;
1458 2877 1601 2957 Batt.
1634 2891 1757 2957 cum
1784 2875 1923 2931 Coll.
1946 2877 2088 2931 Gro-

495 2947 626 3013 ᾖον.
654 2964 710 3012 et
737 2954 883 3011 Ultr.
922 2950 1057 3008 Cod.
1090 2949 1292 3018 vulgati
1328 2961 1381 3003 et
1414 2947 1587 3017 Lugd.
1636 2947 1754 3001 Bat.
1800 2962 1880 3016 pr.
1923 2956 2089 3017 atque

498 3029 651 3083 Flor.
681 3033 831 3084 tert..
860 3032 933 3078 est
960 3023 1221 3089 utrimque
1271 3028 1543 3073 certatum.
1583 3018 1737 3084 Quod
1771 3026 1846 3070 est
1864 3018 1916 3089 si
1962 3018 2088 3072 addi

494 3101 694 3168 placet,
728 3096 920 3151 melius
949 3107 1073 3148 cum
1111 3088 1217 3146 ms.
1243 3089 1359 3145 Meo
1387 3100 1442 3145 et
1476 3090 1567 3146 ed.
1592 3092 1734 3158 Aug.
1770 3091 1824 3142 in
1853 3088 1960 3143 line
1993 3102 2089 3158 pe-

497 3169 635 3224 riodi
665 3168 829 3221 loca‘t‘i
860 3172 1062 3233 potest.

502 3276 509 3287 ι
570 3240 625 3295 5.
653 3227 1026 3293 Concurrentes
1063 3231 1162 3287 sibi
1196 3229 1347 3285 ambo
1374 3233 1723 3301 fratrespelc.
1757 3227 1892 3284 Cod.
1941 3228 2087 3301 Peri-

495 3326 622 3366 zon.
652 3323 775 3363 cum
808 3305 982 3376 Lugd.
1015 3304 1131 3376 But.
1167 3309 1292 3356 tert.
1330 3299 1385 3355 et
1413 3299 1854 3376 Co_ll._Gronqv.,
1883 3300 2084 3354 autbos.

494 3382 631 3437 Dein
659 3378 790 3434 editi
824 3371 1028 3446 plures,
1050 3373 1393 3446 objectassent
1413 3371 1501 3446 vel
1524 3371 1939 3446 obiectavissent,
1958 3386 2087 3446 con-

495 3463 584 3506 tra
635 3464 769 3505 mss.
821 3442 1121 3502 ineliores.'
1157 3443 1302 3497 Dixit
1346 3442 1747 3497 Orosius’ambo
1789 3443 1872 3496 vel
1907 3444 2088 3496 ambos

494 3526 713 3594 fratres,
747 3534 846 3594 pro
875 3534 942 3594 eo
968 3516 1113 3594 quod
1142 3514 1388 3594 Justinus
1418 3519 1696 3584 utrumque
1714 3516 1949 3594 fratrem,
1986 3514 2082 3565 lih.

494 3581 552 3661 ὓ,
580 3581 710 3662 (περί
738 3581 799 3645 Η
838 3606 852 3643 :
886 3581 1139 3662 Sed—eum
1180 3585 1235 3637 in
1264 3581 1398 3639 bello
1443 3600 1576 3662 sors
1606 3581 1772 3662 prtetii
1816 3591 2090 3662 utrumque

497 3655 710 3736 fratrem
739 3676 929 3736 pugna:
957 3658 1249 3736 obtulisset;
1269 3669 1437 3724 quare
1468 3656 1637 3711 nolim
1655 3656 1727 3711 ibi
1748 3668 1873 3709 cum
1894 3655 2089 3709 Schef-

492 3730 613 3791 i'ero
646 3730 858 3788 mutare
888 3732 942 3785 in
974 3730 1252 3797 utrimque.

567 3807 621 3862 6.
656 3803 817 3858 Morti
845 3809 1110 3873 exemptus
1133 3797 1314 3855 evasit.
1343 3799 1446 3856 Ed.
1493 3802 1656 3872 Aug,
1685 3797 1837 3852 morti
1878 3811 2084 3868 exemp-

489 3886 931 4002 lus'l‘futli‘irmavit.
965 3942 1100 4004 Cod.
1134 3941 1405 4012 Longob.,
1431 3942 1620 4012 ﬁnivit,
1647 3940 1803 4012 quasi
1831 3948 2089 3994 contesta-

500 4022 693 4075 tionent
715 4017 801 4072 vel
823 4015 1004 4070 simile
1030 4015 1160 4085 quid
1193 4018 1585 4085 praecessisset.
1740 4048 1749 4053 -

566 4092 621 4147 8.
676 4088 771 4145 Sic
806 4082 1064 4141 universa.
1107 4084 1278 4154 Lugd.
1317 4085 1462 4140 Batt.
1509 4094 1659 4150 tert.,
1710 4091 1914 4154 quart.,
1946 4082 2083 4139 Uull.

498 4162 770 4229 Gronov.,
811 4158 885 4211 Ac
927 4158 1024 4225 sic,
1053 4165 1160 4213 etc.
1192 4154 1318 4211 Mox
1356 4156 1488 4211 editi
1528 4156 1732 4227 plures,
1758 4158 1891 4210 inter
1918 4171 1972 4211 se
2000 4154 2084 4208 in-

494 4249 677 4288 vicem.

564 4305 618 4358 9.
661 4303 788 4375 Quis
830 4300 966 4354 enim
1003 4300 1224 4354 cladem.
1273 4297 1515 4375 Παρῳδίκ
1541 4295 1836 4369 Virgiliana
1861 4311 1894 4352 e
1921 4295 2016 4352 lib.
2048 4313 2086 4353 ιι

466 4373 479 4381 ’
496 4373 693 4429 ιιΕιιεὶά
706 4410 718 4425 .
748 4372 916 4427 ΕἈιςιι.

570 4445 657 4501 lt).
710 4442 1096 4507 Verumtamen,
1123 4449 1231 4497 etc.
1262 4440 1365 4497 Ed.
1396 4445 1561 4515 Aug.,
1597 4436 1794 4493 Verum
1819 4437 2083 4508 luecipsa,

495 4523 965 4641 quiuiflriimcma
991 4584 1336 4655 ingeniorum.
1384 4581 1606 4640 Scilicet
1637 4578 1705 4635 ad
1733 4578 1878 4636 belle
1902 4578 2083 4637 decla-

491 4655 773 4713 mandum.
801 4655 1055 4712 Juvenal.
1080 4667 1188 4711 sat.
1221 4658 1289 4713 to
1316 4670 1463 4712 vers.
1490 4656 1626 4712 167:

743 4749 807 4801 Ut
828 4748 999 4813 pueris
1020 4748 1216 4812 placeas
1238 4757 1292 4801 et
1311 4750 1602 4805 declamatio
1625 4753 1737 4806 tias!

560 4856 651 4913 12.
693 4857 853 4931 Ipsis.
882 4858 982 4915 Ed.
1009 4860 1173 4931 Aug.,
1202 4860 1255 4912 in
1284 4860 1434 4929 ipsis.

2264 2804 2357 2863 M.
2399 2804 2583 2863 Posse.
2612 2805 2745 2863 Cod.
2777 2807 3056 2876 Perizon.,
3083 2810 3335 2881 potuisse.

2265 2889 2355 2944 15.
2399 2885 2499 2942 His
2526 2887 2714 2960 deinde
2739 2866 3203 2960 temporibtts'.'Hic
3226 2866 3574 2945 terrmmotus
3594 2891 3786 2946 accidit

2191 2973 2335 3032 anno
2366 2959 2532 3032 tertio
2554 2958 2861 3032 olymp._88
2891 2977 3034 3016 anno
3063 2961 3254 3032 quinto
3286 2961 3414 3016 belli
3445 2962 3785 3030 Peloponue-

2195 3030 2352 3099 siaci,
2385 3030 2455 3084 de
2496 3029 2624 3099 quo
2652 3029 2806 3085 Diod.
2839 3031 2933 3086 lib.
2980 3048 3051 3087 Ill
3078 3029 3096 3086 ξ
3121 3033 3461 3096 Τηλικούτους
3506 3032 3563 3090 δὲ
3608 3035 3783 3093 συνέϐη
3863 3044 3869 3051 ’

2190 3104 2316 3178 τεοὺς
2344 3104 2593 3178 astaram);
2616 3102 2848 3178 γενέσθαι
2872 3106 3021 3178 ararit,
3041 3103 3201 3178 πολλὰ
3224 3105 3356 3178 μέρη
3404 3114 3499 3178 τῆς
3540 3103 3781 3167 Ἑλλάδος.

2193 3173 2327 3227 ὥστε
2355 3175 2439 3228 καὶ
2461 3171 2635 3242 πόλιιξ
2675 3175 2816 3235 τινὰς
2863 3171 3241 3236 intestinumue
3264 3171 3664 3242 ,ἳπικλύσασαν
3697 3183 3782 3236 τήν

2117 3248 2164 3313 C
2192 3244 2445 3324 θάξαττᾳν
2470 3241 2756 3324 διαφθεῖραι
2775 3286 2795 3324 μ,
2826 3249 2917 3324 arati
2937 3248 3065 3324 iraer
3085 3252 3182 3324 Δτήν
3208 3245 3427 3324 Λοκρίδα
3441 3251 3781 3324 Δχιρσοιηὸιι-ου

2194 3316 2523 3395 remordent;
2551 3316 2815 3395 {iniungis
2844 3318 3164 3395 τὸιηὶεῑθβιὸιχ2
3189 3316 3408 3395 tri-ornem.
3437 3316 3498 3395 δξ
3529 3316 3678 3395 uiae?
3701 3327 3782 3379 τήν

2193 3384 2562 3461 ὀνομαζομένηό
2584 3384 2905 3461 ’Δταλᾴντην,
2934 3387 2972 3461 ἰ.
3002 3384 3080 3448 εἰ.
3121 3386 3255 3442 Tum
3275 3390 3329 3461 in
3354 3387 3612 3461 plerisque
3635 3388 3776 3444 Grie-

2189 3457 2284 3509 cia:
2309 3458 2545 3527 partibus
2567 3466 2706 3511 terra
2732 3459 2808 3511 ita
2832 3459 3008 3524 movit,
3034 3468 3087 3511 ut
3117 3459 3392 3513 nonnullas
3416 3457 3569 3515 urbes
3591 3461 3781 3513 mariti-

2193 3541 2303 3581 mas
2328 3529 2660 3597 supcrinfusa
2687 3529 2855 3583 maria
2880 3529 3145 3583 obruerint
3162 3571 3179 3595 ,
3210 3539 3258 3583 et
3282 3530 3521 3586 Locridis
3550 3531 3703 3597 latus,
3731 3532 3779 3584 in

2189 3613 2293 3674 quo
2337 3597 2576 3674 Atalante
2624 3599 2876 3674 Oppidum
2914 3599 2969 3654 in
3009 3617 3152 3674 mare
3193 3604 3480 3674 projectum
3509 3602 3779 3674 continenti

2190 3667 2486 3794 αςῖΙιαέιεὺαι
2511 3712 2527 3739 ,
2573 3667 2733 3725 maris
2765 3672 2961 3741 impetu
2997 3667 3295 3726 abscissum'
3320 3672 3374 3727 in
3400 3672 3629 3728 insulam
3652 3674 3779 3728 abie-

2191 3755 2236 3792 rr
2264 3777 2280 3794 .
2362 3755 2487 3794 anu.

2191 3749 2280 3795 rit.
2316 3749 2487 3795 FABR.

2265 3819 2356 3874 16.
2398 3817 2721 3894 Fat-illisque
2760 3822 2968 3894 calidis.
3005 3822 3142 3878 Edd.
3176 3822 3424 3893 quaedam
3465 3834 3604 3881 vett.
3635 3818 3778 3894 [aril-

2191 3889 2358 3960 lﬁisque
2403 3889 2687 3960 grandibus
2733 3903 2779 3945 et
2824 3892 3027 3948 calidis.
3077 3889 3386 3960 Msflutgd.
3413 3895 3535 3952 Bal.
3567 3889 3689 3952 ιοὲι.
3727 3906 3777 3951 et

2189 3959 2335 4017 Coll.
2367 3959 2632 4030 Gronov.,
2652 3963 2833 4035 ﬂabris
2865 3966 3155 4038 favillisquc
3179 3959 3387 4021 calidis.

2264 4057 2355 4111 l7.
2399 4055 2687 4126 Repentino
2722 4059 2882 4111 maris
2910 4059 3108 4121 impetu
3143 4058 3394 4115 abscissa.
3426 4056 3606 4114 Codd.
3638 4059 3774 4114 Peri-

2190 4141 2313 4201 zon.
2345 4136 2400 4201 et
2428 4127 2581 4183 Meus
2611 4129 2812 4183 abscisa
2834 4128 3069 4201 habent.
3094 4128 3295 4184 Verum
3326 4130 3549 4201 vulgata
3580 4129 3665 4201 hic
3696 4145 3776 4201 re-

2194 4198 2417 4271 tinenda
2451 4208 2560 4262 est,
2594 4212 2646 4271 nt
2678 4209 2827 4271 patet
2853 4214 2918 4254 ex
2949 4200 3301 4257 distinctione
3322 4198 3483 4271 quain
3514 4203 3612 4256 viri
3638 4199 3769 4256 docti

2189 4267 2395 4323 faciunt
2446 4268 2863 4325 inter-abscisus
2908 4279 2964 4325 et
3006 4271 3283 4325 abscissus.
3339 4267 3575 4329 'Confer
3614 4271 3770 4326 Notas

2192 4338 2389 4415 Dukeri
2436 4341 2503 4415 ad
2547 4340 2783 4415 FlgrumA
2812 4342 2909 4397 lib.
2958 4358 3018 4415 ιι.
3066 4357 3188 4414 cap.
3223 4344 3313 4413 ﬂ,
3356 4342 3643 4415 p.227,et
3662 4342 3768 4399 Ou-

2189 4411 2473 4481 dendorpii
2502 4413 2565 4467 ad
2598 4412 2849 4467 Frootiu.
2884 4428 2936 4483 ρ.
2967 4413 3060 4469 49.

2260 4502 2405 4578 Car.
2450 4504 2593 4578 XIX.
2618 4535 2691 4547 —-
2719 4507 2772 4561 l.
2802 4505 2954 4561 Anno
2982 4506 3046 4561 ab
3081 4505 3150 4563 U.
3181 4506 3239 4562 C.
3271 4521 3463 4563 cccnv.
3490 4505 3771 4578 Cuspinia-

2190 4590 2293 4651 nus
2322 4577 2435 4632 vult
2461 4576 2519 4651 in
2552 4580 2652 4651 hoc
2684 4592 2913 4633 nurnero
2953 4592 3202 4651 errorem
3232 4579 3433 4647 inesse,
3458 4576 3621 4651 quem
3651 4589 3767 4648 ego.

2113 4640 2452 4720 uniputo
2485 4648 2734 4720 Qrosium
2780 4648 3089 4720 respexisse
3153 4665 3263 4705 non
3326 4640 3538 4719 tempus
3586 4640 3768 4720 cmptze

2188 4717 2490 4774 obsidionis
2519 4718 2807 4785 Veiorum,
2840 4717 2936 4777 sed
2964 4732 3140 4787 capta:
3171 4721 3353 4785 urbis,
3387 4717 3580 4777 contra
3613 4717 3765 4776 tidem

2192 4788 2452 4863 librorum
2498 4798 2710 4863 mutage
2750 4792 2918 4863 nolui.
2971 4790 3217 4861 Sigonio,
3259 4789 3415 4860 cujus
3441 4792 3765 4863 diligentiam

2186 4859 2239 4942 in
2267 4859 2616 4942 perficiendis
2647 4860 2825 4942 Fastis
2850 4859 3204 4942 admiramur,
3231 4859 3408 4917 annus
3430 4859 3603 4942 capje
3618 4863 3766 4942 urbis

561 4931 651 4986 15.
692 4929 941 4986 Ᾱυετδαιο
982 4929 1116 4985 deo.
1151 4932 1285 4987 Puto
1329 4932 1520 5001 reponi
1566 4932 1770 4989 debere
1812 4944 2081 4992 aversante
2184 4929 2441 4986 Veiorum
2487 4941 2571 4987 est
2612 4941 2732 5001 post
2772 4932 3000 4986 Romam
3036 4931 3200 4986 cond.
3226 4947 3457 4989 cccnvn.
3502 4929 3585 4990 De
3618 4934 3766 4988 Veio-

384 4987 399 5004 ’
485 5003 605 5071 deo,
638 5011 698 5077 ut
718 5010 802 5073 est
826 5001 879 5077 i_u
904 5001 1227 5077 Lugd._Bat.
1251 4987 1447 5077 temet
1472 5004 1613 5058 Coll.
1638 4987 2079 5077 cichoviqiib'dl

482 5064 602 5151 que
636 5064 786 5151 Meus
816 5073 972 5151 forte
989 5064 1158 5139 'vult,
1184 5074 1429 5151 scribens
1449 5077 1755 5151 adversata,
1787 5080 1871 5136 vel
1901 5064 2076 5151 scrip-

486 5142 961 5219 s_isSe__Orosi_um_,
1012 5156 1171 5214 prout
1206 5147 1431 5219 exhibet
1460 5149 1552 5205 ed.
1583 5142 1809 5219 August.
1837 5191 1854 5217 ,
1895 5142 2072 5210 averso

483 5213 600 5285 deo.
628 5214 885 5271 Martialis
909 5216 979 5272 de
1015 5213 1172 5285 poeta
1202 5218 1410 5276 infelici
1437 5229 1494 5275 et
1537 5213 1758 5278 cacaias
1788 5213 2073 5282 scribente

483 5283 721 5354 chartas,
746 5286 844 5343 lib'.
872 5302 988 5355 vin,
1018 5283 1189 5359 epigr.
1213 5289 1320 5349 56:

607 5397 793 5465 Scribit
815 5399 865 5465 in
877 5413 1046 5450 aversa
1071 5399 1249 5465 Picens
1270 5406 1621 5465 epigrammata
1645 5406 1846 5459 charta:

667 5460 731 5510 Et
749 5460 902 5522 dolet,
925 5475 1100 5513 averso
1121 5463 1250 5526 quod
1268 5460 1383 5516 facit
1407 5466 1487 5516 illa
1508 5468 1621 5517 deo.

479 5508 616 5673 1:01;.
655 5508 1637 5671 1i'réatis
1668 5569 1727 5609 ιιι
1751 5556 1943 5615 Amor.
1980 5558 2067 5629 η,

604 5705 807 5781 Aversis
830 5710 1012 5781 utinam
1038 5710 1310 5781 tetigissem
1333 5716 1545 5781 carmina
1573 5714 1720 5767 Musis
1740 5730 1754 5781 ί

660 5763 876 5823 Pbmbus
902 5776 953 5823 et
975 5763 1223 5836 inceptum
1246 5772 1550 5828 destituisset
1570 5763 1727 5841 om;

2180 5015 2303 5126 {Tum
2344 5003 2626 5060 obsidione
2666 5014 2722 5060 et
2758 5003 3163 5076 expugnatione
3193 5005 3414 5076 copiose
3443 5003 3565 5061 Liv.
3591 5005 3682 5061 lib.
3710 5019 3759 5058 v.

2226 5088 2349 5126 Αιιιι.
3183 5095 3208 5118 ο

2226 5088 2349 5128 ΑΒΚ.
3183 5095 3208 5118 ο

2250 5154 2306 5208 2.
2350 5152 2636 5209 Continuis.
2683 5154 2856 5222 Lugd.
2906 5154 3026 5211 Bat.
3067 5163 3224 5225 tert.,
3270 5154 3408 5212 Coll.
3436 5159 3671 5214 Gronov.
3710 5164 3758 5210 et

2179 5224 2269 5280 ed.
2302 5226 2465 5296 Aug.,
2493 5227 2826 5295 continuatis.

2251 5306 2307 5378 ὅ.
2350 5306 2558 5378 Sortiti.
2597 5306 2749 5362 Meus
2780 5300 2903 5362 curn
2952 5307 3200 5364 Perizuu.
3248 5319 3300 5365 et
3343 5308 3431 5364 ed.
3461 5310 3620 5378 Ang.,
3650 5323 3756 5362 sor-

2179 5376 2307 5442 tiri,
2350 5377 2731 5451 ut_re_ieratur
2774 5378 2841 5433 ad
2881 5381 3047 5433 coacti
3091 5390 3234 5434 sunt.
3279 5380 3409 5437 Dein
3438 5376 3608 5451 Lugd.
3644 5381 3750 5434 Bal.

2182 5458 2307 5503 tert.
2333 5458 2386 5503 et
2413 5447 2555 5504 Coll.
2589 5448 2832 5505 Gronov.
2859 5459 3240 5521 postremoque.

2212 5612 2221 5622 .
2250 5543 2303 5595 6.
2346 5539 2788 5624 Dignoliomante
2811 5542 3033 5597 virtutis.
3070 5543 3168 5600 Ed.
3205 5545 3373 5614 Aug.,
3407 5544 3575 5615 digna:
3605 5545 3756 5599 virtu-

2183 5621 2248 5666 tts
2273 5621 2583 5667 testimonio.

2253 5693 2305 5748 ὅ.
2353 5692 2602 5750 Pntrurit.
2640 5691 2813 5767 Lugd.
2848 5691 2964 5751 Dat.
3000 5699 3146 5768 see,
3185 5694 3402 5769 pararit.
3450 5703 3588 5752 utet
3621 5691 3746 5750 Ultr.
