4092 6346
300 289 408 387 ῑθδ
954 287 970 314 τ

1334 289 1811 351 lllSTOBlABUM
1850 291 2052 351 LIBER
2093 292 2156 349 ll.
2198 291 2354 350 CAP.
2399 291 2539 351 XIX.

3493 295 3600 358 794

299 400 618 460 Veientibus
643 402 665 434 θ
696 400 950 472 patravit.
982 401 1477 467 exsilium,drhinc
1503 405 1734 475 irruptio
1760 405 1886 462 Gal-
1912 418 1961 478 Α
1991 406 2260 479 reliquam
2301 407 2674 479 iuventutem,
2715 422 2876 480 quam
2915 417 3130 466 constat
3174 409 3262 466 vix
3305 411 3454 470 mille
3500 413 3597 471 ho-

297 498 519 560 lorum,
563 506 620 552 et
668 497 976 553 incendium
1020 497 1184 576 Urbis
1231 497 1579 570 insequitur:
1628 501 1712 555 cui
1745 501 1884 556 cladi

297 594 495 648 audeat
523 593 832 664 quisquam,
864 593 912 649 si
941 601 1152 665 potest,
1175 593 1387 665 aliquos
1413 603 1591 650 motus
1622 597 1886 666 temporis

297 687 457 757 huius
482 701 842 760 comparare:
882 687 1134 758 quamvis
1164 703 1270 742 non
1310 703 1466 760 a-que
1505 690 1703 760 pendat
1747 705 1886 760 prac-

293 781 436 836 teriti
471 781 596 836 mali
625 781 864 842 fabulam
890 781 1178 851 prtesentis
1206 781 1424 852 injuria.
1442 782 1610 851 igitur
1632 783 1769 839 Galli
1787 784 1887 840 Se-

293 889 501 942 nones,
545 873 681 930 duce
726 874 980 942 Brenno,
1030 875 1276 930 exercitu
1322 874 1546 946 copioso
1573 885 1628 930 et
1663 876 1886 930 robusto

289 965 479 1033 nimis,
501 981 626 1022 cum
651 968 670 998 ⁷
700 967 888 1022 urbem
921 965 1163 1032 Clusini,
1197 968 1218 999 ³
1251 981 1372 1035 qua:
1401 965 1549 1021 nunc
1572 966 1769 1022 Tuscia
1801 967 1886 1020 di-

285 1060 463 1122 citur,
506 1055 862 1124 obsiderent,
914 1057 1118 1128 legatos
1167 1058 1541 1112 Romanorum
1589 1059 1607 1130 (
1634 1058 1724 1128 qui
1756 1067 1884 1114 tunc

285 1147 682 1219 componendae
709 1150 853 1204 inter
874 1163 971 1204 eos
995 1151 1140 1218 pacis
1167 1150 1342 1220 gratia
1365 1148 1652 1221 venerant)
1686 1151 1739 1206 in
1767 1151 1883 1206 acie

287 1242 583 1298 adversum
630 1257 692 1298 se
742 1243 932 1300 videre
978 1256 1317 1315 pugnantes:
1370 1261 1476 1314 qua
1511 1245 1886 1315 indignatione

288 1335 568 1402 permoti,
607 1332 816 1390 Clusini
869 1335 1052 1406 oppidi
1097 1335 1252 1408 14],
1300 1335 1584 1392 obsidione
1625 1335 1880 1402 dimissa,

283 1426 417 1480 totis
459 1425 664 1482 viribus
709 1427 940 1482 Romam
1007 1429 1366 1483 contendunt.
1413 1428 1522 1483 llos
1551 1431 1618 1483 ita
1663 1440 1884 1485 ruentes

279 1524 299 1554 ’
334 1520 531 1577 Fabius
592 1537 714 1576 eum
763 1523 1007 1578 exercitu
1054 1523 1243 1577 consul
1274 1521 1518 1593 excepit,
1570 1537 1670 1578 nec
1703 1531 1883 1578 tamen

281 1611 530 1678 obstitit,
575 1612 742 1667 immo
792 1613 972 1683 potius
1017 1613 1231 1670 hostilis
1287 1614 1378 1668 ille
1433 1615 1688 1683 impetus,
1728 1617 1882 1685 quasi

281 1704 490 1760 aridam
526 1716 765 1776 segetem
813 1707 862 1742 ὐ
901 1705 1131 1763 succidit
1167 1751 1182 1774 ,
1239 1709 1429 1763 stravit
1470 1717 1525 1764 et
1566 1709 1796 1764 transiit.
1841 1710 1879 1742 ¹¹

1991 501 2195 556 miuum
2221 510 2344 556 tunc
2367 500 2553 568 fuisse,
2599 503 2652 555 in
2681 517 2810 559 arce
2835 501 3121 574 Capitolini
3151 504 3196 536 ¹³
3225 506 3429 561 montis
3467 507 3593 563 lati-

1990 599 2216 660 tantem,
2248 592 2536 648 obsidione
2563 594 2893 648 concludunt
2927 610 2939 647 :
2971 593 3151 665 ibique
3179 595 3424 652 infelices
3449 597 3576 654 reli-

1987 687 2336 756 quias,fame,
2365 693 2534 754 peste,
2560 685 2959 761 desperatione,
2985 686 3276 743 formidine
3310 687 3353 720 “
3377 696 3582 758 terunt,

1988 779 2280 848 subigunt,
2307 777 2544 833 vendunt
2575 795 2589 832 :
2631 794 2753 833 nam
2783 779 2932 834 mille
2963 779 3114 835 libris
3149 780 3267 835 auri
3296 779 3593 836 discessio-

1989 872 2071 926 nis
2121 873 2354 943 pretium
2397 873 2788 942 paciscunlur:
2861 890 2970 929 non
3017 873 3160 944 quod
3206 874 3350 942 apud
3397 875 3584 931 Gallos

1990 963 2159 1018 Roma
2207 965 2355 1034 parvi
2383 963 2618 1020 nominis
2657 965 2854 1030 fuerit,
2884 965 2982 1022 sed
3026 966 3171 1037 quod
3199 966 3346 1022 illam
3375 966 3582 1036 sicjam

1987 1065 2115 1112 ante
2147 1055 2493 1124 detriverint,
2528 1066 2588 1112 ut
2607 1058 2842 1128 amplius
2871 1066 3001 1113 tunc
3029 1057 3212 1114 valere
3234 1073 3341 1114 non
3375 1068 3586 1128 posset.

1989 1150 2332 1206 Exctintibus
2359 1150 2530 1206 Gallis
2553 1158 2896 1207 remanserat
2917 1150 2970 1206 in
3000 1151 3096 1206 illo
3129 1152 3400 1223 quondam
3426 1151 3587 1208 Urbis

1987 1241 2196 1297 ambitu
2246 1240 2560 1298 inlormium
2625 1242 2903 1298 ruinarum
2947 1243 3206 1300 obscaena
3263 1243 3586 1315 congeries,

1991 1333 2035 1364 ³⁸
2061 1344 2115 1389 et
2145 1334 2384 1406 undique
2409 1322 2665 1406 impedita
2696 1335 3016 1405 errantium,
3048 1347 3105 1393 et
3133 1338 3275 1392 inter
3303 1351 3402 1392 sua
3432 1337 3585 1407 igno-

1986 1434 2161 1481 torum
2184 1428 2406 1482 oll'eusze
2434 1428 2580 1482 vocis
2607 1428 2784 1498 imago
2813 1429 3174 1499 respondens,
3192 1429 3437 1500 trepidos
3457 1445 3578 1487 sus-

1991 1519 2264 1589 pendebat
2281 1519 2520 1576 auditus.
2545 1519 2588 1550 ¹⁶
2621 1518 2826 1575 llorror
2842 1521 3124 1590 quatiebat
3142 1521 3378 1590 animos,
3423 1521 3585 1577 silen-

1991 1613 2063 1666 tia
2095 1612 2208 1681 ipsa
2246 1613 2401 1687 142
2434 1613 2738 1670 terrebant.
2769 1614 2827 1669 Si
2859 1614 3077 1685 quidem
3109 1616 3336 1671 materia
3369 1617 3587 1687 pavoris

1988 1708 2127 1762 est”
2145 1707 2339 1762 raritas
2363 1710 2475 1778 ipsa
2499 1707 2648 1764 vocis
2674 1708 2728 1762 in
2759 1709 3037 1779 spatiosis.
3061 1709 3104 1741 ¹⁸
3123 1710 3258 1764 llinc
3279 1710 3386 1766 illis
3411 1719 3586 1766 muta-

273 1795 536 1852 Testatur
564 1797 702 1853 hanc
730 1798 882 1853 Fabii
911 1799 1121 1854 cladem
1153 1800 1348 1855 ﬂuvius
1387 1801 1548 1866 Allia,
1577 1803 1723 1855 sicut
1751 1801 1882 1856 Cre-
1911 1813 1960 1874 Β
1988 1813 2046 1852 re
2071 1797 2251 1864 sedes,
2283 1798 2432 1854 aliud
2461 1799 2709 1856 incolere
2734 1800 2994 1871 oppidum
3013 1843 3029 1869 ,
3054 1801 3230 1857 altero
3252 1803 3418 1858 etiam
3449 1817 3581 1857 cen-

276 1905 428 1944 Inera
448 1890 757 1946 Fabiorum.
789 1891 906 1946 Non
930 1893 1074 1947 enim
1103 1893 1262 1949 facile
1283 1893 1478 1964 aliquis
1506 1892 1741 1949 similem
1770 1895 1871 1948 rui-

274 1997 401 2036 nam
422 1983 682 2037 Romanu:
708 1983 908 2038 militiae
927 1995 1258 2051 reccnseret,
1283 1985 1446 2040 etiam
1486 1986 1532 2039 si
1582 1984 1751 2040 lloma
1792 1985 1876 2040 in-

273 2093 443 2147 super
464 2077 683 2134 incensa
708 2093 813 2132 non
831 2090 995 2134 esset.
1009 2080 1286 2134 Patcntem
1300 2078 1438 2134 Galli
1466 2079 1666 2136 Urbem
1710 2095 1876 2149 pcne-

272 2177 454 2233 trant,
489 2170 762 2226 trucidant
794 2171 1032 2240 rigentes
1061 2172 1471 2227 simulacrorum
1501 2172 1663 2228 modo
1686 2174 1737 2226 in
1760 2173 1872 2227 suis

275 2262 320 2294 ⁸³
349 2261 571 2318 sedibus
599 2271 883 2318 senatores
901 2281 920 2320 :
944 2278 1148 2334 eosque
1172 2264 1423 2320 inccndio
1446 2266 1732 2321 domorum
1759 2281 1872 2322 cre-

271 2361 474 2422 matos,
499 2352 654 2426 lapsu
673 2354 974 2412 culminum
995 2369 1218 2412 suorum
1237 2356 1529 2428 sepeliunt.
1545 2357 1867 2415 Universam

1981 1894 2087 1947 seri
2107 1893 2325 1949 nomine
2365 1894 2698 1964 cogitatum,
2719 1894 2978 1964 placitum
3000 1903 3166 1966 atque
3188 1904 3453 1950 tentatum
3475 1904 3579 1951 est.

1984 1985 2062 2040 Eu
2093 1993 2339 2056 tempora
2371 2001 2604 2057 quorum
2627 1986 3038 2056 comparatione
3059 1988 3350 2059 praesentia
3375 1989 3579 2058 ponde-

1981 2089 2172 2136 rantur
2195 2095 2211 2145 ;
2235 2081 2430 2149 quibus
2447 2081 2750 2137 recordatio
2765 2083 3002 2152 suspirat
3025 2099 3038 2136 :
3062 2098 3152 2150 en,
3169 2098 3289 2152 qua:
3307 2082 3581 2138 incutiunt

1983 2175 2024 2207 ιε’
2042 2173 2108 2229 de
2128 2173 2324 2242 electa,
2347 2176 2429 2230 vel
2455 2176 2632 2245 potius
2652 2175 2722 2231 de
2749 2175 2993 2245 neglecta
3011 2175 3294 2246 religione,
3312 2177 3582 2246 pmniteu-

1981 2271 2130 2323 tiam.
2163 2269 2208 2300 ὀ
2232 2269 2440 2326 Revera
2474 2287 2632 2340 pares
2673 2280 2802 2328 sunt
2840 2281 2910 2330 et‘
2937 2274 3299 2331 conferuntur
3329 2275 3472 2330 inter
3517 2288 3581 2329 se

1978 2361 2064 2416 hae
2103 2361 2226 2418 dua:
2250 2365 2619 2437 captivitates,
2645 2366 2738 2424 illa
2765 2369 2808 2400 ²¹
2836 2383 2933 2426 εει
2965 2368 3246 2426 mensibus
3274 2368 3579 2424 desmviens

1573 2491 2026 2551 IIAVEBCAMPI
2063 2496 2292 2554 NOT/E.

349 2600 408 2656 6.
449 2599 656 2656 Camilli
683 2602 944 2657 exsilium.
970 2601 1033 2658 N.
1069 2602 1262 2658 Furius
1292 2603 1574 2666 Camillus,
1609 2604 1698 2659 die
1723 2604 1865 2661 dicta

277 2672 348 2746 ab
373 2673 436 2727 L.
465 2672 734 2746 Appuleio
777 2675 994 2746 tribuno
1031 2675 1102 2739 pl.
1137 2676 1207 2729 ob
1237 2676 1476 2746 pra'dam
1515 2675 1867 2731 Vcientanam

276 2745 464 2814 inique
490 2744 719 2817 divisam
748 2787 762 2812 ,
810 2745 863 2798 in
891 2746 1139 2800 exsilium
1172 2744 1303 2801 abiit
1325 2747 1514 2816 quinto
1546 2763 1688 2817 anno
1719 2759 1869 2817 post-

275 2831 441 2940 qttzltlm
484 2815 650 2940 geios
697 2826 940 2886 ceperat.
984 2818 1210 2884 Livius,
1249 2829 1305 2872 et
1330 2815 1657 2874 Plutarchus
1692 2815 1868 2874 me...

277 2903 350 2940 nu
405 2905 456 2940 υ.
533 2902 650 2940 ann.

277 2902 456 2940 ιιιιιιυ.
489 2902 650 2941 I‘Altll.

348 2960 405 3011 7.
450 2956 639 3012 Urbem
653 2958 849 3014 Clusini
877 2974 992 3026 qua:
1020 2975 1153 3011 nunc
1185 2959 1384 3013 Tuscia.
1406 2958 1702 3015 Orosioltic
1716 2977 1869 3016 suam

276 3028 570 3102 'fctioncm
592 3030 1172 3102 reddidimus._\lerum
1215 3029 1318 3102 hoc
1357 3031 1615 3102 oppidum
1659 3032 1728 3086 ab
1751 3033 1871 3087 aliis

272 3099 887 3173 Clusium_,|oppidanos
933 3100 1197 3173 Clusinos,
1229 3101 1339 3156 dici
1362 3099 1546 3158 notius
1570 3112 1677 3171 est,
1708 3120 1868 3173 quain

275 3183 333 3226 nt
361 3175 434 3226 sit
461 3170 884 3227 admouendum.
920 3172 1084 3226 FABR.
1123 3201 1192 3212 -—-
1219 3173 1542 3227 Membrana:
1570 3189 1704 3228 mea:
1729 3170 1868 3229 ’ϐίαι

273 3244 413 3295 simu
447 3243 663 3305 habent,
695 3253 753 3297 nt
779 3255 832 3296 et
857 3243 984 3297 edd.
1019 3241 1156 3297 Ven.
1191 3259 1312 3298 cum
1339 3243 1581 3309 principe
1606 3253 1664 3300 et
1692 3245 1866 3300 Paris.

274 3317 345 3386 At
379 3312 531 3386 \‘inc.
569 3314 772 3370 Bellov.
797 3315 892 3369 lib.
937 3329 1012 3382 tv,
1035 3329 1156 3386 cap.
1206 3316 1298 3380 81,
1331 3313 1520 3369 Dusim
1545 3357 1560 3384 ,
1594 3333 1709 3386 qua:
1734 3333 1872 3370 nunc

275 3383 466 3439 Tuscia
488 3385 698 3439 dicitur.

343 3458 400 3509 8.
444 3457 574 3520 Quae
616 3473 752 3509 nunc
782 3455 972 3510 Tuscia
997 3457 1212 3510 dicitur.
1261 3457 1474 3512 Ahsunt
1505 3473 1531 3511 a
1568 3457 1704 3513 illeo.
1737 3457 1866 3511 Vul-
1889 3457 1936 3520 (ζ

268 3527 381 3593 gati
409 3527 566 3599 olim,
601 3526 784 3591 Dusia,
818 3529 939 3599 cod.
964 3527 1234 3599 Longob.,
1261 3527 1506 3584 Thusria.
1540 3529 1691 3584 Flor.
1719 3543 1858 3598 sec.,

273 3606 403 3652 tcrt.
437 3598 637 3667 aliique
666 3613 825 3663 mss.,
852 3597 1060 3653 Tuscia.

351 3670 408 3724 9.
444 3667 642 3724 Fabius
673 3687 792 3724 cum
820 3672 1047 3725 exercitu
1080 3671 1282 3724 consul.
1307 3669 1493 3725 Nullus
1529 3670 1726 3726 Fabius
1764 3672 1867 3724 hoc

276 3749 526 3810 tempore
554 3741 744 3812 consul
779 3742 877 3796 fuit
906 3759 917 3794 :
951 3743 1046 3796 sed
1068 3759 1146 3812 co
1173 3757 1338 3800 anno.
1367 3758 1475 3812 quo
1507 3742 1675 3796 Itonia
1706 3750 1864 3810 capta

271 3820 388 3879 est,
437 3821 548 3866 tres
574 3811 726 3866 Fabii
773 3814 974 3868 tribuni
1005 3811 1235 3867 militum
1277 3811 1552 3866 conSnlazi
1602 3821 1867 3880 potestate

273 3883 528 3944 fuerunt,
583 3882 764 3938 Livius
798 3885 869 3938 lib
909 3900 959 3943 ν,
996 3884 1147 3938 Diod.
1184 3900 1294 3946 xrv,
1326 3883 1650 3938 Plutarchus
1681 3885 1731 3937 in
1763 3883 1865 3937 Ca-

273 3953 447 4009 millo.
484 3953 647 4008 Fasti.
685 3985 756 3996 ——
788 3953 900 4010 Vox
941 3959 1119 4009 consul
1149 3972 1176 4008 a
1209 3956 1378 4011 sciolo
1422 3955 1474 4010 in
1503 3955 1743 4023 margine
1774 3971 1868 4010 no.

274 4032 408 4096 tata,
455 4026 637 4079 lorsan
675 4025 727 4082 in
767 4035 975 4082 textum
1011 4027 1225 4096 irrupit.
1259 4027 1418 4081 Certe
1456 4041 1560 4080 non
1592 4040 1693 4080 suo
1727 4027 1866 4089 loco,

271 4103 330 4150 et
369 4095 555 4150 luxato
593 4097 878 4152 verborum
920 4095 1398 4167 ordine’ponitur.
1427 4096 1582 4154 Unde
1609 4096 1871 4152 scribitur

272 4167 326 4220 in
360 4167 503 4224 Meo.
539 4166 723 4222 consul
753 4185 870 4221 cum
900 4169 1152 4223 exercitu.

345 4238 432 4293 {0.
473 4238 746 4306 Succidit,
789 4240 972 4294 strauit
1011 4249 1058 4293 ct
1084 4240 1313 4294 transiit.
1347 4239 1476 4294 Mss.
1511 4239 1681 4309 Lugd.
1725 4240 1868 4294 Batt.

273 4315 402 4379 tert.
462 4322 517 4363 et
554 4321 733 4379 quart.
775 4325 896 4364 cum
936 4309 1074 4364 Coll.
1118 4311 1358 4366 Gronov.
1399 4313 1661 4365 succendit
1690 4352 1704 4372 .
1762 4321 1870 4366 etc.

272 4378 376 4432 l'ld.
416 4378 582 4450 Aug.’
609 4380 909 4450 succendit,
937 4381 1120 4435 strauit
1147 4391 1194 4436 et
1225 4383 1481 4436 transivit.
1516 4381 1584 4435 Et
1613 4383 1737 4450 quia
1767 4383 1875 4435 ari-

270 4451 393 4504 dam
417 4460 636 4522 segetrm
663 4451 821 4520 dixit,
867 4449 1038 4506 videri
1069 4462 1249 4521 posset
1281 4469 1388 4507 non
1418 4449 1762 4507 incommoda
1794 4453 1872 4508 le-

273 4523 406 4596 [ιῑρ.
461 4522 738 4596 \ulgatam
790 4530 969 4576 tamen
1016 4537 1178 4596 quam
1235 4535 1414 4596 servat
1463 4540 1676 4596 quoque
1716 4523 1872 4579 Viue.

271 4591 477 4666 Bellov.
498 4591 750 4664 priefero,
781 4601 1000 4664 propter
1027 4591 1107 4664 [id
1136 4595 1280 4666 quod
1320 4596 1564 4666 sequitur
1588 4591 1788 4650 'stravit
1829 4605 1877 4651 et

269 4665 495 4718 transiit.

345 4733 712 4807 {LTestatur
731 4735 867 4789 hanc
893 4732 1045 4790 Fabii
1076 4735 1295 4791 cladem.
1329 4734 1530 4790 Eodem
1563 4737 1649 4792 die
1681 4751 1879 4807 nempe

270 4819 344 4858 xv
377 4804 485 4859 kal.
515 4804 668 4861 Sext.
701 4814 928 4874 utraque
949 4807 1132 4862 clades
1165 4816 1384 4876 accepta
1413 4807 1538 4869 fuit;
1574 4808 1725 4876 isque
1761 4804 1875 4862 dies

268 4890 298 4927 a
351 4878 657 4946 posteriore
718 4877 961 4932 Alliensis
1010 4879 1186 4933 dictus
1235 4888 1349 4941 est,
1399 4877 1589 4932 Livius
1628 4879 1720 4933 lib.
1775 4894 1866 4944 vt,

267 4946 476 5002 P'utar.
511 4949 562 5001 in
590 4948 847 5015 Camillo,
881 4947 1102 5005 Tacitus
1133 4948 1228 5004 lib.
1259 4963 1423 5016 xvnt,
1455 4948 1677 5005 Servius
1711 4951 1763 5004 in
1795 4965 1870 5006 vn

266 5016 490 5074 IEucid.
519 5017 684 5074 FABR.

343 5091 434 5144 1‘2.
468 5089 713 5145 Sedibus.
748 5089 886 5146 Male
917 5090 1116 5145 aedibus
1142 5105 1274 5145 mss.
1304 5100 1358 5145 et
1381 5089 1518 5145 editi
1547 5090 1790 5158 quidam.

268 5231 286 5285 Ι
339 5163 429 5216 15.
461 5160 794 5217 Latitantem.
818 5161 994 5229 Meus,
1019 5161 1266 5218 Pcrizon.
1299 5173 1357 5220 et
1376 5161 1546 5231 Lugd.
1575 5163 1694 5217 Bat.
1723 5176 1860 5230 sec.,

291 5241 533 5285 utentem.
944 5272 955 5282 .

291 5241 533 5286 utentem.
944 5272 955 5282 .

348 5305 440 5358 Η.
464 5302 699 5375 λΤετυηι.
745 5303 960 5375 Vulgati
993 5314 1219 5371 terrent,
1259 5303 1356 5360 sed
1387 5315 1579 5371 terunt,
1609 5304 1752 5375 quod
1794 5305 1860 5360 ad

264 5387 416 5428 oram
461 5373 514 5427 in
549 5375 822 5444 plerisque
856 5373 1102 5442 notatur,
1132 5385 1189 5431 et
1216 5375 1499 5430 meliorem
1541 5373 1704 5431 eflicit
1727 5393 1852 5430 scu-

264 5460 384 5518 snm
405 5487 420 5510 ,
449 5445 670 5518 optimis
704 5454 866 5515 atque
895 5445 1288 5518 antiquissimis
1317 5464 1448 5500 mss.
1484 5448 1726 5518 fulcitur.
1761 5447 1856 5503 Sic.

264 5516 409 5587 enim
434 5525 613 5571 exstat
642 5516 693 5587 in
717 5516 1484 5584 tribttsFloreiitiiiis,duobus
1516 5517 1685 5587 Lugd.
1721 5518 1814 5571 Bal
1838 5563 1850 5575 .

265 5583 386 5641 Meo
426 5598 588 5658 atque
637 5586 886 5643 Perizon.
927 5599 981 5643 ct
1013 5589 1200 5658 primis
1238 5583 1430 5643 edd.ut
1460 5599 1512 5644 et
1545 5583 1698 5645 anc.
1734 5589 1850 5644 Bel.

270 5661 648 5723 continuatur.

344 5721 427 5798 lfi.
452 5721 516 5781 Et
539 5727 761 5798 undique
777 5741 866 5798 per
882 5726 1143 5798 impedita.
1167 5723 1484 5784 Lectionum
1507 5729 1674 5796 illaut,
1690 5743 1850 5798 quam

344 5745 427 5781 ‘ln.
452 5745 516 5781 ﬁt
539 5745 761 5795 ωιανςιιρ
815 5745 866 5783 er
882 5745 1143 5798 tntpeatm.
1170 5745 1484 5784 Lccuoncm
1507 5745 1850 5798 "tamquam

271 5785 358 5857 his
382 5793 657 5857 Gsrardus
688 5745 983 5872 Baliulnge
1013 5797 1066 5858 in
1093 5799 1336 5872 margine
1363 5799 1646 5874 ascripsit,
1674 5816 1772 5858 nos
1799 5798 1854 5859 iit

1974 2609 2217 2686 antiquis
2236 2627 2357 2686 non
2391 2613 2731 2686 invenimus:
2776 2614 3060 2686 sedquod
3101 2615 3154 2670 in
3193 2615 3303 2670 illis
3326 2616 3444 2670 sine
3471 2617 3580 2674 ulla

1976 2680 2278 2754 ditl‘erentia
2303 2683 2522 2754 legitur,
2550 2701 2650 2740 nos
2676 2685 2813 2739 bona
2840 2680 2946 2742 fide
2965 2686 3381 2753 descripsimus.
3409 2687 3576 2744 FABR.

1973 2752 2105 2805 —lu
2137 2752 2381 2826 margine
2407 2754 2647 2820 Hittorp.
2667 2767 2723 2811 et
2745 2756 3122 2826 Bolsuing.ed.
3144 2752 3259 2811 haec
3285 2758 3543 2813 ascrihnn
3561 2790 3576 2801 -

1979 2830 2070 2875 tur
2093 2840 2106 2877 :
2135 2823 2201 2898 Et
2224 2823 2346 2877 dum
2373 2841 2463 2895 per
2485 2828 2734 2898 impedita
2754 2823 3026 2882 ruinarum
3049 2827 3330 2898 errabant,
3359 2838 3410 2882 et
3438 2829 3576 2883 inter

1980 2910 2075 2947 sua
2097 2895 2325 2971 claustra
2347 2895 2612 2971 manentes
2633 2897 2754 2953 aliis
2783 2900 2950 2968 ignoti
2981 2907 3162 2971 erant.
3190 2897 3401 2971 illorum
3422 2898 3578 2971 plun-

1977 2967 2382 3039 gentitin_1_voces
2413 2968 2639 3022 aliorum
2677 2971 2908 3035 trepidos
2928 2968 3317 3039 suspendebant
3337 2967 3568 3026 auditus.

2055 3038 2141 3114 t_6.
2156 3036 2558 3114 _Hot'ror,_ett';
2583 3041 2934 3114 Desumptum
2955 3036 3276 3111 ex'Virgilio
3298 3040 3369 3097 de
3391 3051 3579 3114 strage

1977 3107 2127 3162 urbis
2155 3108 2354 3180 Trojac,
2374 3111 2466 3165 lib.
2493 3109 2628 3166 Eu.
2661 3126 2724 3178 tt,
2757 3107 2886 3165 755.

2034 3209 2223 3260 Horror
2246 3213 2433 3275 ubique
2460 3213 2648 3262 animos
2666 3211 2810 3262 simul
2838 3213 2943 3276 ipsa
2966 3211 3161 3263 silentia
3187 3217 3404 3264 terrent.

1975 3315 2081 3369 Ed.
2118 3331 2212 3391 pr.
2246 3324 2303 3371 et
2348 3314 2592 3382 Venetae,
2642 3315 2877 3371 Horrore
2919 3334 2951 3388 (ι
3007 3333 3061 3370 a.
3109 3317 3419 3389 silentioque
3457 3335 3571 3391 ipso

1973 3389 2214 3441 terrebat.
3479 3389 3503 3406 V'

2042 3456 2374 3530 Haliaritas
2405 3458 2516 3530 ipsa
2543 3459 2678 3514 vocis
2709 3459 2763 3513 in
2793 3459 3058 3526 spatiosis.
3085 3457 3160 3514 Ita
3190 3457 3453 3528 scriptum
3487 3460 3571 3514 in-

1968 3530 2089 3581 vcni
2140 3529 2193 3582 in
2240 3529 2329 3584 ed.
2377 3533 2722 3601 Augustam,
2774 3545 3005 3599 eamque
3053 3531 3346 3585 lectionem
3399 3532 3570 3585 veris-

1971 3601 2162 3654 simam
2195 3615 2316 3653 esse
2339 3600 2484 3668 pulo.
2524 3600 2657 3655 Nam
2679 3602 2878 3654 raritas
2909 3601 3060 3654 vocis
3092 3601 3375 3657 horrorem
3406 3601 3568 3664 facit,

1967 3670 2064 3725 sed
2119 3681 2279 3741 auget
2307 3673 2587 3727 horrorem
2607 3714 2622 3737 ,
2661 3672 2704 3726 si
2735 3673 2786 3726 in
2818 3673 2954 3726 locis
2981 3673 3175 3740 amplis
3195 3681 3251 3727 et
3281 3673 3562 3742 spatiosis,

1969 3752 2024 3795 ut
2057 3753 2178 3794 erat
2211 3743 2379 3796 lioma
2425 3745 2636 3805 ,stiatis
2667 3743 2912 3797 :cditiciis
2939 3741 3182 3797 desolata
3232 3751 3288 3796 ct
3319 3743 3426 3797 late
3473 3741 3566 3810 pa-

1972 3822 2107 3870 lens.
2142 3823 2353 3866 vastum
2387 3814 2456 3867 sit
2487 3814 2782 3868 silentium.
2819 3814 2957 3868 Editi
2986 3815 3322 3878 antiquiores
3355 3822 3564 3868 turnum

1972 3883 2177 3936 habent
2203 3885 2391 3938 raritas
2413 3887 2529 3952 ipsa
2556 3885 2716 3951 coris,
2750 3899 2922 3954 usque
2951 3883 3017 3937 ad
3053 3885 3422 3938 Fabricianas.
3463 3883 3564 3936 Fa-

1971 3954 2172 4008 bricius
2208 3955 2354 4009 enim
2389 3956 2577 4009 maluit
2620 3957 2766 4010 nulla
2797 3964 2975 4010 tamen
3023 3955 3204 4010 addita
3236 3965 3396 4017 nota,
3431 3956 3568 4008 rari-

1972 4035 2049 4078 tas
2079 4027 2189 4096 ἔρδω
2220 4026 2274 4078 in
2295 4027 2558 4094 spatiosis.
2583 4025 2713 4094 Qua:
2736 4027 2922 4090 lectio,
2955 4026 3206 4096 quamvis
3229 4025 3403 4080 tribus
3429 4041 3560 4080 mss.

1975 4096 2324 4163 Florentinis,
2349 4098 2521 4167 Lugd.
2556 4098 2676 4152 Bat.
2730 4113 2812 4166 pr.
2859 4108 2917 4150 ttt
2961 4109 3015 4150 et
3057 4097 3176 4152 Meo
3221 4107 3274 4151 et
3317 4097 3562 4152 Pcrizou.

1971 4169 2350 4232 coulirmctnr,
2403 4183 2744 4238 nequaquam
2793 4179 2972 4221 tamen
3008 4177 3231 4238 priestat
3260 4167 3333 4222 illi
3365 4183 3484 4237 qua:
3512 4168 3563 4222 in

1972 4238 2210 4307 antiquis
2245 4240 2372 4296 edd.
2403 4250 2457 4293 et
2486 4237 2658 4293 tribus
2687 4239 2857 4309 Lugd.
2891 4239 3029 4293 Bait.
3064 4247 3119 4291 et
3145 4237 3281 4292 (loll.
3322 4238 3564 4295 Gronov.

1975 4309 2250 4366 invenitur
2288 4312 2482 4366 raritas
2525 4310 2641 4380 ipsa
2662 4312 2817 4365 vocis.
2849 4309 3016 4379 Cujus
3059 4309 3205 4380 enim
3249 4309 3328 4364 rei
3370 4312 3566 4365 raritas

1974 4381 2168 4436 Orosio
2209 4381 2271 4453 in
2315 4379 2574 4453 spatiosis
2621 4381 2976 4452 agnoscitur?
3004 4381 3052 4437 si
3097 4379 3426 4435 hominum?
3465 4396 3563 4435 eo-

1977 4467 2095 4505 rum
2129 4452 2274 4506 nnlla
2323 4452 2528 4508 mentio
2577 4454 2631 4507 in
2683 4454 2749 4508 iis
2779 4468 2900 4522 qua:
2950 4460 3382 4521 pitecesscrunt,
3433 4466 3566 4520 ergo

1977 4525 2146 4578 vocis.
2182 4526 2362 4592 Quare
2385 4523 2686 4593 amplector
2707 4524 2993 4594 lectionem
3029 4523 3151 4578 cod.
3183 4525 3412 4594 August.
3438 4536 3562 4578 cum

1978 4595 2124 4649 illam
2155 4597 2377 4666 insuper
2402 4597 2688 4650 conﬁrmet
2715 4609 2820 4649 ms.
2852 4593 3262 4666 Ultrajectinus.

2052 4666 2139 4738 i8.
2161 4662 2300 4738 llinc
2321 4667 2427 4721 illis
2453 4674 2650 4738 mutare
2671 4665 3118 4738 isedesqlntelligit
3144 4662 3433 4718 consilium
3461 4663 3564 4719 mi-

1979 4737 2360 4808 grandchios
2389 4755 2402 4792 :
2435 4737 2504 4794 de
2533 4751 2640 4807 quo
2668 4737 2859 4792 Livius
2880 4737 2974 4792 lib.
3003 4751 3036 4791 ν
3057 4747 3324 4808 extremo.

2055 4810 2146 4864 i9.
2167 4807 2248 4863 De
2268 4811 2448 4864 electa.
2473 4805 2680 4864 Sensus
2711 4809 2798 4862 hic
2834 4816 2940 4872 est,
2978 4821 3048 4878 en
3093 4807 3274 4878 qualia
3303 4805 3427 4862 sint
3469 4806 3561 4862 illa

1899 4848 1957 4910 Β
1982 4848 2226 4950 tempora
2245 4848 2412 4951 ,ιίιῖω
2437 4889 2736 4951 merentur,
2765 4887 2822 4932 ut
2853 4848 3128 4951 painitea?
3137 4892 3255 4943 vos,
3287 4889 3558 4951 [coeptant

1975 4946 2192 5020 publice
2215 4946 2325 5008 sub'
2355 4950 2776 5020 imperatoribus
2804 4949 2908 5018 piis
2938 4947 3270 5020 religionem,
3288 4946 3560 5003 Christia-

1975 5019 2100 5076 itam
2131 5036 2280 5085 esse,
2307 5019 2494 5086 immo,
2525 5036 2648 5090 qua:
2692 5020 2874 5089 potius
2902 5034 3000 5074 vos
3039 5019 3406 5084 confundant,
3450 5027 3558 5073 tam

1973 5093 2065 5145 ditt
2093 5093 2339 5146 eamdem
2367 5092 2534 5147 fuisse
2557 5091 2887 5162 neglectam,
2909 5099 2964 5146 et
2987 5096 3096 5144 tam
3112 5103 3238 5145 sero
3259 5097 3556 5159 receptam.

1972 5162 2210 5234 Ed.pr_.,
2239 5164 2454 5234 rejecta,
2485 5164 2623 5231 Aug.
2655 5162 2864 5218 relicta.

2037 5228 2130 5290 ρσ.
2151 5228 2341 5288 Revera
2369 5251 2524 5306 pares
2550 5228 2692 5306 sunt,
2738 5242 2845 5287 etc.
2879 5231 3012 5287 Puto
3037 5245 3159 5306 esse
3181 5228 3552 5306 scribendum,

1967 5302 2164 5360 Revera
2191 5321 2340 5371 pares
2366 5302 2514 5372 sunt,
2544 5305 2634 5358 sed
2683 5308 3024 5374 conferantur
3049 5303 3181 5357 inter
3206 5317 3280 5366 se,
3313 5311 3444 5374 etc.;
3477 5305 3559 5356 sic

1965 5378 2188 5446 minima
2233 5376 2531 5430 mutatione
2558 5391 2753 5431 sensus
2782 5373 2872 5446 qui
2906 5389 3047 5429 nunc
3077 5373 3558 5446 cgspitat,_clarus

1960 5456 2017 5502 et
2043 5445 2123 5500 rei
2144 5457 2308 5516 atque
2331 5446 2566 5500 orationi
2597 5455 2682 5502 est
2711 5442 3066 5516 conveniens.
3112 5442 3329 5506 Fateor,
3355 5443 3552 5516 inquit,

1959 5518 2117 5573 sicuti
2148 5512 2275 5573 olim
2301 5533 2331 5572 a
2364 5517 2557 5583 Gallis,
2581 5521 2660 5572 sic
2691 5531 2876 5572 nnnea
2908 5515 3096 5571 Gothis
3123 5523 3332 5580 captam
3355 5512 3552 5568 Urbem

1957 5606 2101 5654 esse,
2127 5592 2220 5643 sed
2244 5591 2286 5644 si
2319 5589 2502 5644 clades
2523 5596 2762 5659 accept-.1:
2779 5587 3150 5650 conferantur,
3177 5584 3412 5639 immane
3450 5598 3556 5640 erit

1958 5660 2286 5725 (Ιίδοτίιηριι,
2317 5669 2423 5714 etc.

2031 5732 2121 5786 2!.
2148 5725 2252 5783 Illa
2273 5718 2362 5783 seu:
2384 5725 2639 5786 mensibus
2662 5727 2957 5783 (latericiis.
2987 5722 3184 5782 l‘lutari
3206 5719 3304 5782 hus
3327 5718 3552 5781 Romam

1959 5811 2173 5875 septum
2213 5801 2490 5860 utetisiluts
2531 5805 2584 5859 in
2631 5794 2910 5858 Gallorum
2945 5803 3211 5871 potestate
3240 5793 3424 5864 luisse,
3456 5791 3540 5852 ltls
