4092 6346
291 275 388 333 801

1347 246 1819 338 utsromanuu
1858 278 2186 366 moeniti.
2229 284 2383 342 car.
2427 286 2467 344 I.

3475 291 3582 353 802

288 399 480 447 testate
523 400 760 461 careret,
797 400 849 448 et
880 393 1120 450 nomine.
1163 392 1584 452 Atheniensibus
1605 411 1735 453 vero
1763 396 1879 452 hcce
1911 401 1954 459 Λ
1984 413 2086 454 nec
2115 399 2336 456 difﬁcile
2357 411 2602 473 superat,
2632 401 2868 462 maxime
2889 420 3014 462 cum
3038 405 3216 464 adhuc
3238 409 3379 480 apud
3404 409 3576 481 ipsum

287 484 478 540 eadem
523 501 698 556 pugna
731 485 943 540 initium
978 489 1364 558 recuperanda:
1401 492 1689 560 potentias,
1739 491 1879 548 sicut

287 576 717 632 Lacedmmoniis
755 579 1090 647 amittendae,
1132 581 1252 634 luit.
1281 581 1324 611 ³³
1355 581 1518 636 Primi
1551 583 1714 653 igitur
1739 583 1879 637 Tlte-

292 670 441 736 bani,
489 671 692 726 auxilio
736 672 1151 728 Atheniensium
1193 674 1348 744 fulti,
1391 677 1678 745 superiore
1723 676 1881 731 clade

288 766 512 821 saucios
559 781 622 822 ac
668 767 908 836 trepidos
967 768 1353 840 aggrediuntur
1384 810 1398 835 ,
1444 769 1612 826 multa
1653 770 1873 826 animati

288 857 486 912 fiducia
516 855 570 889 ³⁸
597 865 818 929 propter
861 859 1117 915 virtutem
1163 869 1326 930 atque
1368 859 1688 916 industriam
1734 860 1879 930 Epa-

286 948 561 1006 minonda:
605 949 757 1004 ducis
797 950 923 1015 sui,
981 965 1101 1006 cum
1130 966 1237 1022 quo
1267 951 1373 1006 sibi
1425 952 1582 1007 facile
1634 952 1882 1009 obtinere

285 1056 448 1112 posse
493 1042 779 1112 imperium
824 1044 987 1099 totius
1017 1043 1239 1099 Grmcia:
1276 1044 1622 1100 videbantur.
1649 1044 1734 1100 Fit
1777 1046 1882 1098 ita-

285 1151 392 1207 que
424 1145 686 1192 terrestre
729 1137 1004 1206 przelium,
1050 1137 1327 1194 Thebanis
1389 1139 1613 1194 minimo
1667 1138 1884 1210 negotio

286 1231 650 1286 vincentibus.
686 1230 934 1287 Vincitur
976 1233 1142 1288 etiam
1178 1234 1279 1289 hoc
1318 1233 1575 1290 cannictn
1606 1233 1884 1307 Lysander

289 1330 342 1378 et
373 1321 660 1378 otciditur.
695 1323 740 1354 ³⁸
774 1323 1068 1378 Pausanias
1118 1341 1356 1396 quoque,
1403 1326 1512 1380 (lux
1544 1325 1886 1382 Lacedaemo-

293 1415 509 1471 niorum
540 1457 556 1485 ,
608 1417 762 1490 151
801 1417 1142 1474 insimulatus
1192 1420 1515 1489 proditionis
1549 1462 1566 1489 ,
1640 1421 1694 1477 in
1737 1421 1884 1478 exsi-

299 1510 434 1565 lium
459 1509 717 1566 truditur.
752 1511 996 1567 Thebani
1027 1521 1211 1568 autem
1243 1514 1468 1570 victoria
1515 1514 1689 1586 potiti,
1718 1515 1888 1570 colle-

290 1609 377 1656 eta
415 1602 658 1657 universi
692 1603 967 1658 exercitus
998 1620 1182 1670 mantt,
1219 1605 1468 1676 Spartam
1507 1609 1885 1677 contendunt,

286 1701 549 1763 putantes
571 1708 630 1749 sc
660 1709 883 1749 vacuam
921 1697 1176 1766 pra-sidio
1218 1698 1496 1754 civitatem
1541 1701 1690 1754 nullo
1719 1701 1886 1755 intra-

1983 506 2122 562 pene
2167 494 2398 564 integra:
2430 503 2571 550 vires
2605 495 2958 554 haberentur.
2995 501 3111 571 Ipse
3160 513 3337 559 tamen
3379 505 3572 575 Agesi-

1984 584 2102 637 laus
2121 585 2415 656 graviter"
2436 588 2768 644 vulneratur.
2793 591 2863 646 At
2888 608 3013 647 vero
3040 592 3424 663 Athenienses,
3451 612 3574 653 cum

1981 679 2372 747 comperissent
2407 680 2682 754 insperata
2717 683 3161 742 Lacedaemonios
3203 689 3430 743 victoria
3459 692 3581 743 sub-

1983 769 2216 838 levatos,
2249 773 2493 842 pristinre
2523 777 2824 845 servitutis,
2847 778 2891 809 ³⁸
2910 779 2976 834 de
3007 794 3112 850 qua
3144 790 3271 836 tunc
3303 781 3575 849 respirare

1983 863 2068 917 vix
2098 876 2401 933 coeperant,
2431 869 2628 938 trepidi
2663 880 2805 924 metu
2825 915 2839 939 ,
2871 872 3172 928 exercitum
3213 875 3576 938 contrahunt,

1983 971 2218 1025 cumque
2271 957 2497 1014 Bmotiis
2539 961 2593 1015 in
2635 963 2896 1018 auxilium
2949 965 3270 1036 adjungunt,
3322 968 3579 1022 commis-

1983 1060 2101 1102 sum
2132 1048 2174 1080 ³³
2199 1047 2450 1118 lphicrati
2479 1050 2624 1118 duci,
2650 1053 2743 1123 qui
2775 1055 3098 1112 adolescens
3119 1057 3436 1125 admodum,
3463 1059 3580 1112 vix-

1985 1140 2112 1196 dum
2143 1155 2320 1196 aunos
2352 1143 2546 1214 viginti
2577 1154 2756 1211 natus,
2791 1148 3158 1205 infirmitatem
3191 1151 3373 1206 aetatis
3403 1159 3580 1208 matu-

1986 1235 2145 1290 ritate
2167 1235 2329 1288 animi
2355 1237 2655 1292 muniebat.
2689 1239 2874 1294 Conon
2907 1258 3144 1312 quoque,
3176 1242 3221 1274 "°
3251 1243 3330 1298 vir
3357 1244 3576 1314 quidem

1986 1326 2353 1393 Atheniensis,
2411 1328 2518 1383 dux
2566 1338 2746 1384 autem
2779 1331 2981 1388 Persici
3031 1335 3336 1401 exercitus,
3391 1335 3580 1389 audito

1986 1420 2226 1490 Agesilai
2277 1421 2492 1490 reditu,
2539 1421 2991 1494 ad'populandos
3037 1426 3575 1483 Lacedmmoniorttm

1986 1528 2147 1585 agros
2174 1515 2486 1570 revertitur.
2518 1515 2596 1570 Ita
2633 1514 2907 1586 Spartani,
2954 1518 3248 1589 strepitu"l
3277 1520 3581 1574 circumso-

1987 1609 2229 1663 nantiutn
2283 1607 2520 1678 undique
2571 1609 2806 1664 hostium
2854 1611 3023 1665 clausi
3075 1619 3237 1682 atque
3285 1611 3578 1678 exterriti,

1989 1701 2178 1756 ultima
2209 1701 2602 1772 propemodum
2647 1702 3034 1772 desperatione
3066 1704 3456 1774 tribuerunt.“l
3474 1705 3582 1760 Sed

286 1795 438 1841 turos
470 1787 713 1857 negotio,
747 1789 900 1858 cujus
939 1790 1052 1859 jam
1101 1805 1294 1846 omnes
1346 1806 1482 1861 pene
1524 1792 1710 1862 copias
1759 1807 1882 1847 eum
1919 1793 1964 1854 Β
1991 1790 2204 1857 Conon,
2238 1803 2524 1864 postquam
2562 1793 2719 1865 152
2762 1805 2917 1849 vasm
2956 1795 3172 1850 hostilis
3213 1797 3317 1850 soli
3363 1798 3588 1867 popula-

284 1878 411 1949 ipso
440 1894 568 1950 rege
594 1879 894 1950 delessent,
937 1891 1098 1952 atque
1130 1883 1199 1937 ab
1222 1883 1478 1938 omnibus
1525 1883 1689 1939 sociis
1719 1885 1890 1940 desti-

286 1986 439 2035 tutos
489 1979 757 2036 viderent.
791 1980 1191 2036 Laccdmmonii
1232 1981 1480 2052 periculo
1521 1981 1758 2037 civitatis
1789 1981 1890 2036 im-

287 2076 457 2144 pulsi,
495 2074 682 2130 habito
713 2074 1058 2131 inexercitati
1101 2075 1294 2131 militis
1327 2076 1712 2146 qualicumque
1738 2074 1892 2131 dele-

285 2178 407 2235 ctu,
436 2169 657 2224 obviam
691 2167 832 2224 hosti
877 2168 1197 2238 procedunt.
1239 2168 1345 2224 Sed
1378 2168 1542 2224 victis
1575 2168 1768 2234 semel,
1795 2167 1894 2221 ad-

288 2277 484 2316 versus
533 2263 769 2318 victores
801 2262 1104 2316 ohsistendi
1159 2278 1258 2318 nec
1289 2261 1465 2318 virtus
1517 2277 1619 2317 nec
1674 2261 1892 2316 animus

289 2361 428 2407 erat.
453 2351 588 2408 Cum
617 2354 777 2423 igitur
798 2353 976 2408 caules
997 2361 1204 2408 tantum
1229 2356 1386 2408 unius
1411 2369 1551 2426 pene
1574 2352 1738 2424 partis
1767 2367 1894 2421 age-

294 2454 474 2511 retur,
505 2445 551 2476 ³⁸
580 2456 804 2516 repente
834 2461 927 2502 rex
962 2446 1272 2516 Agesilaus,
1302 2449 1600 2502 arcessitus
1639 2461 1706 2501 ex
1737 2445 1864 2500 Asia
1884 2485 1900 2514 ,

296 2537 622 2608 improvisus
645 2537 791 2592 bello
815 2539 1166 2607 supervenit:
1192 2538 1479 2594 Thebanos
1496 2538 1607 2609 jam
1636 2552 1893 2593 successu

299 2628 534 2702 duplicis
563 2629 804 2686 victoria:
829 2631 1066 2687 laztiores
1099 2630 1488 2704 segniorcsqtte
1517 2630 1837 2702 aggreditur
1865 2647 1880 2687 :

1995 1883 2139 1940 tione
2167 1885 2394 1940 satiatus
2422 1894 2526 1952 cst,
2563 1889 2809 1941 Athenas
2842 1890 3041 1958 pergit,
3077 1889 3128 1942 in
3164 1887 3404 1942 maxime
3445 1903 3582 1958 gau—

1993 1975 2082 2032 dio
2109 1976 2312 2032 civium
2354 1977 2474 2047 ipse
2503 1978 2699 2048 tristis,
2730 1980 2929 2050 quippe
2957 1995 3077 2034 cutu
3112 1979 3323 2034 videret
3347 1979 3542 2034 urbem
3567 2020 3584 2047 ,

1998 2069 2199 2138 populo
2243 2069 2514 2140 quondam
2557 2070 2812 2141 cultuque
2853 2072 3290 2140 ornatissimam,
3339 2070 3385 2102 ⁸⁵³
3441 2086 3584 2126 nunc

1996 2162 2295 2218 miserabili
2330 2161 2611 2218 ruinarum
2646 2178 2710 2218 ac
2745 2148 3123 2220 desolationis.
3151 2169 3408 2237 Squalere
3453 2183 3586 2222 con-

2000 2253 2216 2310 fccmm.
2245 2254 2431 2326 Itaque
2463 2271 2717 2326 magnum
2748 2257 2964 2327 pietatis
2988 2260 3465 2330 miserationisque
3490 2277 3598 2314 mo-

1997 2358 2316 2403 numentum
2346 2348 2400 2403 in
2427 2348 2771 2418 reparatione
2793 2349 2914 2419 ejus
2935 2360 3193 2420 operatus
3215 2362 3320 2406 est.
3347 2351 3592 2421 Namque

1995 2455 2138 2507 eam,
2164 2456 2192 2494 a
2219 2439 2652 2496 Lacedtemoniis
2675 2441 3029 2510 exinanitam,
3056 2443 3595 2499 Lacedmmoniortint

1995 2533 2042 2565 ’⁸⁵
2075 2535 2273 2605 praedis
2298 2536 2552 2606 replevit.
2596 2535 2778 2592 Persis
2821 2536 3240 2592 incendentibus
3270 2552 3594 2592 concrema-

1997 2637 2127 2694 tam,
2155 2626 2338 2684 Persis
2361 2627 2764 2685 tediflcantibus
2797 2627 3145 2687 reformavit.
3176 2629 3458 2687 “Interea
3489 2633 3588 2686 Ar-

1586 2764 2035 2826 HAVERCAMPI
2074 2765 2306 2824 NOTIE.

365 2887 462 2943 5⁸5.
485 2884 652 2940 Primi
676 2885 833 2958 igitur
863 2884 1113 2958 Thebani.
1132 2883 1469 2958 Bellihujus,
1487 2884 1710 2942 Boeotici
1733 2883 1884 2952 dicti,

299 2958 607 3030 principes_
622 2957 838 3012 Itterunt
878 2957 1034 3030 Locri
1064 2957 1367 3030 quntiiet
1390 2957 1888 3030 Phocenses,qno-

301 3027 418 3086 rum
453 3029 506 3083 hi
535 3044 564 3082 a
588 3027 1038 3093 Laccdzcmoniis,
1073 3027 1151 3082 illi
1198 3044 1226 3081 a
1268 3027 1543 3082 Thebanis
1572 3029 1770 3082 auxilia
1799 3041 1889 3082 ac-

301 3099 916 3156 cersiverunt.Theliani
943 3099 1302 3153 Athenienses
1332 3101 1384 3152 in
1415 3115 1540 3152 suas
1565 3108 1747 3169 partes
1768 3115 1888 3165 per-

301 3182 615 3226 traxerunt.
648 3170 844 3225 Prmlio
864 3171 1157 3226 commisso
1188 3170 1252 3224 ad
1293 3169 1594 3225 llaliartttm
1635 3169 1891 3224 Lacerta:-

304 3245 470 3297 monii
523 3243 648 3296 victi
681 3250 829 3309 sunt,
862 3251 918 3295 et
968 3241 1252 3312 Lysander
1279 3243 1552 3306 occubuit,
1585 3239 1889 3310 XenOphon

1991 2884 2044 2940 in
2073 2883 2362 2947 Boeotiam,
2411 2898 2519 2940 non
2565 2886 2790 2942 omnino
2819 2887 3078 2943 convenit
3113 2887 3254 2944 Just.
3302 2896 3358 2944 et
3389 2889 3482 2946 0n
3507 2892 3592 2946 sio

1991 2969 2112 3031 cum
2165 2955 2554 3031 Xenophonte,
2592 2957 2832 3014 Diodoro
2874 2974 2926 3014 et
2958 2959 3164 3015 Plutar.
3197 2961 3382 3031 Pugna
3431 2979 3588 3017 cotu-

1991 3028 2156 3083 missa
2187 3025 2282 3082 fuit
2307 3025 2374 3082 ad
2399 3028 2737 3084 Coroneam:
2760 3031 3021 3086 mendose
3048 3031 3190 3086 enim
3222 3025 3587 3088 iu'Plutarrhi

1992 3097 2246 3224 ggesilao
2287 3106 2396 3166 est,
2439 3103 2562 3175 περί
2599 3105 2692 3160 τήν
2739 3105 3084 3178 Χαιρώνειαν,
3136 3117 3235 3174 pro
3277 3107 3587 3178 Κορώνειαν.

2038 3185 2163 3224 ABR.

2038 3185 2163 3225 ABR.

2008 3287 2017 3319 τ
2063 3243 2153 3319 δῖ.
2206 3240 2542 3319 Vulneratur.
2590 3241 2704 3319 Ed._
2733 3243 2895 3319 Aug.,
2943 3243 3241 3300 vulneratus
3282 3257 3380 3317 cst,
3424 3263 3584 3319 quam
3665 3312 3672 3319 _

304 3315 444 3392 libro
473 3315 633 3392 tertio
651 3321 914 3392 extremo.
934 3311 1320 3392 [-tiotht-nmv,
1345 3312 1782 3392 l’jusanjastttel
1807 3328 1885 3392 tx_,
1918 3327 1964 3392 ρ
1996 3311 2289 3392 lectionem
2323 3323 2436 3368 tres
2465 3313 2765 3392 Florentini
2796 3311 3015 3386 quoque
3047 3311 3373 3392 agnoscunt.

303 3386 627 3439 Pilll'II'Clllls
657 3387 708 3437 itt
747 3384 1051 3455 Lysandro.
1085 3383 1248 3438 FABIL
1276 3413 1346 3425 —
1370 3383 1508 3438 Cm].
1543 3383 1887 3450 Lnngohartl.

305 3471 404 3526 pro
434 3465 574 3510 retro
604 3457 786 3526 referri
821 3456 984 3509 habet
1011 3467 1150 3509 retro
1195 3457 1340 3524 ferri.
1386 3455 1490 3508 Pro
1544 3457 1755 3526 auxilio
1791 3456 1888 3510 Ed.

305 3525 446 3596 Aug.
477 3528 642 3581 habet
684 3527 918 3580 auxiliis.
956 3527 1128 3595 Lugd.
1163 3527 1300 3580 Batt.
1334 3537 1444 3582 tres
1474 3543 1595 3580 cum
1641 3525 1888 3583 P.-rizon.

307 3605 667 3668 transponunt
694 3598 940 3666 sublapsa
971 3608 1108 3651 retro
1139 3598 1343 3668 referri.

374 3667 471 3725 54.
505 3668 723 3738 PrOpter
752 3671 993 3722 virtutem
1035 3667 1529 3734 atqueindustriam
1571 3667 1894 3737 Epaminon-

305 3741 404 3794 daz.
438 3740 665 3796 Videtur
709 3741 952 3805 Orosius,
998 3740 1258 3808 deet-plus
1293 3741 1471 3793 verbis
1517 3741 1742 3804 Justitti,
1794 3757 1893 3806 pu-

306 3823 454 3867 tasse
483 3811 608 3867 huic
653 3811 840 3880 prtclio
890 3810 1202 3866 interfuisse
1252 3810 1710 3880 Epaminondam,
1745 3811 1890 3881 quod

307 3899 493 3938 verttm
528 3898 634 3937 non
659 3891 761 3937 est.
797 3881 962 3936 Fann.

374 3956 465 4009 55.
503 3953 792 4008 Pausanias
839 3969 1059 4020 quoque,
1113 3951 1421 4024 φαίημεν.
1465 3951 1770 4024 Ρίιυεθιιὶςῐδ,
1800 3951 1892 4021 qui

306 4041 430 4080 cum
487 4025 765 4096 Lysandro
809 4022 1404 4096 adversus'l‘hebanos
1454 4024 1649 4096 missus
1694 4022 1888 4096 fuerat,

307 4093 946 4166 crimini-datum,un
995 4095 1170 4149 serius
1219 4095 1271 4166 in
1319 4093 1580 4149 Bmmiam
1630 4094 1890 4166 venisset,

307 4167 563 4239 quodque
595 4165 858 4239 cyzcsorum
890 4181 1138 4239 corpora
1161 4165 1362 4221 fmdere
1390 4179 1548 4239 quam
1577 4165 1762 4235 prtelio
1791 4166 1891 4218 tol-

311 4237 427 4293 lere
470 4237 768 4293 maluisset.
803 4239 986 4306 itaque
1025 4237 1217 4307 capitis
1271 4237 1566 4290 accersitus
1611 4240 1675 4289 ad
1714 4251 1893 4290 caus:e

315 4310 607 4364 dictionem
644 4326 749 4363 non
783 4309 975 4376 adfuit,
1002 4309 1094 4364 sed
1126 4309 1357 4378 Tegeam
1410 4309 1461 4361 in
1502 4307 1752 4378 exsilium
1795 4323 1892 4360 au-

319 4383 469 4447 fugit,
505 4379 804 4450 Xenophon
830 4389 887 4435 et
911 4376 1226 4434 Pausanias.
1258 4380 1352 4433 lib.
1382 4394 1464 4433 ιιι.
1500 4376 1664 4450 Ελιιη.
1700 4377 1820 4431 Fuit
1848 4379 1894 4434 is

320 4452 618 4507 Pausanias
667 4453 808 4505 lilius
850 4451 1266 4513 Pleistianaetis,
1301 4465 1470 4517 nepos
1523 4449 1800 4503 Pausania:
1828 4451 1894 4502 il-

319 4523 446 4588 lius,
476 4525 592 4594 qui,
624 4523 904 4577 Mardonio
937 4531 991 4576 et
1022 4522 1294 4594 Persisad
1331 4519 1758 4594 I’lateasuvictis,
1796 4522 1895 4574 im-

308 4589 594 4649 mortalem
624 4595 876 4663 gloriam
900 4608 1062 4663 prava
1092 4591 1315 4646 libidine
1337 4601 1391 4644 et
1433 4589 1741 4661 proditione
1774 4607 1893 4647 sce-

308 4667 441 4719 lesta
490 4662 730 4720 fmdavit.
780 4662 951 4732 Ilujus
991 4678 1120 4718 vero
1169 4663 1448 4718 Pausania:
1495 4663 1884 4729 innocentiam,

2069 3386 2157 3438 53.
2202 3384 2279 3438 De
2305 3400 2406 3454 qua
2434 3394 2552 3438 tunc
2579 3384 2838 3455 respirare
2863 3384 2948 3442 via:
2983 3384 3260 3454 coeperant.
3304 3389 3589 3458 Perizon.,

1997 3455 2062 3530 de
2081 3473 2182 3526 qua
2195 3458 2454 3528 respirare
2469 3459 2552 3530 ria:
2572 3468 2847 3524 emiserant.
2874 3459 3046 3528 Lttgd.
3070 3459 3187 3514 Bal.
3207 3474 3318 3515 sec.
3343 3470 3398 3516 et
3420 3455 3587 3530 Ultr.,

1995 3527 2186 3651 delgua
2216 3527 2335 3582 tunc
2356 3528 2612 3599 respirare
2634 3540 2912 3598 creperum.
2949 3527 3070 3587 Mox
3093 3531 3183 3586 ed.
3215 3531 3383 3604 Aug.,
3417 3534 3471 3586 in
3500 3527 3595 3588 auo

1995 3615 2048 3651 an
2075 3616 2144 3650 to.
2680 3616 2687 3625 '

1993 3615 2144 3652 anno.
2680 3616 2687 3625 '

2065 3670 2157 3744 3‘9.
2199 3667 2452 3744 Iplticr_a_ti
2661 3670 2738 3725 De
2762 3671 3026 3738 Iphicrate
3052 3672 3382 3744 Xenophon.
3410 3674 3504 3728 Iih.
3534 3691 3586 3730 tv

1994 3748 2043 3794 et
2073 3741 2333 3808 deinceps,
2367 3740 2525 3793 Diod.
2563 3741 2657 3795 lib.
2690 3758 2780 3796 xtv
2804 3754 2858 3798 et
2889 3760 2977 3798 xv.

2065 3811 2156 3866 40.
2205 3810 2299 3865 Vir
2327 3811 2555 3875 quidem.
2601 3812 2795 3867 Vocem
2823 3814 3174 3880 posteriorem
3198 3814 3384 3871 delent
3410 3815 3583 3883 Lugd.

1995 3881 2137 3936 Batt.
2165 3890 2290 3935 tert.
2322 3889 2376 3936 et
2403 3891 2582 3948 quart.
2616 3897 2739 3937 cum
2770 3883 2910 3937 Coll.
2945 3883 3188 3938 Gronov.

2065 3953 2159 4023 (il.
2201 3951 2719 4023 Circuittsouanliunt.
2746 3953 2910 4008 Iidem
2936 3971 3092 4023 ntss.,
3117 3957 3582 4012 eirctmtstautitmt.

2065 4022 2158 4077 42.
2201 4023 2308 4094 Sed
2331 4022 2530 4086 Conon,
2555 4034 2822 4094 postquam
2850 4036 3010 4080 vasta.
3039 4027 3116 4080 lle
3144 4029 3382 4082 Cononis
3411 4029 3582 4082 bent--

1997 4093 2120 4149 flcio
2149 4095 2202 4149 in
2228 4093 2610 4158 Athenienses,
2641 4093 2814 4165 deque
2843 4095 3048 4151 honore
3073 4097 3146 4151 illi
3172 4114 3198 4149 a
3224 4099 3339 4152 suis
3368 4099 3579 4162 habito,

1996 4175 2197 4238 printer
2215 4177 2466 4238 casteros,
2492 4180 2628 4238 quos
2651 4166 2762 4238 jam
2785 4182 2930 4232 sarpe
2958 4168 3329 4235 nominamus,
3362 4170 3580 4238 elegan-

1998 4247 2080 4311 t_er
2124 4237 2516 4311 Demosthenes
2545 4237 2615 4311 de
2649 4237 2990 4311 immunitate
3028 4249 3213 4311 eontra
3266 4239 3574 4311 Leptinem.

1998 4306 2284 4379 Legendus
2311 4323 2523 4379 quoque
2555 4309 2806 4363 Isocratis
2835 4309 3132 4379 Evagoras.
3169 4309 3338 4366 ann.

2065 4379 2158 4434 45.
2203 4378 2378 4450 Nunc.
2419 4378 2557 4434 Edd.
2592 4381 2836 4450 quaedam
2868 4378 3026 4444 vctt.,
3051 4391 3189 4436 tunc.

2201 4448 2423 4528 Prwdis.
2469 4448 2880 4521 Etlquttazdam
2907 4462 2967 4528 ut
2992 4462 3047 4506 et
3074 4453 3196 4528 cod.
3237 4452 3374 4510 Ultr.
3401 4498 3416 4522 ,
3449 4473 3584 4528 prm-

1996 4522 2173 4596 sidiis,
2200 4523 2742 4596 quasi‘innuerentur
2771 4538 2903 4590 opes
2936 4524 3190 4596 Persicm,
3242 4541 3307 4579 ex
3349 4522 3542 4596 quihm
3569 4569 3585 4594 ,

1998 4591 2534 4662 Lacedaxmouiorum
2563 4593 2832 4661 quondam
2867 4595 3153 4662 przesidiis,
3191 4591 3381 4650 urbem
3421 4591 3579 4652 restiQ

2001 4664 2100 4718 tuit
2127 4661 2333 4733 Conon.
2369 4665 2474 4718 Sed
2507 4679 2612 4717 non
2661 4675 2811 4718 muto
2843 4661 3132 4732 vulgatam,
3185 4680 3348 4733 quam
3377 4675 3578 4723 con'ir-

305 4711 446 4806 iiii;
479 4711 745 4808 Lysandri
776 4711 1029 4808 iiiiniue,
1054 4735 1226 4808 altera
1253 4736 1366 4808 jam
1394 4733 1765 4808 _vice,eapitis
1795 4711 1884 4792 ar:
1919 4711 1971 4772 Ῐ)
1996 4743 2104 4808 mat
2127 4732 2396 4808 Justinus,
2425 4733 2671 4808 scribens
2699 4735 2793 4788 lib.
2839 4750 2912 4796 vt.
2934 4711 3076 4805 ncap.
3109 4711 3178 4789 552
3205 4711 3220 4789 ἶ
3256 4711 3480 4806 ni'qie'l
3503 4711 3586 4792 vim

306 4803 644 4870 cesseba'tur,
673 4806 1029 4873 prodiderunt
1054 4803 1357 4873 Xenophon
1393 4805 1527 4858 Hist.
1552 4803 1648 4858 Gr.
1681 4805 1773 4860 lib.
1801 4821 1880 4864 ιιι.

309 4896 361 4946 p.
395 4879 524 4946 507,
549 4879 826 4934 Plutarch.
860 4876 914 4931 in
965 4875 1240 4947 Lysandro
1271 4890 1324 4945 p.
1355 4874 1484 4947 459.
1523 4875 1757 4929 Pattsan.
1786 4875 1882 4930 lib.

307 4945 386 5011 ut.
421 4968 472 5019 p.
507 4949 614 5004 216
641 4960 695 5006 et
724 4949 926 5004 Justin.
955 4945 1049 5003 lib.
1086 4961 1160 5019 vt,
1193 4947 1409 5019 capsa.
1442 4945 1496 5019 lu
1533 4947 1622 5019 jus
1654 4957 1886 5019 vocatus

310 5015 478 5083 prima
521 5021 641 5078 vice
684 5022 876 5081 fuerat,
909 5027 968 5074 ut
1009 5018 1101 5089 qui
1149 5015 1427 5089 exsulibus
1467 5016 1883 5072 Atheniensium

307 5091 545 5157 favisset,
571 5101 736 5162 atque
764 5088 1203 5160 aegerrime,pari
1229 5088 1606 5162 suffragiorum
1641 5103 1885 5154 numero,

309 5165 610 5230 perieulum
640 5159 908 5217 evaserat.
940 5161 1074 5215 Cum
1105 5159 1340 5215 secunda
1364 5164 1484 5214 vice
1518 5169 1883 5230 accusaretur,

309 5229 478 5295 noluit
511 5234 664 5288 iratis
706 5244 928 5302 propter
967 5232 1225 5303 Lysandri
1263 5229 1772 5303 tnortetuhcivihus,
1802 5245 1886 5285 sa-

308 5303 472 5358 lutem
523 5319 678 5359 suam
708 5300 968 5366 credere,
996 5300 1092 5358 sed
1116 5303 1373 5373 Tegeam,
1400 5303 1450 5358 itt
1482 5300 1747 5373 Minervae
1768 5310 1905 5356 tem-

311 5377 477 5444 plum,
507 5376 653 5446 qttod
695 5385 867 5430 tutum
915 5371 1294 5446 miserisie‘rat
1332 5374 1566 5446 asylum,
1620 5371 1884 5446 confugit,

309 5447 487 5513 ibique
519 5444 709 5502 inorbo
753 5446 894 5500 diem
927 5445 1082 5500 obiit.
1121 5445 1252 5499 Vide
1293 5461 1412 5516 qua:
1454 5445 1522 5498 de
1562 5459 1628 5499 eo
1659 5444 1893 5500 diximus

308 5519 358 5571 in
400 5517 558 5572 Serie
606 5533 790 5587 regum
850 5515 1380 5587 Laceda'mouiorum
1410 5515 1605 5587 stirpis
1642 5516 1894 5586 Eurytio-

309 5589 580 5659 uidarnm,
607 5584 730 5659 quas
759 5597 882 5657 post
915 5589 1084 5639 Vitam
1124 5585 1375 5659 Antigoni
1409 5584 1649 5651 Tutoris,
1679 5602 1706 5659 ξι
1751 5584 1883 5659 quo,

308 5657 598 5714 Cleomene
625 5654 793 5717 'victo.
823 5667 976 5726 capta
1007 5659 1105 5712 fuit
1132 5654 1508 5723 Lacedmmon,
1542 5654 1786 5727 sequitur
1832 5657 1884 5714 in

312 5729 539 5790 Historia
571 5744 758 5801 regum
783 5728 1130 5801 Macedoniae.

381 5802 472 5858 50'.
520 5796 743 5877 ItcpEute
778 5819 872 5860 res;
911 5799 1202 5875 Agesilaus.
1246 5799 1320 5862 De
1363 5798 1596 5862 adventu
1646 5796 1883 5871 Agesilai

1988 4804 2196 4881 incensa
2221 4805 2455 4874 fuerunt,
2488 4807 2787 4881 priedai'um
2814 4804 3040 4881 sumptu,
3077 4814 3210 4874 etc.,
3229 4808 3320 4863 ubi
3340 4804 3586 4881 Seqtti'ut'

1989 4876 2152 4946 paulo
2185 4884 2328 4946 post,
2363 4891 2426 4930 ea:
2450 4874 2632 4946 spoliis
2662 4874 3200 4931 Lacedwmoniornm.

2058 4946 2154 5002 45.
2196 4945 2406 5000 Interea
2431 4945 2758 5005 Artaxerxes.
2788 4963 2881 5000 rex
2908 4946 3208 5001 Persarum.
3249 4946 3384 5003 Cum
3417 4949 3474 5002 Pl
3502 4965 3589 5002 ar-

1989 5017 2230 5074 nabazus
2258 5026 2311 5072 et
2333 5017 2521 5072 Conon
2555 5018 2700 5088 regia
2731 5018 2910 5072 classe
2943 5019 3269 5073 maritimam
3325 5021 3577 5075 Laconia:

1991 5104 2145 5143 uram
2176 5103 2301 5144 cum
2335 5089 2604 5142 maleficio
2637 5089 3028 5156 pervaderent.
3061 5099 3116 5144 et
3144 5091 3373 5145 Athena:
3420 5107 3576 5144 muro

1991 5160 2362 5230 cingerentur,
2387 5159 2588 5230 placuit
2606 5158 3034 5215 Lacedaemoniis
3055 5174 3238 5228 pacem
3264 5161 3444 5215 facere
3461 5179 3583 5215 eum

1997 5246 2124 5300 rege
2157 5232 2466 5293 Persarum.
2499 5245 2670 5301 caque
2700 5247 2757 5286 ro
2794 5231 3136 5285 Antaleidam
3168 5232 3236 5286 ad
3268 5230 3585 5286 Tiribazum

2010 5303 2154 5371 regis
2181 5304 2493 5372 prtelectum
2520 5304 2806 5366 miserunt,
2836 5312 2892 5356 ttt
2922 5302 3065 5372 illius
3094 5317 3258 5371 opera
3286 5317 3386 5372 pax
3416 5306 3594 5355 firma.

2002 5382 2171 5427 retur.
2208 5371 2319 5425 Ilac
2353 5371 2422 5425 de
2469 5387 2630 5426 causa
2658 5387 2846 5442 pacem
2877 5374 3013 5428 hanc
3039 5371 3216 5428 (ἔτωεὶ
3257 5378 3348 5434 τὴν
3385 5375 3587 5428 5'11"».-

1999 5442 2238 5520 ralaidou
2267 5442 2533 5520 yavoyévn?
2555 5445 2752 5520 ξὶρήνηχ
2771 5452 3071 5520 vocant_._ut
3093 5445 3590 5520 demonstravimus

1999 5518 2159 5582 paulo
2188 5513 2316 5568 ante
2343 5513 2406 5568 ei
2431 5513 2678 5586 Polybio.
2709 5515 2790 5570 Tu
2820 5517 2936 5583 lege
2961 5514 3380 5586 Xenophontem
3414 5517 3505 5569 lib.
3531 5533 3584 5577 v.

1997 5585 2220 5642 Diodor.
2269 5599 2391 5648 XIV,
2428 5585 2772 5642 Plutarchum
2811 5587 2865 5640 in
2903 5585 3154 5654 Agesilao
3174 5596 3228 5641 et
3258 5586 3584 5642 Artaxerxe.

1992 5656 2237 5787 :‘letniuit
2270 5656 2468 5716 Strabo
2509 5657 2560 5715 in
2591 5659 2699 5717 tlne
2729 5658 2826 5723 lib.
2860 5671 2908 5710 rt
2930 5697 2944 5723 ,
2980 5655 3273 5714 Pausanias
3319 5657 3472 5716 initio
3507 5673 3581 5716 ix.

2011 5744 2166 5787 iano.

2011 5729 2166 5790 iano.
