4092 6346
279 191 384 250 805
1314 183 1782 244 HISTORIARUM
1825 179 2030 242 LIBER
2066 181 2156 241 lli.
2195 181 2348 239 CAP.
2391 178 2479 237 lll.
3460 174 3566 240 806

277 308 506 364 cabilem
545 307 587 341 ¹⁹
628 313 872 374 cratem,
914 310 1080 376 atque
1104 302 1350 372 incertos
1375 302 1644 358 bellorum
1675 301 1864 366 orbes,
1892 302 1948 363 Α
1974 314 2075 372 que
2110 297 2499 370 pruricntibus,
2550 293 2666 367 ipsa
2719 293 2880 353 etiam
2933 292 3043 352 vita
3092 294 3139 327 ’³
3169 293 3380 351 fastidio
3411 306 3519 352 est.

275 401 322 432 ²⁰
351 401 456 455 huc
485 409 542 456 et
582 399 713 456 illuc
762 396 1094 471 lymphatico
1144 395 1326 452 furore
1355 405 1654 466 gestorum,
1685 393 1868 449 verbis

277 510 307 549 e
335 494 569 564 vestigio
615 500 838 548 secutus
887 489 1130 562 implicui
1160 506 1174 544 :
1208 489 1464 560 quoniam
1503 495 1651 543 tanto
1681 486 1763 556 (ut
1792 483 1872 539 vi-

275 583 402 654 deo)
436 582 799 639 inordinatius
827 580 1043 651 scripsi,
1072 589 1274 652 quanto
1304 577 1476 648 magis
1507 575 1751 630 ordinem
1777 591 1870 630 cu-

278 676 498 730 stodivi.
550 675 798 742 Improba
837 672 1154 729 dominandi
1197 669 1738 727 Lacedaemoniorum
1770 684 1870 722 cu-

275 768 499 839 piditas,
529 767 746 836 quantis
777 765 992 836 populis
1021 807 1035 829 ,
1066 764 1322 834 qualibus
1354 762 1583 817 urbibus
1604 806 1617 829 ,
1672 760 1873 830 quibus

277 861 605 934 provinciis.
636 859 941 930 cujusmodi
965 857 1216 914 odiorum
1245 867 1450 920 mqus,
1481 864 1714 927 quantas
1745 867 1869 908 cau-

278 969 368 1009 sas
395 953 757 1008 certaminum
785 951 1086 1013 suscitarit,
1113 950 1236 1024 qpis
1255 950 1334 1004 vel
1367 963 1616 1014 numero,
1635 945 1715 1001 vel
1741 945 1879 1000 ordi-

281 1061 374 1110 ne,
407 1045 493 1100 vel
525 1047 736 1100 ratione
766 1042 1067 1112 disponat?
1097 1057 1219 1096 cuni
1251 1041 1351 1110 ipsi
1384 1053 1598 1110 quoque
1630 1053 1737 1092 non
1756 1037 1875 1106 plus

2586 419 2820 510 'caeur
2857 450 2946 508 ιιι.

1974 573 2314 631 Terrazmotus
2345 570 2556 626 Achaia!
2587 566 2806 623 collatus
2829 583 2946 640 eum
2967 564 3569 640 Constantinoiiolitano.

2284 643 2509 700 Romani
2538 642 2767 695 civitates
2797 637 2996 708 aliquot
3021 639 3254 710 capiunt.

2047 783 2061 813 ¹
2087 780 2245 836 Anno
2273 779 2342 855 ab
2365 778 2508 835 Urbe
2528 775 2742 833 condita
2768 789 3028 832 ccctxxvt
3052 773 3354 830 saevissimo
3375 782 3562 829 terrm-

1976 883 2122 928 motu
2154 871 2358 928 Achaia
2392 871 2642 925 universa
2673 883 2940 925 concussa
2965 876 3071 932 est,
3105 875 3160 922 et
3186 865 3308 922 dua:
3338 875 3462 922 tunc
3492 865 3570 921 ei.
3609 865 3612 868 ’

1977 967 2202 1031 vitates,
2247 964 2297 1020 id
2338 974 2441 1029 est,
2475 967 2494 994 '
2531 963 2668 1018 Bura
2713 971 2770 1018 et
2810 961 3016 1026 llelice,
3057 958 3301 1028 abruptis
3331 959 3572 1014 locorum

1978 1060 2213 1116 hiatibus
2243 1057 2518 1113 devorata:
2549 1067 2698 1112 sunt.
2731 1054 2802 1110 At
2826 1068 2927 1125 ego
2960 1067 3103 1110 nunc
3128 1068 3159 1108 e
3179 1049 3453 1107 contrario
3482 1063 3578 1120 po-

281 1139 471 1195 afﬂicti
494 1138 655 1194 bellis
684 1153 844 1210 quam
879 1135 1142 1191 bellorum
1179 1133 1498 1189 confusione
1523 1132 1829 1187 refcrantur
1861 1145 1876 1185 :

286 1234 760 1304 siquidem,tr.icto
779 1247 875 1302 per
891 1229 1093 1301 aliquot
1116 1239 1302 1296 aetates
1315 1227 1420 1284 hoc
1434 1226 1690 1282 continuo
1706 1224 1843 1280 bello
1859 1262 1876 1289 ,

277 1326 664 1392 Athenienses,
710 1317 1127 1390 Laeedzrmonii,
1167 1319 1428 1377 Arcades.
1468 1317 1683 1378 Bmotii,
1733 1315 1878 1370 The-

275 1419 426 1484 bani,
449 1419 606 1491 155
627 1414 1141 1488 postrcmoGrmcia,
1160 1414 1366 1479 Asia,“
1386 1412 1586 1478 Persis,
1605 1419 1765 1481 atque
1789 1409 1881 1464 ΑΞ-

275 1525 474 1586 gyptus
499 1529 618 1568 cum
645 1511 831 1584 Libya,
856 1509 1156 1580 insulisque
1181 1507 1447 1571 maximis,
1474 1506 1694 1562 navales
1719 1504 1878 1560 simul

276 1608 675 1680 pedestresque
696 1606 980 1662 conﬂictus
1004 1603 1312 1660 indiscretis
1336 1616 1497 1673 egere
1519 1599 1877 1656 discursibus.

1981 1162 2152 1208 teram
2183 1150 2382 1206 similia
2415 1150 2467 1202 in
2499 1147 2693 1203 diebus
2721 1145 2922 1202 nostris
2951 1145 3091 1216 apud
3111 1143 3578 1212 Constantinorto-

1982 1243 2098 1310 lim,
2127 1258 2284 1315 teque
2319 1241 2477 1313 156
2509 1240 2668 1295 modo
2699 1239 2997 1309 principem
3027 1237 3289 1308 gentium,
3317 1237 3572 1308 prmdicta

1981 1347 2036 1396 et
2080 1337 2217 1392 facta
2239 1379 2254 1403 ,
2291 1336 2385 1391 sed
2433 1352 2539 1389 non
2579 1333 2817 1405 perlecta
2852 1347 3098 1398 narrare,
3131 1346 3276 1398 eum,
3309 1342 3436 1401 post
3467 1340 3576 1386 ter-

1984 1428 2199 1484 ribilem
2249 1427 2714 1484 denuntiationem
2761 1423 3259 1493 conscientiamque
3311 1421 3437 1478 mali
3487 1421 3572 1477 sui

1985 1522 2004 1553 ³
2053 1521 2359 1591 praesciam,
2405 1520 2593 1576 subter
2627 1527 2896 1574 commota
2931 1515 3174 1572 funditus
3204 1525 3348 1573 terra
3375 1526 3577 1573 treme-

1984 1615 2116 1682 ret,‘
2143 1624 2197 1671 et
2223 1614 2461 1682 desuper
2485 1612 2600 1668 fusa
2624 1611 2836 1668 cmlitns
2859 1610 3071 1666 ﬂamma
3096 1610 3378 1679 penderet,
3402 1611 3576 1666 donec

275 1703 510 1769 Referre
548 1717 685 1757 cresa
717 1700 996 1757 hominum
1028 1697 1198 1754 millia
1229 1713 1336 1752 non
1368 1710 1609 1766 possem,
1641 1695 1806 1750 etiam
1835 1693 1878 1749 si
1911 1684 1958 1745 B
1986 1707 2006 1739 υ
2036 1706 2376 1763 orationibus
2409 1704 2629 1760 Arcadii
2664 1703 2926 1772 principis
2965 1713 3020 1757 et
3051 1700 3232 1771 populi
3260 1701 3574 1768 Christiani,

275 1801 427 1857 bella
479 1814 842 1855 numerarem.
877 1799 944 1852 At
973 1809 1115 1852 nunc
1145 1795 1189 1825 “
1220 1795 1460 1863 increpet
1489 1790 1603 1845 haec
1633 1798 1875 1859 tempora

275 1904 445 1966 atque
485 1893 574 1949 illa
622 1890 908 1957 collaudet,
941 1890 1266 1961 quicumque
1297 1887 1470 1944 nescit
1499 1885 1662 1942 hosce
1685 1898 1875 1940 omnes

277 1989 513 2043 istarum
554 1985 766 2040 urbium
809 1981 1317 2056 provini-iarnmque
1345 1981 1596 2050 populos,
1635 1979 1707 2033 ita
1737 1991 1879 2034 nunc

277 2078 330 2134 in
368 2078 508 2134 solis
534 2077 672 2133 ludis
699 2092 762 2130 ac
795 2074 1021 2134 theatris
1050 2087 1463 2137 consenescere,
1490 2071 1646 2125 sicuti
1674 2080 1798 2124 tunc
1826 2069 1878 2123 in

276 2170 484 2226 castris
513 2168 753 2223 maxime
774 2165 1081 2238 praeliisque
1111 2163 1157 2195 "
1190 2163 1446 2218 tabuisse.
1472 2161 1882 2217 Florentissima

278 2265 410 2330 illa,
453 2263 500 2294 “
531 2272 584 2318 et
623 2262 785 2318 tctius
828 2269 956 2317 tunc
998 2259 1285 2328 imperium
1325 2256 1564 2312 Orientis
1601 2255 1879 2324 all‘ectans,

280 2355 825 2413 Lacedaemoniorum
855 2355 1068 2419 civitas,
1104 2352 1188 2406 vix
1233 2359 1450 2406 centum
1485 2349 1685 2405 habere
1716 2351 1884 2416 potuit.

281 2467 450 2508 senes
483 2469 498 2506 :
528 2451 602 2506 ita
630 2448 1042 2506 incessabilihus
1071 2447 1444 2502 circumventa
1476 2444 1659 2508 malis,
1695 2444 1887 2498 imma-

283 2556 442 2602 turas
470 2545 671 2600 misere
698 2541 1036 2613 expendebat
1069 2549 1257 2595 anates
1289 2555 1304 2596 :
1335 2550 1388 2594 et
1417 2547 1714 2609 querunlur
1746 2555 1887 2595 nunc

287 2638 567 2702 homines,
599 2651 827 2708 quorum
857 2633 1073 2690 γεῖθι-ιω
1096 2633 1279 2712 pueris
1300 2641 1354 2689 et
1373 2631 1593 2687 senibus
1615 2632 1884 2699 civitates,

287 2748 486 2788 secura
514 2730 773 2801 juvenum
799 2728 1234 2800 peregrinatione
1253 2726 1517 2792 ditantur,
1544 2727 1890 2798 paciﬁcisque

291 2823 576 2881 exercitiis
605 2821 873 2894 stipendia
903 2820 1218 2876 domesticae
1249 2819 1543 2889 voluptatis
1571 2821 1892 2890 acquirunt?

293 2917 402 2972 nisi
445 2917 586 2972 forte
627 2915 711 2988 (ut
753 2913 994 2969 assolent
1033 2912 1284 2968 humana:
1327 2911 1670 2967 mutabilitati
1710 2915 1892 2969 omnia

299 3009 528 3066 sordere
564 3006 873 3080 prtesentia)
922 3007 1193 3063 novitates
1257 3021 1441 3062 rerum
1510 3016 1630 3062 actu
1684 3007 1896 3062 auditu-

1981 1806 2304 1870 prtesentcm
2352 1795 2704 1865 perditionem
2755 1794 2897 1849 Deus
2944 1802 3204 1848 exoratus
3243 1803 3516 1849 averteret
3557 1811 3573 1849 :

1982 1889 2220 1960 probans
2263 1903 2322 1944 se
2360 1887 2538 1943 solum
2569 1901 2692 1944 esse
2718 1895 2772 1942 et
2798 1896 3239 1944 conservatorem
3269 1887 3573 1952 humilium,

1982 1992 2037 2039 et
2070 1983 2378 2052 punitorem
2418 1981 2709 2036 malorum.
2743 1980 2764 2010 ⁸
2801 1979 2908 2036 Sed
2957 1980 3092 2049 hinc,
3140 1989 3198 2035 ut
3239 1995 3575 2037 commemo-

1985 2084 2102 2130 rata
2127 2075 2237 2130 sint
2262 2075 2432 2144 magis
2461 2088 2620 2144 quam
2655 2073 2944 2143 explicata,
2975 2074 3320 2130 verecundia:
3346 2090 3572 2132 conces-

1985 2169 2175 2237 serim,
2210 2177 2266 2224 ut
2293 2176 2348 2223 et
2369 2167 2458 2236 qui
2489 2167 2615 2234 scit,
2646 2167 2872 2233 recolat,
2903 2174 2960 2223 et
2986 2167 3075 2237 qui
3098 2167 3289 2234 nescit,
3314 2166 3574 2238 inquirat.

1995 2265 2014 2296 ⁷
2047 2263 2258 2320 Interea
2289 2261 2538 2327 Romani,
2573 2261 2663 2333 qui
2685 2276 2783 2332 per
2801 2261 3145 2332 septuaginta
3165 2277 3338 2318 annos
3357 2263 3426 2318 ab
3447 2263 3580 2319 urbe

1994 2358 2339 2428 Volscorum.
2373 2365 2634 2426 praeterea
2655 2354 3011 2421 Faliscorum,
3043 2355 3365 2427 Equorum,
3401 2367 3455 2412 et
3483 2357 3586 2413 Su-

1991 2453 2277 2520 trinorum,
2309 2449 2518 2506 subacti
2555 2457 2610 2505 et
2649 2448 2842 2514 attriti,
2873 2447 3107 2504 assiduis
3135 2449 3294 2504 bellis
3319 2451 3580 2506 conﬁcie-

1989 2547 2225 2612 bantur,
2274 2543 2490 2600 tandem
2532 2543 2587 2598 in
2623 2544 2646 2576 ⁸
2683 2543 3068 2614 suprascriptis
3101 2542 3326 2610 diebus,
3359 2545 3588 2602 Camillo

1991 2639 2150 2704 duce,
2182 2635 2400 2694 easdem
2431 2649 2627 2704 cepere
2651 2633 2923 2700 civitates,
2951 2643 3006 2690 et
3034 2634 3274 2691 redivivo
3303 2636 3462 2694 tinem
3489 2637 3588 2693 de-

1993 2732 2124 2789 dere
2151 2730 2455 2788 certamini.
2479 2734 2498 2763 °
2525 2729 2890 2800 Praenestinos
2911 2727 3073 2784 etiam
3097 2727 3292 2785 eodem
3317 2739 3581 2800 tempore,

1995 2827 2084 2899 qui
2116 2827 2159 2859 ¹⁶
2191 2841 2358 2897 usque
2389 2823 2456 2879 ad
2488 2830 2700 2894 portam
2738 2821 2923 2877 Romte
2951 2821 3204 2878 bellando
3245 2829 3299 2877 ct
3327 2823 3587 2880 cmdcndo

1996 2916 2467 2993 pervencrant,ad
2488 2916 2686 2974 ﬂumen
2709 2913 3004 2984 Alliam,T.
3026 2914 3276 2985 Quinctio
3299 2927 3585 2989 pugnante,

1999 3011 2264 3068 vicerunt.

1595 3119 2042 3181 I‘lAVEllCAMPl
2082 3122 2312 3181 ΝΟΤΛΕ.

378 3215 466 3271 19·
509 3213 732 3271 crtum
773 3212 1232 3286 Respmdelhm
1254 3229 1356 3286 Vox
1383 3214 1568 3279 νοτίην,
1595 3215 1736 3282 σμιυά
1763 3232 1896 3284 prze-
1925 3219 1971 3282 C
2001 3235 2123 3274 cum
2155 3219 2385 3274 Olenum
2416 3226 2470 3274 et
2501 3215 2744 3281 Helicen,
2777 3217 2938 3286 paulo
2958 3224 3086 3273 ante
3111 3217 3320 3275 cladem
3347 3219 3590 3279 Leuctri-

303 3288 496 3350 cessit,
523 3287 778 3342 contexui.
819 3288 891 3340 Ex
923 3301 1052 3340 mss.
1089 3285 1260 3357 Lugd.
1295 3284 1435 3338 Batt.
1464 3296 1576 3341 tres
1604 3304 1725 3339 cum
1757 3287 1896 3342 Coll.

302 3360 548 3416 Gronov.
599 3358 742 3412 hanc
788 3357 1020 3428 glossam
1082 3373 1184 3427 pro
1229 3372 1291 3410 ea
1334 3357 1563 3428 habent,
1595 3359 1782 3411 malent
1812 3377 1901 3413 seu

303 3431 622 3496 materiam;
650 3429 774 3483 cdd.
795 3427 979 3498 prima
1001 3469 1015 3494 ,
1048 3427 1220 3482 Paris.
1248 3439 1306 3500 et
1333 3427 1552 3484 Veneta:
1580 3429 1765 3500 legunt
1794 3432 1902 3486 cla-

305 3505 453 3564 dem,
487 3501 579 3555 sed
601 3511 791 3554 cratem
823 3516 945 3553 cum
979 3499 1200 3569 reliquis
1230 3498 1462 3568 August.

377 3573 470 3628 ΞΟ.
519 3570 637 3624 Huc
657 3580 703 3625 et
727 3570 873 3624 illac.
903 3571 996 3625 Sic
1018 3585 1148 3626 mss.
1180 3586 1372 3626 omnes
1395 3586 1517 3626 cum
1547 3571 1635 3626 ed.
1670 3573 1900 3642 August.

306 3645 577 3712 Reliquas,
608 3641 709 3695 huc
731 3651 882 3711 atque
902 3643 1048 3695 illuc.

382 3711 478 3770 2t.
522 3713 720 3768 Persis.
763 3714 930 3780 Mens,
975 3713 1178 3768 Persia.
1219 3712 1340 3767 Mox
1370 3711 1642 3782 Perizon.,
1673 3730 1787 3769 cum
1817 3713 1907 3768 Li-

311 3786 445 3856 byis.

384 3856 477 3911 22..
523 3854 779 3927 Increpet.
825 3854 998 3926 Lugd.
1041 3855 1185 3910 Batt.
1227 3863 1337 3911 tres
1373 3869 1497 3911 cum
1533 3854 1672 3910 Coll.
1711 3853 1905 3922 Gron,

313 3936 560 4000 reputet:
585 3932 748 4000 male.

388 4001 479 4051 25.
509 3998 776 4068 Tobuisse.
813 3997 982 4068 Lttgd.
1019 3997 1135 4052 Bal.
1173 4013 1253 4066 pr.
1274 4037 1289 4062 ,
1324 3997 1622 4053 tabuissent.

388 4071 482 4124 ει.
516 4067 578 4122 Et
625 4073 776 4122 totius
822 4067 944 4123 tunc
984 4070 1257 4139 imperium
1306 4068 1551 4124 Orientis.
1585 4067 1760 4140 Lugd.
1793 4067 1907 4122 But.

317 4156 458 4203 sec.,
491 4143 642 4195 totius
667 4141 941 4211 imperium
975 4139 1221 4194 Orientis.

389 4212 484 4266 25.
540 4209 775 4265 Fastidio
817 4221 908 4265 est.
957 4212 1122 4281 Lugd.
1172 4211 1287 4265 Dat.
1329 4219 1560 4281 quatuor
1601 4225 1724 4266 cum
1765 4209 1908 4265 Cull.

321 4286 588 4343 Gronov.,
619 4283 889 4354 fastidiunt
928 4291 1020 4337 est.

393 4353 522 4410 Car.
559 4351 641 4408 ill.
669 4383 739 4394 —
762 4355 812 4408 1.
859 4353 1005 4407 Auno
1044 4353 1108 4406 ab
1139 4353 1204 4408 U‘.
1235 4370 1280 4409 r.
1315 4367 1598 4408 ccccxxvt.
1628 4351 1829 4408 Euseb.
1863 4353 1916 4406 in

324 4428 420 4482 lib.
446 4428 514 4481 de
559 4427 891 4492 temporibus
913 4426 1054 4479 hunc
1077 4434 1440 4479 tet'rzetnotutn
1470 4423 1690 4478 ascribit
1712 4425 1917 4495 (ήμην.

325 4500 658 4553 ccutesimzu.
682 4497 879 4551 Strabo
903 4497 1042 4550 libro
1066 4511 1153 4549 ι·ιιι
1179 4496 1368 4550 scribit
1391 4496 1485 4548 hJS
1512 4495 1672 4549 nrbes
1697 4512 1914 4550 eversas

330 4570 548 4625 biennio
585 4580 708 4623 ante
740 4582 965 4634 pugnam
999 4568 1360 4632 Leuctricam,
1399 4566 1447 4620 id
1479 4577 1580 4626 cst.
1613 4581 1754 4621 anno
1783 4577 1910 4623 ante

328 4639 692 4712 olympiadetn
726 4638 827 4712 102
853 4637 1088 4692 Diodoro
1116 4648 1355 4712 aucturis,
1381 4638 1468 4706 qui
1495 4653 1669 4691 annus
1692 4654 1758 4692 ex
1781 4639 1914 4692 alio-

333 4707 449 4767 ru'm
479 4707 860 4780 Supputitione
882 4719 962 4763 est
991 4725 1248 4765 ccccxxx.
1281 4707 1444 4762 FABR.

397 4785 456 4838 Ξ.
499 4778 642 4835 Bura
670 4792 715 4834 et
750 4779 945 4833 Helice.
974 4781 1046 4834 lia
1073 4780 1388 4848 scripsimus
1412 4795 1476 4832 ex
1505 4778 1718 4834 Eusebii
1745 4779 1916 4833 Chro-

333 4854 457 4910 nico
477 4897 492 4919 ,
525 4851 856 4923 Thucydidis
898 4851 1037 4905 libro
1080 4868 1158 4916 ιιι,
1179 4851 1647 4923 Strabonis-libro
1677 4867 1691 4902 t
1719 4861 1772 4904 et
1801 4867 1913 4916 \‘lll,

337 4923 615 4980 Pausauim
639 4919 775 4977 libro
815 4939 916 4991 vn,
951 4923 1103 4977 Plinii
1136 4922 1272 4977 libro
1300 4937 1357 4987 ιι,
1389 4921 1551 4986 capit.
1582 4919 1682 4985 92,
1717 4935 1835 4991 cum
1868 4926 1918 4975 in

335 4996 508 5052 Orosii
538 4994 688 5050 libris
715 5003 895 5056 esset,
930 4994 1099 5048 Ebora
1127 5003 1172 5048 et
1207 4991 1409 5046 Helice.
1437 4992 1652 5045 Diodor.
1688 4990 1824 5044 libro
1856 5007 1922 5046 xv

339 5069 474 5122 hanc
516 5067 812 5120 inauditam
849 5066 1154 5120 eluvionem
1183 5062 1501 5118 describens
1540 5060 1690 5116 addit
1729 5063 1921 5133 ἐγένετο

339 5139 390 5195 δὲ
420 5146 574 5195 τοῦτο
611 5139 670 5192 τὸ
699 5137 860 5211 «eos;
893 5136 1224 5211 rﬁq_‘.Axa‘iac
1243 5133 1705 5211 Δειτερὶ-δύομπᾷλεῇιςκ
1734 5131 1924 5211 Ἐλξζῃν

339 5233 391 5266 τε
416 5215 500 5266 καὶ
521 5215 730 5274 Βοῦραν,
759 5208 810 5262 id
832 5217 935 5269 est,
966 5205 1112 5259 "ani:
1133 5205 1331 5260 cladem
1354 5206 1457 5259 duo
1482 5205 1688 5258 Achaia:
1708 5206 1922 5269 Oppida,

346 5265 526 5335 "elice
569 5265 629 5332 et.
659 5265 802 5352 Bjtra
821 5320 835 5344 ,
879 5265 976 5352 esp
997 5289 1087 5331 'rta
1125 5287 1263 5352 sunt.
1295 5276 1462 5352 Fluit}.
1487 5306 1558 5316 —
1584 5265 1926 5352 ΑριιιΓ-Ριιιγὲ

345 5353 491 5408 bium
537 5359 659 5420 post
701 5346 818 5403 hsce
857 5346 1099 5418 tempora
1147 5350 1301 5402 Bura:
1346 5347 1494 5402 urbis
1541 5353 1597 5402 ct
1639 5346 1923 5420 Buriorum

347 5417 551 5478 mentio
571 5421 652 5484 ﬁt,
679 5421 954 5482 nimirum,
973 5417 1107 5488 quia
1135 5423 1178 5473 is
1202 5433 1303 5472 llOll
1340 5419 1557 5484 Buram,
1580 5418 1674 5472 sed
1698 5417 1924 5488 Olenum

349 5504 400 5549 et
442 5495 660 5548 Helicen
687 5491 785 5546 hac
806 5492 956 5545 clade
979 5487 1208 5559 periisse
1230 5489 1461 5543 aflirmat
1485 5488 1578 5542 lib.
1605 5504 1663 5550 tt,
1691 5505 1809 5556 cap.
1836 5487 1895 5542 lsi
1914 5529 1927 5551 ,

351 5583 402 5633 p.
435 5564 560 5628 179,
587 5564 676 5618 ubi
706 5563 1088 5617 democratiam
1112 5561 1393 5615 duodecim
1418 5563 1468 5633 in
1494 5559 1693 5613 Achaia
1717 5559 1928 5614 urbium

352 5631 645 5700 describit,
675 5650 738 5688 ex
770 5634 962 5705 quibus
993 5647 1090 5705 suo
1127 5641 1368 5699 tempore
1398 5631 1610 5705 decem,
1636 5645 1769 5699 quas
1800 5644 1934 5683 cott-

355 5717 545 5777 tnerat,
596 5715 651 5764 et
689 5702 831 5762 inter
873 5705 998 5762 illas
1041 5703 1262 5774 Buram,
1302 5702 1636 5774 superfuisse
1681 5708 1932 5771 testatur,

1944 4607 1991 4666 D

2005 3306 2146 3360 cam,
2179 3290 2422 3353 adeoque
2452 3290 2738 3360 maturius,
2765 3304 2926 3354 quam
2956 3291 3148 3344 statuit
3171 3291 3414 3358 Orosius,
3445 3310 3594 3350 mare

2006 3361 2268 3418 hauserit.
2298 3359 2609 3416 Clausulam
2637 3369 2754 3414 sunt
2781 3359 2913 3414 nulli
2936 3374 3002 3415 ex
3026 3375 3155 3415 mss.
3185 3377 3323 3431 quos
3341 3367 3591 3422 consului

2006 3440 2330 3502 agnosr-unt,
2363 3447 2545 3502 neque
2565 3430 2689 3486 edd.
2723 3442 2956 3499 veteres,
2992 3433 3094 3486 nisi
3127 3430 3358 3502 August.

2081 3508 2135 3560 ’5.
2172 3503 2475 3559 Prwsciam.
2510 3501 2774 3557 Florentt.
2805 3517 2885 3571 pr.
2915 3513 2964 3556 et
3001 3502 3150 3570 Iert.,
3176 3501 3436 3559 consciam
3464 3516 3520 3562 ut
3543 3518 3596 3564 ct

2009 3576 2098 3646 ed.
2136 3593 2219 3640 pr.
2250 3586 2300 3631 et
2331 3574 2503 3629 Paris.
2526 3573 2611 3646 _Ex
2644 3572 3202 3646 hisce‘Urosiipatet,
3235 3591 3492 3646 quorsum
3528 3581 3596 3635 sit

2009 3645 2376 3713 referendum,
2397 3643 2539 3715 quod
2563 3643 2859 3712 prmcessit,
2885 3645 3150 3708 prmrlicta.
3252 3643 3278 3673 '-

2083 3719 2136 3774 4.
2183 3716 2248 3771 Et
2279 3716 2519 3780 desuper.
2561 3715 3010 3786 Cotijutictionein
3051 3715 3236 3771 delent
3265 3730 3394 3774 mss.
3425 3719 3588 3786 Ultr.,

2012 3788 2161 3844 Meus
2198 3796 2250 3843 et
2291 3786 2541 3842 Perizon.
2574 3785 2709 3839 Male
2759 3785 2810 3840 in
2843 3785 3012 3840 Seutti
3057 3786 3194 3841 edit.
3225 3799 3306 3842 est
3339 3785 3594 3854 perderet.

2013 3858 2300 3931 Historiam
2340 3857 2461 3931 vide
2485 3856 2550 3931 Ain
2594 3856 2791 3911 Annal.
2834 3855 3076 3928 Basnagii
3109 3867 3241 3912 tom.
3274 3874 3354 3923 ut,
3385 3875 3440 3931 p.
3471 3861 3598 3920 455,

2013 3930 2221 3986 Accidit
2249 3931 2312 3983 Α.
2350 3929 2410 3983 ι).
2441 3927 2564 3982 596.

2085 4002 2140 4057 5.
2191 3998 2541 4056 Orationibus.
2587 3996 2726 4052 Edd.
2770 3995 2982 4068 prima,
3026 3998 3198 4054 Paris.
3239 4011 3296 4057 et
3340 4001 3596 4072 Venetia,

2017 4075 2270 4126 oratione.

2089 4144 2141 4198 6.
2182 4143 2288 4198 Sed
2319 4141 2446 4207 tunc,
2475 4149 2582 4196 etc.
2625 4138 2800 4210 Lugd.
2833 4139 2951 4196 Bat.
2983 4148 3110 4210 tert.
3142 4157 3264 4196 cum
3289 4141 3430 4199 Coll.
3454 4145 3601 4201 Gro-

2019 4230 2170 4277 nov.,
2203 4213 2290 4266 sed
2317 4221 2370 4284 ut
2400 4209 2799 4284 commemorato
2818 4220 2957 4284 sunt.
2984 4209 3414 4284 DcingPerizon”
3442 4220 3603 4284 magis

2018 4301 2174 4355 quam
2217 4282 2503 4355 explicita.
2525 4283 2731 4355 Sensus
2759 4283 2932 4355 Orosii
2963 4291 3066 4348 est,
3099 4282 3229 4355 Qua:
3273 4277 3606 4343 recentia'de

2021 4352 2234 4412 Arcadii
2275 4353 2614 4421 temporibus
2643 4352 2810 4423 digito
2841 4353 3066 4420 attingo,
3102 4353 3241 4409 haud
3272 4357 3450 4411 minus
3479 4375 3604 4410 vera

2021 4439 2165 4492 sum,
2198 4442 2356 4496 quam
2401 4424 2488 4479 illa
2518 4425 2759 4494 antiqua,
2789 4441 2907 4494 quae
2935 4424 3207 4493 descripta
3235 4443 3264 4480 a
3299 4442 3384 4481 nte
3410 4437 3465 4483 et
3487 4430 3608 4484 aliis

2022 4507 2166 4572 sunt.
2214 4496 2370 4572 Malui
2413 4504 2592 4572 tamen
2623 4497 2777 4560 quasi
2811 4498 2862 4549 in
2893 4497 3119 4550 transitu
3150 4496 3412 4572 indicare,
3447 4516 3607 4572 quam

2023 4570 2172 4636 large
2200 4569 2495 4638 explicare.
2529 4567 2692 4638 idque
2723 4575 2947 4638 propter
2974 4567 3373 4622 verecundiam.

2090 4644 2142 4698 '7.
2179 4636 2386 4693 Interea
2445 4636 2686 4692 Romani.
2715 4636 2996 4700 Camillus,
3026 4653 3148 4690 cum
3182 4640 3424 4695 tribunus
3452 4642 3607 4695 milii.

2020 4729 2078 4768 ιιι
2102 4726 2243 4766 anno
2264 4725 2450 4765 cccux
2476 4708 2718 4782 Faliscos
2744 4708 2945 4782 iustitia
2971 4709 3304 4782 inditionem
3333 4714 3512 4782 populi
3545 4714 3628 4766 ll.‘

2022 4783 2352 4851 redegisset,
2385 4790 2440 4833 ut
2467 4791 2546 4851 est
2577 4778 2720 4847 apud
2753 4780 2961 4851 Livium
3005 4779 3139 4851 liln'o
3171 4797 3219 4837 ν.
3258 4778 3608 4837 virumn...“

2022 4854 2076 4910 in
2121 4849 2370 4915 Camillo,
2416 4857 2470 4906 et
2501 4849 2794 4904 Auctorem
2845 4849 2963 4904 libri
2998 4849 3063 4904 de
3096 4850 3236 4906 Viris
3261 4852 3564 4908 lllustribus
3600 4873 3610 4907 :

2023 4934 2182 4980 sexto
2211 4938 2355 4977 anno
2389 4930 2510 4988 post
2545 4921 2775 4975 dictator
2808 4920 3131 4975 Volscorum
3165 4922 3457 4989 civitatem,
3493 4942 3613 4992 qua:

2027 5010 2124 5064 per
2165 4996 2234 5048 70
2274 5006 2448 5046 annos
2486 4992 2684 5065 bellum
2730 4999 2994 5065 gesserat,
3043 4994 3193 5060 vicit,
3233 5003 3288 5048 et
3314 4993 3612 5065 Equorum

2030 5062 2219 5118 urbem
2259 5064 2576 5132 occupavit,
2619 5062 2961 5116 Sutrinorum
3006 5065 3376 5131 recuperavit,
3407 5062 3618 5120 deletis

2031 5137 2379 5190 Etruscorum
2420 5133 2788 5204 exercitibus,
2837 5143 2893 5188 et
2947 5145 3054 5187 tres
3103 5135 3261 5190 simul
3308 5137 3615 5204 triumphos

2028 5206 2160 5273 egit.
2206 5205 2331 5259 llaec
2359 5205 2428 5257 ita
2472 5203 2756 5275 emendata
2783 5219 2812 5275 a
2839 5204 3174 5275 L‘uspiniano
3202 5207 3385 5275 paucis
3413 5203 3615 5261 Eutro-

2031 5277 2152 5349 pius
2189 5276 2330 5349 libro
2360 5273 2919 5349 tt,_pluri_l_ntsLivius
2957 5273 3214 5349 libt‘OAYl;
3237 5277 3402 5331 FAnn.

2102 5348 2156 5403 8.
2183 5346 2584 5418 Suprascriplis.
2605 5345 2680 5418 Ed
2703 5348 2839 5418 Aug.
2869 5354 2927 5400 et
2951 5346 3069 5399 eod.
3104 5345 3266 5413 Ultr.,
3291 5348 3619 5418 superdictt's.

2104 5419 2156 5473 9.
2191 5415 2538 5471 Ριέωηινδιὶηοε
2566 5417 2723 5470 etiam
2743 5415 2920 5470 eodem
2944 5428 3186 5481 tempore.
3218 5415 3529 5472 l‘rmnestini
3555 5419 3621 5477 Τ.

2031 5489 2249 5557 Quinct.
2284 5488 2604 5542 Cincinnato
2631 5487 2894 5542 dictatore
2924 5488 3046 5541 victi
3079 5486 3300 5541 inerunt
3326 5504 3468 5543 anno
3495 5489 3622 5544 575.

2037 5560 2156 5616 Liv.
2187 5562 2410 5627 Eutrop.
2443 5567 2498 5612 et
2539 5557 2739 5612 Euseb.
2771 5559 2830 5627 in
2852 5557 3141 5612 Chronico.
3171 5558 3336 5614 Faon.

2112 5633 2204 5704 l0.
2236 5626 2409 5704 Usque
2433 5628 2502 5704 ad
2533 5637 2754 5699 portam.
2789 5626 2938 5683 Unus
2967 5627 3134 5699 Ultr.,
3155 5647 3318 5704 usque
3337 5632 3406 5686 ad
3427 5641 3625 5704 portas.

2041 5701 2298 5770 Quadam
2324 5700 2617 5771 editiones,
2647 5709 2914 5758 venerant.
