4092 6346
313 296 420 363 809

1335 298 1813 364 HISTORIARUM
1851 299 2058 361 LIBER
2099 297 2185 359 Ill.
2227 299 2383 359 CAP.
2425 299 2540 359 VII.

3494 292 3602 360 810
3636 330 3641 333 τ

311 421 439 478 bilis
488 408 769 479 Gallorum
805 418 1089 478 inundatio
1133 419 1281 491 juxta
1331 422 1599 479 Anienem
1643 422 1896 491 fluvium,
1926 426 1979 488 Α
2004 427 2117 481 stes
2145 420 2340 490 territi,
2365 420 2706 493 Sparsimquc
2737 416 3028 492 fugientes,
3059 419 3297 493 graviter
3344 421 3600 477 trucidati

312 514 334 546 ²
353 513 424 571 ad
451 521 707 585 quartum
735 515 804 571 ab
834 514 983 571 Urbe
1008 512 1246 585 lapidem
1296 515 1569 582 consedit,
1602 513 1761 571 facile
1790 513 1907 571 sine

308 606 499 674 dubio,
546 605 790 678 pondere
847 605 1210 663 multitudinis
1254 617 1309 663 et
1330 606 1614 663 alacritate
1669 606 1906 678 virtutis,

311 698 683 770 perturbatam
714 707 1040 769 occupatura
1063 696 1362 764 civitatem,
1392 698 1499 755 nisi
1524 699 1545 731 ³
1571 698 1685 755 otio
1714 706 1769 755 et
1790 698 1909 755 len-

308 790 544 847 titudine
560 790 859 864 torpuisset
883 809 895 846 :
922 790 1009 847 ubi
1039 791 1435 848 atrocissimam
1467 793 1697 864 pugd’am
1716 797 1739 829 ⁸
1755 791 1908 848 Man-

307 883 414 939 lius
461 883 768 956 Torquatus
816 884 1169 957 singulariter
1218 883 1499 941 inchoavit
1550 885 1710 957 160
1737 928 1752 955 ,
1787 894 1808 925 ι
1838 884 1902 940 Τ.

304 977 592 1047 Quinctius
621 978 856 1035 dictator
883 978 1273 1036 cruentissima
1297 980 1689 1051 congressione
1718 979 1907 1037 conle-

304 1070 399 1126 cit.
432 1068 623 1142 Fugati
649 1086 716 1128 ex
748 1070 853 1128 hoc
874 1071 1067 1144 prmlio
1108 1071 1329 1144 plurimi
1372 1072 1539 1140 Galli,
1590 1072 1907 1130 instauratis

305 1163 505 1220 iterum
526 1164 699 1236 copiis
726 1163 784 1221 in
810 1164 1018 1222 bellum
1047 1172 1294 1230 ruentes.
1325 1163 1347 1196 ⁶
1373 1179 1406 1220 a
1430 1165 1495 1222 C.
1537 1165 1773 1238 Sulpitio
1819 1165 1906 1223 di-

302 1265 515 1314 ctatore
541 1259 785 1329 superati
813 1268 961 1314 sunt.
996 1257 1129 1316 Post
1156 1256 1435 1330 paululum
1463 1273 1679 1330 quoque
1699 1257 1907 1317 Tusco-

304 1367 428 1407 rum
451 1366 630 1424 pugna
652 1352 675 1385 "
696 1352 800 1409 sub
825 1350 890 1409 C.
917 1352 1121 1410 Marcio
1152 1360 1448 1410 consecuta
1476 1362 1561 1409 est
1587 1370 1603 1407 :
1634 1354 1726 1410 ubi
1772 1368 1905 1411 con-

299 1443 399 1514 jici
429 1444 917 1517 datur‘quantum
957 1445 1239 1502 hominum
1288 1460 1494 1503 cmsum
1545 1446 1637 1516 sit,
1688 1446 1905 1519 quando

307 1544 439 1593 octo
464 1537 636 1593 millia
657 1545 785 1593 sunt
807 1548 962 1609 capta
986 1537 1312 1594 Tuscorum.

373 1628 568 1686 Tertio
588 1638 767 1685 autem
793 1628 849 1685 in
870 1628 1065 1686 iisdem
1089 1629 1286 1687 diebus
1308 1627 1447 1687 Galli
1491 1644 1551 1686 se
1578 1629 1634 1686 in
1662 1628 1903 1701 prmdam

299 1716 401 1792 per
421 1723 692 1778 maritima
724 1723 841 1779 loca
870 1722 1256 1795 subjectosque
1277 1737 1523 1794 campos,
1537 1724 1559 1756 ’
1579 1724 1650 1781 ab
1671 1724 1902 1780 Albanis

2007 524 2155 572 sum.
2514 606 2666 681 161
2709 605 2937 664 CAPUT
2977 607 3090 665 v11.

2006 719 2205 796 Foedus
2218 721 2576 778 Romanorum
2593 738 2709 796 cum
2728 720 3243 796 Carthaginiensibus
3255 722 3601 794 complurium

2075 794 2343 864 malorum,
2388 810 2567 849 causa.
2617 793 2771 864 inter
2816 793 2941 848 alia'
2977 794 3111 848 mira
3158 797 3289 848 veris
3343 793 3605 864 lapidibus

2074 863 2232 936 pluit.
2281 863 2577 920 Alexander
2608 863 2831 935 Magnus
2856 864 3272 921 nascitur.’Rea:
3321 863 3603 922 Persarum

2076 934 2295 992 Iudam
2320 937 2551 1007 captivos
2572 934 2801 992 abducit.

2077 1072 2478 1130 Numerandum
2510 1074 2674 1130 etiam
2703 1082 2720 1112 ι
2753 1074 2896 1132 inter
2921 1075 3061 1131 mala
3105 1090 3337 1141 censeo,
3370 1076 3604 1146 primum

2005 1164 2139 1223 illud
2171 1173 2193 1203 ⁸
2235 1165 2403 1223 ictum
2452 1180 2577 1222 cum
2625 1166 3172 1238 Carthaginiensibus
3204 1167 3414 1236 foedus,
3458 1170 3604 1239 quod

2007 1257 2202 1314 iisdem
2225 1257 2564 1328 temporibus
2593 1256 2694 1313 fuit
2719 1277 2731 1313 :
2757 1260 3060 1329 prtesertim
3091 1274 3157 1316 ex
3172 1275 3277 1330 quo
3299 1268 3406 1315 tam
3421 1261 3607 1332 gravia

2006 1358 2125 1407 orta
2155 1358 2283 1407 sunt
2304 1350 2447 1406 mala
2467 1350 2527 1429 ,3
2559 1359 2616 1405 ut
2642 1350 2767 1407 exin
2794 1351 3031 1421 coepisse
3054 1352 3362 1407 videantur.
3399 1351 3420 1383 ‘
3446 1352 3609 1409 Anno

2006 1442 2276 1515 siquidem
2296 1442 2364 1499 ab
2395 1441 2540 1499 Urbe
2561 1443 2778 1497 condita
2808 1457 2978 1499 ccccu
3030 1443 3194 1513 legati
3221 1458 3251 1499 a
3276 1441 3608 1515 Carthagine

2006 1537 2233 1594 Romam
2285 1535 2437 1592 missi
2469 1543 2628 1603 sunt,
2673 1534 2954 1606 foedusque
2991 1535 3329 1606 pepigerunt.
3362 1535 3385 1568 ⁸
3430 1536 3607 1604 Quem

2007 1631 2312 1703 ingressum
2364 1627 2891 1700 Carthaginiensium
2955 1627 3009 1684 in
3062 1626 3275 1683 Italiam
3332 1630 3603 1685 malorum

2005 1721 2328 1796 grandinem
2366 1733 2711 1790 secuturam,
2744 1723 3235 1792 continuarumque
3262 1722 3606 1779 miseriarum

300 1814 586 1871 montibus
607 1813 935 1873 diil'uderunt
964 1833 978 1871 :
1010 1815 1300 1872 adversum
1323 1829 1462 1887 quos
1491 1830 1632 1872 novo
1661 1815 1895 1872 militum
1927 1829 1975 1893 Β
2002 1818 2256 1874 tenebras
2298 1815 2491 1887 juges,
2533 1814 2887 1871 historiarum
2938 1813 3073 1869 lides
3093 1853 3109 1877 ,
3140 1813 3495 1884 locorumque
3520 1816 3608 1869 in-

299 1906 526 1964 delectu
572 1905 782 1975 habito,
841 1908 1275 1979 conscriptisque
1335 1907 1640 1979 legionibus
1688 1908 1901 1978 decem,

299 2001 590 2073 sexaginta
612 2000 780 2058 millia
804 2000 1200 2068 Romanorum,
1226 2002 1435 2073 negatis
1458 2001 1561 2057 sibi
1583 2001 1904 2059 Latinorum

299 2093 550 2164 auxiliis,
575 2102 983 2166 processerunt.
1012 2092 1265 2150 Confecit
1290 2092 1432 2149 hanc
1475 2108 1711 2164 pugnam
1739 2095 1784 2127 ¹⁰
1828 2092 1902 2149 Μ.

301 2186 583 2254 Valerius,
612 2186 911 2245 auxiliante
930 2203 1096 2245 corvo
1125 2188 1273 2255 alite,
1307 2185 1452 2243 unde
1479 2198 1667 2258 postea
1709 2186 1903 2244 Corvi-

301 2298 408 2343 nus
433 2290 521 2342 est
549 2281 752 2341 dictus.
779 2281 977 2341 Occiso
1007 2282 1150 2340 enim
1195 2290 1554 2354 provocatore
1598 2275 1782 2351 Gallo,
1808 2280 1908 2338 ho-

2003 1909 2196 1977 lamia,
2227 1915 2283 1963 et
2309 1906 2646 1962 abominatio
2670 1905 2883 1961 dierum
2907 1945 2921 1969 .
2953 1904 3149 1975 quibus
3180 1918 3244 1959 ea
3271 1912 3425 1975 gesta
3451 1914 3602 1975 sunt,

2006 2010 2399 2074 protestantur.
2426 2001 2447 2033 ⁶
2472 2000 2625 2069 Tunc
2651 2000 2816 2056 etiam
2858 2013 2967 2055 nox
2991 2013 3163 2069 usque
3203 1998 3270 2055 ad
3312 1999 3604 2070 plurimam

2006 2096 2115 2153 diei
2162 2105 2368 2166 partem
2416 2093 2567 2151 tendi
2610 2095 2729 2150 visa
2773 2102 2857 2150 est
2902 2110 2916 2148 :
2976 2101 3032 2149 et
3057 2107 3220 2148 saxea
3256 2092 3323 2148 de
3375 2093 3608 2151 nubibus

2006 2187 2218 2262 grando
2245 2186 2626 2252 descendens,
2669 2186 2815 2242 veris
2860 2194 3058 2242 terram
3105 2184 3373 2255 lapidibus
3420 2187 3612 2244 verbe—

2008 2279 2167 2337 ravit.
2195 2280 2218 2313 ⁷
2246 2278 2456 2348 Quibus
2484 2276 2677 2335 diebus
2723 2277 2887 2333 etiam
2919 2277 2941 2309 ⁸
2979 2275 3290 2333 Alexander
3338 2277 3563 2349 Magnus
3588 2322 3604 2348 ,

1594 2377 2051 2437 HAVERCAMPI
2089 2377 2321 2437 NOTIE.

370 2471 430 2528 2.
458 2470 545 2529 Ad
574 2480 814 2542 quartum
842 2471 905 2528 ab
930 2470 1068 2544 Urbe
1091 2470 1339 2543 lapidem.
1369 2472 1525 2544 Apud
1550 2472 1764 2529 Livium
1792 2481 1897 2540 est,

300 2545 611 2617 adtertium
650 2544 878 2617 lapidem
907 2560 928 2599 :
958 2543 1255 2617 Eutrapius
1284 2543 1478 2601 scribit
1500 2544 1686 2603 Gallos
1710 2554 1900 2617 quarto

301 2616 557 2674 milliaria
584 2617 655 2673 ab
680 2616 826 2672 Urbe
848 2615 1183 2672 consedisse.
1212 2615 1379 2671 FABR.
1644 2658 1649 2663 .

374 2691 430 2746 5.
461 2686 582 2743 Otia
610 2697 659 2743 et
687 2686 1023 2759 lentitudine.
1059 2686 1151 2744 Sic
1188 2702 1356 2758 pono,
1411 2688 1627 2759 adjutus
1681 2688 1895 2746 duobus

300 2775 432 2817 mss.
462 2768 653 2815 co‘ntra
693 2774 853 2830 quam
885 2756 988 2813 fuit
1016 2758 1069 2812 in
1098 2756 1347 2827 vulgatis,
1372 2756 1681 2817 lenitudine.
1714 2759 1889 2816 Lw'r.

296 2862 370 2876 —
391 2830 674 2888 Editiones
698 2830 943 2900 quaedam
971 2842 1096 2900 cum
1127 2843 1259 2884 mss.
1300 2830 1647 2900 quibusdam,
1700 2831 1895 2886 lenitu-

300 2904 443 2959 dine.
459 2902 567 2959 Sed
594 2916 693 2972 ego
717 2899 933 2972 quoque
958 2899 1190 2971 prtel'ero
1212 2899 1355 2971 quod
1382 2902 1641 2959 meliores
1665 2902 1891 2968 habent,

300 2974 622 3031 lentitudine.
652 2970 813 3027 Lenis
846 2970 1034 3028 autem
1062 2980 1118 3026 et
1150 2970 1463 3028 mansuetus
1508 2973 1622 3029 acri
1677 2982 1732 3029 et
1783 2974 1899 3029 fero

298 3054 668 3118 opponuntur,
711 3042 883 3118 lentus
911 3044 961 3098 vi
999 3042 1215 3118 subitm,
1259 3058 1421 3112 quam
1459 3043 1509 3100 si
1558 3043 1898 3102 adhibissent

301 3112 468 3182 Galli,
499 3116 803 3186 prteveni_re
832 3112 1410 3186 poterantlionianos.

367 3190 428 3246 4.
455 3182 688 3259 Manlius
717 3182 1033 3259 Torquatus.
1086 3185 1185 3240 Hic
1228 3182 1299 3259 ΔΤ.
1342 3185 1594 3243 Manlius'
1631 3187 1722 3259 qui
1770 3202 1894 3244 cum

297 3259 455 3316 Gallo
484 3257 634 3330 apud!
655 3256 915 3312 Anienem
939 3256 1270 3328 depugnavit
1300 3256 1747 3330 provocatusjex
1774 3260 1891 3330 ejus

295 3330 491 3400 spoliis
532 3328 638 3384 sibi
666 3336 728 3400 _et
766 3335 1012 3400 torquem
1042 3337 1101 3400 et
1116 3342 1426 3400 cognomen
1454 3329 1647 3397 induit,
1680 3330 1758 3385 ait
1796 3328 1889 3386 Ci-

297 3398 426 3458 cirro
454 3400 551 3456 lib.
578 3415 618 3454 ιι
647 3398 721 3454 de
764 3398 1009 3455 Finibus.
1063 3398 1305 3471 l_listoria
1356 3409 1441 3456 est
1492 3402 1634 3471 apud
1674 3402 1883 3458 Livium

298 3472 394 3528 lib.
428 3487 525 3534 vn.
558 3483 612 3527 et
638 3471 954 3540 Eutropium
985 3485 1044 3525 ιι.
1069 3469 1481 3542 Elegantissime
1502 3469 1619 3527 eam
1658 3472 1887 3542 Quadri-

296 3543 479 3607 garius
510 3543 645 3615 ιιι..)
671 3539 1286 3615 Annaliumdescripsit,
1316 3542 1407 3613 qui
1436 3542 1592 3600 locus
1620 3539 1705 3601 est
1738 3544 1884 3615 apud

298 3615 531 3671 Gellium
564 3613 657 3667 lib.
683 3628 766 3676 ix.
794 3627 918 3682 cap.
951 3613 1003 3667 l.
1034 3612 1201 3669 Fann.

371 3686 427 3741 5.
464 3684 524 3739 Τ.
561 3683 829 3751 Quinctius
851 3684 1095 3738 dictator.
1127 3682 1318 3739 Livius
1368 3684 1556 3741 Gallos
1612 3701 1721 3741 non
1778 3685 1886 3744 hoc

299 3772 445 3812 anno
474 3772 505 3811 a
538 3756 793 3824 Quinctio
815 3754 1105 3822 dictatore,
1124 3769 1313 3826 verum
1335 3758 1582 3826 sequenti
1606 3773 1631 3809 a
1665 3758 1731 3823 Q.
1756 3756 1884 3813 Ser-

297 3828 428 3884 vilio
456 3823 634 3882 Ahala
659 3826 945 3898 dictatore,
972 3841 1105 3898 cum
1125 3823 1703 3898 Quinctius’magistcr
1731 3828 1884 3898 equi-

297 3908 410 3955 tum
433 3907 603 3965 esset,
640 3911 812 3953 c:esos
860 3897 956 3952 ait.
1004 3896 1110 3954 Sed
1159 3898 1388 3954 Orosius
1440 3896 1577 3954 alios
1632 3896 1886 3956 auctores

295 3981 515 4025 secutus
535 3978 640 4032 est,
664 3971 802 4023 sicut
829 3976 885 4021 et
907 3969 1184 4037 Appianus
1214 3968 1266 4021 in
1295 3967 1519 4033 Celtica,
1546 3969 1639 4026 ubi
1671 3970 1881 4035 scribit,

297 4045 393 4116 ita!
425 4044 573 4116 τρίτη
602 4039 654 4097 δέ
686 4039 891 4116 ueluti?
914 4041 1138 4116 ς’τρατία
1166 4040 1472 4116 ἐμϐέϐληκεν
1498 4043 1570 4103 εἰς
1756 4052 1882 4116 ἰτᾳο

297 4062 393 4097 xat
425 4064 573 4113 τριτη
602 4062 654 4097 οε
686 4062 891 4095 [uetant
914 4062 1138 4116 στρατια
1166 4062 1186 4093 ε
1233 4062 1472 4099 οενδληκεν
1498 4062 1570 4103 εις
1620 4064 1711 4101 την
1758 4062 1882 4097 ἰτα-

296 4114 428 4189 λιᾲν,
456 4115 518 4173 ἣν
546 4116 635 4168 καὶ
659 4114 816 4189 «dedit
840 4111 887 4167 oi
920 4109 1161 4189 Ῥῳμαῖοι
1188 4062 1546 4189 Ξεφθάρκαᾳιν
1587 4112 1672 4189 ὕει’
1684 4114 1887 4189 ἡγεμόνι

295 4185 431 4256 Τίτῳ
465 4189 689 4256 muria»,
742 4183 779 4256 ἱ.
838 4199 914 4248 e.,
965 4184 1130 4256 Atque
1177 4183 1333 4256 etiam
1365 4183 1557 4238 tertius
1612 4183 1885 4256 Gallorum

296 4253 552 4311 exercitus
578 4253 867 4327 injgltoliam
894 4254 1051 4327 venit,
1076 4269 1226 4323 quem
1250 4253 1474 4327 Romani
1495 4271 1698 4327 quoque
1724 4254 1885 4310 ductu

295 4339 345 4382 et
364 4327 609 4396 auspiciis
628 4325 693 4380 Τ.
728 4324 955 4396 Quinctii
984 4325 1300 4396 deleverunt.
1333 4324 1501 4380 Fsun.

368 4399 423 4453 6.
454 4393 517 4451 Ἀ.
543 4396 603 4452 (I.
634 4395 886 4468 Sulpitio.
910 4393 972 4450 C.
1006 4394 1274 4468 Sulpitius
1294 4396 1511 4468 Peticus
1534 4395 1770 4453 dictator
1790 4412 1881 4453 an.

296 4484 501 4526 cccxcv
523 4469 709 4525 Gallos
737 4466 964 4537 vicit,ac
993 4466 1061 4522 de
1088 4467 1152 4522 iis
1176 4467 1530 4537 triumphavit
1555 4470 1712 4525 nonis
1736 4469 1884 4534 Maii,

297 4551 358 4597 ut
379 4541 545 4597 estin
578 4536 868 4611 triumphis
924 4536 1491 4611 CapitulinLDe’artc
1537 4555 1642 4611 qua
1699 4539 1884 4596 Gallos

296 4613 446 4739 ἔξω,
479 4611 661 4667 Livius
719 4606 775 4666 et
826 4606 1124 4665 Frontinus
1182 4608 1277 4667 lib.
1319 4624 1357 4665 ιι
1398 4606 1880 4682 Stratagcmatum.

340 4699 464 4739 san.

340 4699 464 4740 ABR.

367 4756 424 4811 7.
453 4751 656 4811 Sub.C.
680 4750 903 4808 Marcio.
934 4751 996 4808 C.
1024 4751 1256 4809 Marcius
1278 4751 1493 4808 Rutilus
1518 4752 1751 4809 dictator
1773 4754 1883 4823 pri-

295 4841 420 4882 mus
448 4842 478 4881 e
508 4825 666 4896 plebe
695 4822 911 4896 biennio
931 4834 1053 4896 post
1070 4823 1359 4895 Sulpitium
1387 4839 1511 4880 cum
1528 4824 1721 4879 Tuscis
1750 4822 1885 4881 eon-

296 4893 541 4968 gressus,
580 4895 614 4950 9
646 4893 885 4968 millibus
912 4895 1110 4968 captis,
1142 4893 1369 4968 caeteros
1390 4905 1492 4968 aut
1520 4895 1883 4968 cecidit,__aut

297 4964 434 5038 agro
483 4968 731 5039 Romano
775 4964 998 5039 fugavit.
1053 4967 1236 5039 Livius
1284 4977 1341 5023 et
1383 4966 1696 5039 Eutrapius.
1750 4966 1883 5038 Ejus

300 5037 608 5109 triumphus
630 5039 686 5093 in
706 5037 944 5107 antiquis
956 5038 1315 5094 marmoribus
1338 5038 1419 5093 sic
1433 5038 1739 5107 descriptus
1765 5050 1879 5094 est:

297 5124 347 5165 Ω.
371 5123 621 5166 ιιιιιοιιιε.
656 5124 707 5163 1..
737 5124 789 5163 Ρ.
816 5124 870 5165 C.
896 5124 950 5163 Ν.
980 5124 1234 5165 ιιυτιιυε.
1277 5124 1422 5165 DIC'I‘.
1470 5124 1559 5165 AN.
1618 5124 1882 5165 εοεχωίι.

300 5197 366 5236 us
394 5195 635 5237 ruscsts.
659 5195 858 5236 cntutu.
889 5194 1014 5238 non.
1044 5196 1160 5237 ut.
1193 5180 1298 5239 Pro
1321 5191 1618 5249 consecuta,
1636 5181 1889 5237 Perizon.

298 5252 462 5309 habet
506 5253 775 5307 subsecuta
810 5260 903 5307 est.

358 5325 425 5379 8.
459 5323 725 5390 Quantum
752 5322 1020 5377 hominum
1038 5339 1226 5379 ctesum
1249 5322 1338 5378 sit.
1379 5322 1454 5379 lta
1488 5322 1610 5380 cod.
1640 5321 1890 5393 Longob.

300 5404 353 5450 et
379 5394 570 5466 reliqui
596 5393 877 5466 mss.gSed
903 5393 1028 5449 edd.
1067 5409 1177 5464 pr.,
1210 5393 1410 5462 Paris.,
1456 5394 1704 5466 Venetae,
1749 5395 1890 5449 Hitt.

301 5476 356 5523 et
382 5464 661 5535 Bolsuing.
690 5464 939 5537 adeoque
960 5475 1174 5537 veteres
1198 5480 1391 5521 omnes
1411 5476 1538 5537 ante
1565 5465 1734 5535 Fab.,
1772 5466 1889 5521 sola

300 5540 531 5610 August.
573 5547 823 5609 excepta,
850 5535 1076 5607 ‘quanta
1120 5535 1388 5592 hominum
1429 5536 1712 5592 multitudo
1758 5552 1892 5593 ctera

302 5609 387 5663 sit.

375 5681 429 5736 9.
464 5678 540 5735 Ab
563 5678 776 5734 Albanis
802 5678 1079 5751 montibus.
1106 5676 1199 5751 Sic
1231 5687 1379 5751 recte
1399 5678 1501 5751 legi
1530 5676 1584 5734 in
1612 5677 1891 5751 lib_ris_ve-

307 5751 466 5813 luetis
488 5766 520 5811 e
547 5751 699 5807 Livio
728 5750 1094 5819 cognoscitur.
1129 5750 1373 5809 Meminit
1420 5748 1583 5824 hujus
1608 5748 1737 5811 belli
1786 5748 1895 5808 Po-

630 5845 909 5910 ΡΑτιιοι..
954 5842 1197 5909 XXXI.

1918 3298 1967 3365 C

2002 2472 2185 2545 lybius
2206 2472 2299 2530 lib.
2331 2487 2405 2545 tt,
2434 2472 2598 2545 ‘Flor.
2626 2473 2724 2528 lib.
2779 2489 2815 2540 ι,
2845 2473 2926 2529 tit.
2957 2476 3046 2533 15.
3074 2471 3240 2530 ann.
3270 2505 3341 2519 —-
3377 2474 3607 2542 Quidam

2003 2543 2221 2628 scilicet
2249 2558 2314 2601 ex
2341 2543 2471 2601 edd.
2508 2553 2722 2628 et'mss:
2778 2545 2966 2628 legunt
2994 2545 3343 2619 subjectisque
3370 2548 3455 2603 vel
3480 2549 3603 2603 sub-

1991 2616 2268 2687 iectosque
2293 2630 2505 2680 campos
2527 2614 2747 2669 Albanis
2782 2614 3063 2673 montibus.
3084 2614 3100 2619 ⁷
3256 2614 3267 2619 ’

2072 2686 2162 2769 ill.
2207 2684 2285 2741 Μ.
2330 2685 2594 2769 Valerius:
2652 2685 2936 2769 Denliujus
2984 2688 3252 2769 singulari
3302 2688 3604 2745 certamine

1996 2758 2542 2828 prietersuperiores
2572 2757 2695 2827 lege
2722 2756 2999 2813 Valerium
3026 2756 3170 2813 max.
3197 2757 3292 2812 lib.
3325 2774 3441 2828 vin,
3473 2774 3598 2828 cap.

2002 2827 2167 2895 16,et
2192 2827 2333 2885 Gell.
2358 2827 2436 2884 lib
2456 2844 2531 2897 ix,
2556 2842 2680 2898 cap.
2714 2829 2802 2884 ll.
2837 2829 2933 2884 Est
2961 2843 3092 2884 vero
3141 2829 3423 2885 sciendum
3459 2827 3600 2885 hunc

2002 2900 2078 2955 Μ.
2104 2899 2381 2955 Valerium
2412 2899 2466 2955 in
2520 2899 2760 2969 antiquis
2810 2898 3083 2968 lapidibus
3136 2916 3242 2954 non
3291 2898 3597 2965 Corvinum,

1999 2969 2765 3097 gedlCorvum‘cognominari.
2813 2971 2884 3026 Μ.
2930 2980 3117 3028 tamen
3148 2970 3355 3028 Manilii
3402 2986 3597 3029 versus

2038 3057 2070 3097 e
2115 3056 2201 3097 lOC
2227 3057 2327 3097 sun
2380 3058 2397 3097 :

2038 3057 2070 3100 θ
2097 3049 2201 3098 llOC
2227 3049 2355 3098 sunt
2380 3058 2397 3098 ζ

2062 3196 2127 3248 Et
2147 3210 2256 3248 cum
2280 3196 2451 3247 militia
2471 3194 2682 3247 volucris
2699 3194 2935 3246 Corvinus
2954 3195 3164 3248 adentus

2061 3258 2125 3313 Et
2144 3260 2319 3327 spolia,
2337 3266 2392 3311 et
2411 3270 2613 3322 nomen,
2636 3258 2721 3323 qui
2744 3266 2909 3322 gestat
2930 3258 2982 3308 in
3004 3257 3137 3309 Alite
3159 3258 3418 3310 Pbmbum.
3437 3257 3594 3311 FABR.

1989 3437 2061 3449 —
2091 3407 2197 3464 Pro
2226 3407 2480 3463 Corvinus
2506 3403 2645 3462 Coll.
2676 3405 2918 3462 Gronov.
2953 3406 3145 3462 scribit
3176 3404 3391 3462 Corvus.

2060 3478 2192 3534 Car.
2232 3478 2346 3534 Vll.
2370 3508 2442 3519 —-
2470 3479 2522 3551 l.
2566 3475 2715 3531 Inter
2738 3478 2899 3531 mala.
2931 3477 3100 3534 Editt.
3128 3479 3376 3549 quaidam
3404 3479 3547 3538 Vell.
3570 3524 3589 3551 ,

1987 3551 2123 3607 inter
2160 3557 2350 3606 caalera
2378 3550 2522 3604 mala
2542 3592 2557 3617 ,
2582 3557 2772 3603 contra
2796 3562 2928 3603 mss.

2058 3620 2114 3676 Ξ.
2148 3621 2324 3676 Ictum
2359 3621 2552 3693 (tedas.
2593 3617 2766 3689 Lugd.
2800 3619 2921 3674 Βιι.
2969 3635 3054 3690 pr.
3083 3628 3137 3676 et
3176 3620 3421 3679 Perizon.
3445 3650 3473 3691 ί
3511 3624 3593 3678 in-

1952 3685 1956 3690 ’
1986 3693 2116 3747 itum
2150 3693 2336 3747 l‘wdus.

2058 3765 2113 3818 3.
2148 3760 2219 3818 Ut
2243 3763 2381 3818 exin.
2416 3760 2555 3816 Edd.
2586 3776 2673 3831 pr.
2690 3770 2751 3831 et
2779 3760 2951 3831 Paris.
2971 3804 2985 3828 ,
3019 3768 3074 3831 ut
3094 3760 3303 3817 eahinc.

2056 3834 2113 3889 4.
2138 3834 2288 3888 Anno
2312 3833 2566 3903 siquidem
2592 3829 2656 3886 ab
2686 3829 2755 3903 Π.
2790 3830 2850 3886 C.
2877 3829 3012 3903 Cu_m
3044 3830 3582 3903 Carthaginiensibus

1986 3903 2206 3975 legatis,
2250 3900 2478 3976 auctore
2504 3902 2656 3957 Livio
2685 3902 2811 3976 libr.
2841 3916 2915 3955 vn
2942 3900 3131 3956 Romae
3176 3900 3351 3960 ftedus
3377 3907 3541 3962 ictum
3568 3950 3585 3976 ,

1989 3972 2450 4047 cumamicitiam
2497 3988 2561 4028 ac
2588 3972 2923 4047 societatem
2948 3982 3224 4047 _petentes
3270 3972 3585 4047 venissent,

1987 4045 2061 4102 Μ.
2091 4043 2554 4116 ValerioCorvo,
2585 4043 2656 4116 Μ.
2693 4042 2901 4116 Popilio
2948 4042 3167 4116 Laenate
3210 4060 3264 4098 tv
3304 4061 3448 4101 coss.
3489 4042 3584 4116 qui

1986 4130 2161 4172 annus
2216 4116 2270 4171 in
2310 4114 2489 4171 Fastis
2511 4113 2830 4184 Capitolinis
2861 4122 2945 4168 est
2976 4114 3043 4167 ab
3072 4113 3137 4168 U.
3167 4130 3217 4168 c.
3263 4131 3383 4172 ουν.
3416 4113 3582 4173 Fasti.

2058 4189 2112 4243 5.
2150 4186 2315 4255 Quem
2340 4187 2651 4258 ingressum.
2688 4183 2780 4258 Sic
2810 4193 2961 4240 recte
2985 4185 3223 4240 restituit
3248 4186 3532 4244 Fabricius
3561 4230 3579 4253 ,

1987 4267 2115 4314 ante
2137 4274 2295 4327 quem
2309 4256 2618 4330 edebatur,
2656 4256 2806 4330 nullo
2822 4270 2983 4311 sensu
3002 4299 3017 4323 ,
3041 4272 3193 4330 quam
3221 4273 3284 4311 ea:
3322 4260 3582 4330 ingressu.

1986 4326 2213 4401 August.
2258 4328 2356 4401 ed:
2379 4327 2492 4401 sola
2547 4327 2803 4401 servabat
2834 4342 3018 4401 veram
3056 4326 3351 4401 lectionem
3370 4326 3399 4394 ,⁷
3426 4339 3487 4385 ut
3527 4342 3586 4387 et

1988 4397 2731 4527 Vincentigssllellovacensis
2778 4398 2833 4455 in
2886 4397 3119 4468 Speculo
3150 4397 3434 4461 llistoriali
3480 4402 3575 4459 lib.

1988 4487 2213 4527 uncae.
2320 4510 2335 4525 .

1986 4487 2063 4541 tv,
2093 4488 2213 4540 cap.
2244 4474 2335 4527 95.

2059 4545 2112 4598 6.
2142 4537 2292 4597 Tunc
2316 4542 2470 4612 etiam
2491 4556 2617 4596 nox.
2636 4539 2775 4612 Haec
2802 4537 3047 4612 prodigia
3070 4548 3266 4608 quarto
3294 4556 3437 4597 anno
3463 4552 3587 4612 post

1988 4613 2163 4671 ftedus
2183 4629 2307 4671 cum
2334 4609 2872 4683 Carthaginiensibus
2900 4609 3069 4683 ictum
3091 4612 3370 4683 evenisse.
3400 4609 3584 4670 Livius

1915 4696 1968 4757 ι)
1992 4694 2195 4757 narrat.
2251 4684 2524 4740 Diacouus
2542 4680 2686 4738 'hazc
2714 4681 2978 4752 Eutropio
3007 4695 3075 4737 ex
3126 4680 3323 4739 Orosio
3350 4683 3580 4742 addidit.

1990 4756 2360 4894 FA{mcjuibus
2403 4824 2583 4879 diebus
2622 4825 2778 4895 etiam
2796 4822 3101 4895 Alexander
3142 4820 3388 4895 Magnus.
3441 4826 3587 4884 Infra

1988 4914 2110 4968 cap.
2160 4893 2229 4954 {6
2258 4897 2480 4954 Orosius
2510 4894 2699 4969 scribit
2743 4893 3109 4950 Alexandrum
3160 4893 3581 4969 patriPhilippo
3684 4936 3690 4943 .

1987 4964 2322 5027 successisse
2342 4982 2485 5023 anno
2514 4966 2583 5021 ab
2603 4964 2669 5021 U.
2703 4979 2753 5019 c.
2779 4979 3065 5030 ccccxxvi;
3085 4980 3252 5032 quare
3273 4968 3320 5022 si
3347 4964 3587 5025 Alexan-

1988 5045 2088 5098 der
2116 5050 2273 5097 natus
2295 5054 2467 5095 annos
2487 5037 2582 5104 20,
2604 5044 2665 5091 ut
2691 5034 3013 5091 Plutarchus
3059 5045 3114 5090 et
3142 5034 3404 5091 Arrianus
3447 5042 3586 5095 scri-

1989 5112 2160 5178 bunt,
2219 5125 2444 5182 regnum
2509 5105 3181 5182 Macedonigesuscepit,
3239 5118 3389 5163 certe
3438 5111 3586 5182 circa

1998 5176 2153 5240 idem
2196 5176 2440 5252 tempus,
2508 5193 2618 5250 quo
2676 5176 2922 5249 prodigia
2974 5176 3068 5233 illa
3123 5186 3454 5249 evenerunt,
3501 5180 3593 5239 hic

1999 5263 2160 5312 natus
2188 5250 2325 5309 fuih'
2342 5250 2510 5307 FABR.

2071 5326 2127 5381 8.
2159 5322 2456 5382 Alexander
2484 5320 2729 5392 Magnus.
2755 5319 2814 5392 In
2842 5319 2964 5392 cod.
2991 5318 3260 5392 Longob.,
3277 5320 3594 5392 _Alexander

2000 5483 2128 5523 nov.
2153 5486 2169 5536 ;
2200 5478 2495 5523 Alexander
2518 5478 2768 5533 magnus,
2794 5478 2887 5515 me
2931 5478 3150 5544 gurges,
3176 5478 3311 5544 etc.,
3347 5478 3590 5519 vmcent.

1999 5539 2210 5613 Bellov.
2243 5535 2397 5613 Apud
2420 5534 2674 5613 eumdem
2703 5533 2913 5613 legitur
2937 5532 3069 5613 ibid.
3088 5575 3104 5599 ,
3148 5547 3277 5613 veris
3301 5544 3492 5588 terram
3514 5536 3594 5590 la-

1997 5606 2205 5682 pidibus
2254 5602 2636 5682 verberavit'25
2678 5602 3119 5682 diebustquibus
3166 5602 3382 5672 diebus,
3428 5614 3586 5682 e_tc_.;

1998 5674 2128 5812 ﬁge:
2146 5682 2221 5745 25
2264 5680 2476 5751 diebus,
2508 5694 2576 5737 ex
2602 5675 2784 5753 quibus
2816 5674 2996 5735 diebus
3040 5686 3197 5744 nata,
3236 5676 3472 5753 expungi
3499 5676 3596 5741 de-

2071 5771 2100 5811 n
2132 5792 2147 5812 .

2071 5762 2147 5812 nt.

3163 5842 3243 5911 20
