4092 6346
325 219 429 278 813

1379 226 1855 291 ΠΙεΤΟΒΙΛῐὶῐΜ
1891 231 2098 293 LIBER
2133 232 2222 292 111.
2263 235 2420 295 CAP.
2461 239 2529 296 X.
2639 238 2660 284 3-

3511 253 3618 310 8N

323 337 642 436 qttidissima
683 338 1012 436 probatione
1052 341 1402 400 manifestum
1443 356 1548 414 est,
1595 348 1748 405 inviti
1795 351 1923 406 licet
1953 355 1999 413 Α
2025 367 2134 422 que
2158 353 2321 425 afﬂigi
2352 355 2579 424 videret,
2613 356 2668 413 in
2692 357 2715 390 '
2739 356 3168 418 confertissimos
3207 362 3395 421 hostes
3417 377 3612 436 sponte

323 430 417 492 illi.
451 445 586 502 quos
617 432 670 486 in
701 431 1088 504 blasphemiam
1122 441 1165 473 ιι
1193 438 1418 508 urgebat
1444 439 1675 507 invidia,
1705 457 1912 513 cogno-

322 535 474 577 scere
504 523 766 593 faterique
797 535 1090 596 coguntur,
1130 542 1324 597 pacem
1352 531 1509 586 istam
1544 533 1712 588 totius
1734 533 1918 588 mundi

322 621 376 668 et
405 614 897 684 tranquillissimam
953 622 1326 687 serenitatem,
1385 637 1493 677 non
1546 625 1920 695 magnitudine

318 704 576 774 Cmsaris,
606 708 699 762 sed
730 718 1000 779 potestate
1024 711 1119 766 ﬁlii
1149 712 1242 770 Dei
1274 715 1362 781 qui
1393 715 1444 770 iu
1473 714 1665 770 diebus
1688 716 1918 772 Cmsaris

318 801 590 871 apparuit,
626 804 926 872 exstitisse,
958 819 1060 860 nec
1081 806 1237 861 unius
1264 807 1424 863 Urbis
1457 809 1795 878 imperatori,
1819 810 1916 866 sed

317 895 548 949 creatori
592 897 742 951 orbis
786 899 1047 966 universi,
1096 899 1285 956 orbem
1333 900 1509 971 ipsum
1541 903 1787 974 generali
1823 920 1916 960 co-

315 987 557 1056 gnitionc
581 989 865 1059 paruisse:
898 992 1012 1062 qui,
1044 993 1189 1049 sicut
1231 994 1316 1050 sol
1363 996 1548 1052 oriens
1601 996 1742 1052 diem
1789 997 1912 1056 luce

311 1079 630 1150 perfundit,
699 1083 773 1138 ita
822 1072 1118 1142 adveniens
1171 1087 1637 1158 misericorditer,
1697 1100 1916 1148 extenta

310 1171 572 1228 mundum
607 1189 740 1242 pace
765 1177 1029 1234 vestierit.
1063 1178 1217 1248 Quod
1245 1181 1478 1251 plenius,
1513 1183 1556 1215 ¹⁵
1587 1199 1710 1239 cum
1739 1185 1805 1240 ad
1834 1185 1912 1254 id,

311 1263 434 1335 ipso
483 1264 796 1336 perliciente
845 1268 1110 1339 Domino,
1145 1283 1364 1332 ventum
1407 1272 1591 1344 fuerit,
1643 1279 1690 1313 ιι
1731 1276 1913 1348 profe-

309 1368 488 1414 retur.

931 1454 1164 1513 CAPUT
1206 1455 1298 1515 IX.

308 1539 537 1626 Romani
564 1543 769 1626 Latinis
799 1547 1291 1626 belluminferunt.
1336 1551 1568 1609 Manlius
1614 1554 1912 1626 Torquatus

379 1615 549 1740 [ililum
576 1617 785 1674 occidit.
819 1615 1338 1690 Minuciajl’estalis
1360 1627 1522 1698 virgo,
1556 1615 1912 1684 incesti'dam-

379 1702 445 1740 na
472 1703 522 1740 a.

377 1702 522 1741 nata.

383 1825 398 1854 ¹
432 1824 600 1896 Igitur
627 1841 772 1886 anno
798 1827 866 1886 ab
921 1829 1064 1888 Urbe
1088 1833 1306 1890 condita
1355 1851 1476 1892 crux
1523 1837 1752 1894 Romani
1797 1839 1916 1896 bel-

302 1917 417 1973 lum
461 1917 672 1975 Latinis
711 1921 1105 1982 rebellantibus
1152 1927 1472 2000 intulerunt,
1523 1931 1725 1986 Manlio
1780 1933 1918 1988 Tor-

301 2022 490 2084 quato,
523 2023 580 2070 et
611 2016 632 2047 '
690 2015 856 2073 Decio
911 2018 1066 2076 Mure
1112 2023 1430 2080 con-ulibus
1463 2043 1475 2078 :
1539 2025 1692 2097 165
1725 2026 1775 2080 in
1807 2041 1918 2096 quo

302 2105 451 2164 bello
482 2125 622 2165 unus
646 2112 838 2196 consul
874 2112 1192 2173 interfectus
1233 2127 1340 2186 est,
1375 2119 1512 2174 alter
1553 2119 1764 2175 exstitit
1793 2135 1920 2190 par-

300 2199 500 2258 ricida.
542 2203 775 2267 Hanlius
821 2207 968 2264 enim
997 2209 1304 2282 Torquatus
1344 2213 1518 2269 lilium
1548 2229 1730 2282 suum,
1760 2215 1920 2285 juve-

305 2309 459 2362 nem,
493 2296 780 2366 victorem,
817 2299 1336 2375 interfectoremque
1366 2304 1388 2336 ³
1425 2304 1574 2361 Metii
1599 2305 1910 2377 Tusculani,

309 2387 513 2445 nobilis
540 2389 761 2460 equitis,
790 2402 843 2447 et
891 2400 1004 2449 tum
1053 2397 1325 2467 praecipue
1372 2399 1720 2468 provocantis
1755 2409 1918 2471 atque

300 2479 622 2539 insultantis
649 2482 839 2555 hostis,
876 2487 1098 2545 occidit.
1125 2488 1149 2520 ‘
1178 2490 1329 2545 Alius
1368 2506 1501 2548 vero
1546 2493 1755 2561 consul,
1789 2509 1913 2551 cum

300 2573 504 2632 iterato
533 2576 815 2649 conflictu,
847 2580 982 2636 illud
1011 2596 1205 2650 cornu,
1235 2583 1320 2640 cui
1351 2595 1603 2657 prmerat,
1645 2586 1779 2644 caedi
1826 2597 1905 2644 at-

2024 448 2310 518 prolapsus
2331 490 2344 513 ,
2384 450 2658 506 occubuit.
2693 451 2958 522 Manlius,
2987 455 3232 524 quamvis
3261 457 3453 524 victor,
3473 459 3494 490 ⁸
3521 475 3615 514 oc-

2021 550 2239 592 Cursum
2272 549 2449 596 tamen
2497 543 2755 598 nobilium
2787 544 3046 614 iuvenum
3097 545 3482 615 Romanorum,
3525 553 3614 621 qui

2021 627 2258 700 legitime
2306 635 2552 690 exhiberi
2593 635 2758 706 solet,
2795 637 3133 708 triumphans
3173 640 3462 709 parricida,
3506 659 3614 698 non

2019 725 2236 778 meruit.
2269 725 2289 757 ⁷
2316 725 2473 780 Anno
2501 736 2678 783 autem
2708 737 2829 799 post
2857 728 2999 785 hunc
3022 729 3412 800 subsequente,
3442 732 3613 788 Minu-

2019 817 2122 884 cia,
2150 817 2300 889 virgo
2331 818 2589 888 Vestalis,
2615 821 2683 876 ob
2719 821 3020 878 admissum
3060 823 3324 879 incestum
3357 825 3614 882 damnata

2018 918 2122 976 est,
2169 911 2394 983 vivaque
2423 914 2707 982 obrutaiu
2753 931 2965 986 campo,
2998 918 3090 986 qui
3131 933 3274 975 nunc
3305 918 3616 976 Sceleratus

2016 1014 2264 1062 VOCillUl'.

2645 1100 2874 1159 CAPUT
2913 1100 2981 1157 Χ.

2020 1188 2305 1246 Permulta:
2324 1201 2576 1248 matrona:
2598 1192 2849 1249 Romana:
2872 1194 3104 1266 veneﬁcii
3126 1206 3384 1253 accusata:
3398 1205 3444 1253 et
3466 1197 3616 1253 dam-

2662 1273 2800 1320 nata:
2823 1274 2966 1320 sunt.

2089 1377 2160 1434 At
2181 1391 2312 1434 vero
2336 1419 2352 1446 ,
2385 1391 2558 1449 parvo
2588 1377 2715 1433 exin
2755 1387 3000 1448 tempore
3033 1381 3338 1453 interiecto,
3363 1381 3623 1442 horresco

2020 1471 2229 1528 referre
2259 1471 2402 1543 quod
2431 1481 2645 1543 gestum
2674 1480 2796 1527 est:
2833 1473 2849 1502 ¹
2879 1488 3002 1528 nam
3028 1474 3256 1530 Claudio
3281 1475 3536 1534 Marcello
3565 1486 3622 1534 et

2020 1565 2235 1622 Valerio
2250 1564 2444 1622 Flacco
2465 1565 2809 1632 consulibus,
2842 1566 3145 1623 incredibili
3175 1570 3325 1625 rabie
3345 1579 3399 1626 et
3427 1585 3618 1628 amore

2029 1658 2300 1715 scelerum
2332 1658 2592 1714 Romana:
2614 1668 2876 1714 matrona:
2903 1671 3247 1716 exarserunt.
3280 1663 3408 1718 Erat
3433 1664 3620 1734 utique

1938 1745 1986 1806 B
2035 1749 2214 1807 fmdus
2252 1749 2342 1807 ille
2371 1765 2435 1806 ac
2467 1751 2729 1822 pestilens
2751 1765 2945 1819 annus,
2975 1752 2996 1782 ³
3020 1751 3347 1825 inﬂictaque
3371 1753 3483 1824 jam
3521 1771 3620 1810 uu-

2028 1845 2189 1916 dique
2206 1845 2522 1902 catervatim
2557 1845 2716 1918 166
2727 1855 2936 1916 strages
2958 1846 3336 1918 egerebantur,
3360 1855 3414 1904 et
3435 1846 3618 1904 adhuc

2035 1947 2212 1992 tamen
2245 1952 2412 2007 penes
2437 1951 2627 1993 omnes
2657 1938 2725 1992 de
2753 1948 3019 2008 corrupto
3057 1953 3185 1994 aere
3231 1939 3458 2009 simplex
3499 1954 3620 1996 cre-

2030 2029 2234 2085 dulitas
2265 2037 2406 2098 erat,
2433 2044 2556 2085 cum
2587 2029 2859 2086 existente
2883 2029 3114 2102 quadam
3144 2031 3340 2086 ancilla
3362 2031 3541 2087 indice
3563 2042 3620 2087 et

2035 2123 2416 2189 convincente,
2449 2122 2678 2192 primum
2709 2125 2895 2178 multm
2940 2132 3202 2180 matrona:
3234 2133 3290 2179 ut
3327 2125 3617 2193 biberent,

2027 2232 2148 2287 qua:
2203 2222 2485 2284 coxerant,
2537 2229 2781 2282 venena,
2823 2215 3162 2287 compuism:
3214 2216 3414 2272 deinde
3460 2216 3620 2271 simul

2027 2309 2049 2341 ⁸
2077 2319 2241 2380 atque
2268 2309 2519 2379 hausere,
2551 2317 2886 2380 consumptae
2915 2317 3062 2364 sunt.
3081 2308 3250 2364 Tanta
3272 2318 3453 2365 autem
3481 2309 3620 2365 mul-

2026 2401 2209 2457 titudo
2230 2400 2331 2456 fuit
2359 2412 2727 2456 matronarum
2760 2401 2814 2456 in
2845 2400 2866 2433 ι
2894 2399 2978 2456 his
3009 2400 3342 2457 facinoribus
3370 2403 3621 2458 conscia-

2025 2511 2170 2562 rum,
2210 2496 2232 2528 ⁸
2265 2504 2321 2550 ut
2348 2503 2606 2551 trecentae
2633 2494 2974 2567 septuaginta
3001 2494 3267 2552 damnatas
3311 2509 3378 2553 ex
3406 2495 3511 2554 illis
3539 2495 3618 2553 si-

2032 2589 2144 2644 mul
2171 2586 2341 2646 fuisse
2360 2587 2687 2645 referantur.

1591 2718 2041 2778 HAVERCAMPI
2079 2719 2216 2776 ΝΟΤ
2227 2719 2320 2777 1E.

381 2831 471 2904 il.
498 2828 732 2904 Urgebat
755 2830 971 2887 invidia.
996 2829 1122 2904 [huc
1151 2830 1441 2904 meliorum
1467 2842 1518 2887 et
1541 2831 1904 2904 antiquiorum

301 2901 466 2958 Codd.
497 2901 736 2957 Florent.
781 2904 969 2968 trium,
1004 2902 1103 2958 Mei
1132 2913 1185 2958 et
1218 2903 1466 2959 Perizon.
1497 2915 1555 2958 ut
1593 2914 1647 2959 et
1672 2901 1763 2960 ed.
1805 2905 1910 2960 Au-

298 2985 454 3046 gust.
490 2985 571 3046 est
613 2972 795 3028 lcetio.
853 2973 1064 3043 Vulgati
1113 2974 1542 3046 urgetinvidia,
1592 2990 1716 3030 mox
1766 2983 1914 3030 tran-

338 3045 766 3118 uillissiiitatttque
825 3061 921 3118 pro
969 3054 1014 3097 et
1048 3045 1524 3117 tranquillissimam
1575 3055 1686 3102 tres
1736 3046 1908 3118 Lugd.

350 3124 452 3170 att.
480 3131 599 3169 cum
638 3112 781 3169 COII.
815 3116 1054 3170 Gronov.

378 3188 466 3243 15.
510 3184 638 3240 Cum
678 3186 746 3240 ad
785 3185 861 3253 id,
898 3187 1012 3251 ipso
1061 3189 1356 3258 perﬁciente
1383 3186 1630 3242 Domino.
1678 3186 1912 3244 Secutus

306 3273 432 3314 sum
467 3259 778 3324 lectionem,
826 3273 986 3326 quam
1011 3269 1326 3314 Constanter
1373 3267 1591 3313 servant
1622 3274 1754 3313 mss.
1797 3276 1914 3314 om-

302 3346 437 3417 nes.
475 3329 709 3417 V'ulgati,
755 3345 870 3417 cum
911 3331 980 3383 ad
1021 3331 1193 3400 ipsum
1225 3331 1330 3403 (vel
1358 3331 1427 3384 ad
1454 3331 1508 3384 id
1537 3329 1727 3402 ipsum)
1755 3331 1913 3402 per/i-
1943 3354 1990 3417 ρ

299 3403 469 3455 ciente
497 3400 738 3466 Domino,
769 3411 876 3456 etc.

377 3473 467 3526 16.
507 3469 835 3540 Profcrctur.
861 3471 953 3528 Sic
985 3481 1091 3528 tres
1127 3471 1452 3539 Florentini,
1487 3472 1656 3536 Meus,
1690 3471 1824 3528 Ultr.
1858 3482 1912 3528 et

306 3543 562 3614 Perizon.
608 3541 850 3614 cuntied.
886 3545 1050 3614 Aug.,
1095 3546 1426 3614 proferimus.
1462 3541 1687 3613 vulgati,
1739 3545 1912 3614 profe-

299 3631 495 3668 remus.
527 3613 695 3684 Lugd.
731 3613 872 3668 Batt.
905 3613 1015 3670 tres
1058 3613 1182 3671 cum
1212 3615 1348 3671 Coll.
1386 3615 1652 3680 Gronov.,
1697 3613 1908 3684 proﬁte-

301 3687 458 3740 bitur.

374 3756 502 3813 Cap.
520 3752 969 3829 lX.—_—l._1gitur
999 3773 1124 3829 ann.
1150 3756 1214 3829 ab
1249 3755 1387 3829 Urbe
1413 3755 1624 3829 condita
1644 3769 1787 3811 cntx.
1812 3755 1909 3812 llic

309 3843 486 3883 annus
509 3844 613 3898 quo
643 3827 706 3882 L.
738 3827 965 3883 Manlius
988 3837 1040 3882 et
1064 3827 1126 3882 P.
1162 3827 1355 3883 Decius
1376 3827 1628 3882 consules
1649 3829 1861 3882 fuerunt
1893 3846 1904 3881 :

301 3899 354 3953 in
390 3897 630 3970 antiquis
661 3897 839 3954 Fastis
881 3906 964 3954 est
994 3915 1180 3970 cnxtv,
1221 3913 1249 3952 a
1276 3913 1383 3968 quo
1410 3913 1640 3954 numero
1658 3913 1788 3970 cum
1819 3899 1908 3954 hic

311 3972 474 4041 longe
504 3969 894 4041 absitavereor
917 3987 994 4041 ine
1019 3969 1269 4024 mendum
1299 3971 1385 4025 hic
1420 3971 1602 4025 lateat.
1629 3969 1794 4041 FABlI_.

371 4039 428 4094 ei
471 4042 629 4096 Decio
661 4039 832 4096 Mure.
888 4040 1060 4110 Vulgo
1081 4056 1266 4096 errore
1294 4043 1580 4096 manifesto
1613 4056 1710 4109 pro
1731 4039 1904 4109 Mure,

297 4113 446 4180 quod
475 4124 559 4167 est
589 4116 640 4164 in
668 4114 922 4167 omnibus
966 4112 1369 4181 manuscriptis.
1415 4113 1525 4176 hic,
1560 4124 1614 4166 et
1642 4110 1782 4166 inira
1813 4126 1905 4166 ca-

299 4186 393 4254 pit.
428 4184 493 4240 91
531 4183 771 4238 Μιιγωηα
796 4183 1012 4255 legitur,
1044 4186 1183 4239 sicut
1221 4191 1276 4238 et
1313 4183 1451 4254 apud
1485 4183 1704 4238 Florum
1736 4182 1830 4238 lib.
1862 4198 1904 4250 ι,

299 4257 461 4308 canit.
498 4256 582 4308 14.
665 4255 828 4308 Fann.

296 4257 461 4311 canit.
498 4256 582 4311 M.
665 4256 828 4310 Fann.

365 4273 461 4326 ptt.
498 4273 582 4311 Io.
665 4273 828 4310 rana.

368 4331 424 4383 5.
469 4326 616 4381 Metii
647 4325 960 4390 Tusculani,
992 4325 1184 4380 nobilis
1233 4325 1442 4396 equitis.
1478 4325 1570 4380 Sic
1599 4332 1680 4396 est
1711 4323 1762 4378 in
1791 4323 1903 4378 bla-

299 4399 612 4466 nuscriptis,
649 4414 775 4464 non,
804 4399 1005 4466 militis,
1036 4409 1091 4451 ut
1118 4395 1321 4452 habent
1342 4395 1565 4466 vulgati.
1592 4395 1745 4449 llunc
1763 4410 1902 4464 pra:-

300 4465 500 4524 feetum
528 4471 768 4537 equitum
798 4467 979 4524 Livius
1009 4469 1101 4522 lib.
1133 4484 1228 4523 vut
1255 4477 1309 4524 et
1337 4465 1514 4523 Valer.
1552 4483 1611 4537 tt,
1642 4465 1808 4536 capit.
1841 4466 1898 4534 2,

302 4541 594 4596 Geminium
629 4540 847 4594 Metium
891 4549 1105 4595 vocant.

368 4613 426 4668 4.
460 4613 609 4665 Alius
639 4627 757 4666 vero
785 4611 986 4666 consul.
1016 4610 1260 4666 Alterum
1286 4610 1568 4666 consulem
1592 4609 1654 4664 P.
1677 4607 1898 4664 Decium

299 4695 505 4754 patrem
552 4683 823 4754 intelligit,
875 4683 966 4754 qui
997 4698 1056 4738 se
1084 4683 1230 4754 bello
1259 4681 1452 4754 Latino
1497 4681 1746 4754 devovit,
1777 4677 1894 4734 Cic.

300 4699 505 4754 patrem
553 4699 823 4752 tntetttgtt,
875 4699 906 4808 (ἶ

300 4755 392 4809 lib.
427 4770 462 4810 η
490 4753 557 4810 de
605 4753 726 4810 Fin.
784 4764 839 4810 et

299 4825 466 4881 Fann.

369 4899 424 4951 ii.
479 4895 925 4969 Confertissimos.
976 4895 1146 4968 Lugd.
1202 4895 1344 4951 Batt.
1395 4903 1628 4966 quatuor
1676 4902 1733 4948 et
1762 4892 1899 4950 Coll.

299 4967 564 5040 Gronov.,
595 4967 988 5040 infestissimos.
1031 4975 1037 4980 ’

368 5043 422 5095 6.
462 5035 745 5110 Occursant
767 5050 936 5110 tamen
969 5039 1222 5094 nobilium
1253 5042 1539 5110 junenum.
1569 5035 1712 5110 Liv.,
1749 5035 1900 5093 Bello

303 5122 468 5183 gesto,
506 5111 568 5166 T.
603 5109 840 5165 Manlius
867 5109 1092 5164 Romam
1115 5111 1288 5175 rediit,
1321 5112 1402 5164 cui
1427 5109 1649 5164 venienti
1677 5110 1902 5164 seniores

301 5193 504 5237 tantum
546 5183 743 5237 obviam
786 5184 952 5238 exisse
999 5193 1196 5238 constat
1228 5198 1246 5237 :
1266 5183 1596 5254 juventutem
1623 5189 1670 5234 et
1714 5189 1823 5254 tum
1850 5191 1898 5235 et

301 5255 440 5308 omni
466 5255 567 5308 rita
606 5254 792 5308 deinde
812 5263 1098 5323 aversatam
1137 5271 1254 5307 eum
1268 5251 1718 5323 exsecratamque.
1751 5251 1898 5308 Idem

304 5325 422 5381 Val.
454 5325 595 5380 Max.
627 5327 716 5380 lib.
755 5341 830 5390 tx,
861 5340 911 5380 c.
935 5325 989 5379 5.
1024 5322 1190 5380 Fann.

371 5397 425 5450 7.
458 5396 612 5451 Anno
669 5409 841 5450 autem
876 5406 1008 5468 _post
1058 5394 1196 5448 hunc
1251 5395 1606 5468 subsequente.
1669 5392 1901 5468 Minucia

307 5467 561 5538 damnata
595 5468 840 5522 incestus
867 5465 994 5530 fuit,
1025 5482 1129 5521 nou
1155 5466 1406 5538 proximo
1427 5481 1570 5520 anno
1602 5474 1726 5536 post
1754 5465 1906 5520 Man-

302 5537 426 5592 lium
452 5547 507 5594 et
536 5538 758 5593 Decium
789 5538 1062 5603 consules,
1092 5537 1186 5592 sed
1225 5538 1384 5592 tertio
1429 5551 1574 5590 anno
1603 5545 1744 5604 post,
1773 5550 1901 5590 auc-

304 5618 417 5682 tore
436 5609 592 5682 Livio
621 5609 672 5664 in
705 5625 818 5682 Vill:
836 5607 914 5661 De
941 5625 1089 5682 paena
1106 5606 1810 5682 _VestaliunLDionySLItbr.
1837 5621 1897 5671 tt,

302 5679 438 5756 Plut.
476 5681 754 5756 in__Numa,
784 5675 1066 5756 Decamgo
1093 5677 1358 5756 Scelerato
1385 5675 1597 5756 Festus;
1632 5675 1830 5756 Finan.“

371 5754 501 5809 Car.
535 5750 602 5808 Χ.
634 5781 706 5793 ---
739 5755 790 5810 1.
823 5751 966 5808 Nam
995 5749 1217 5814 Claudio
1249 5749 1524 5807 Marcello.
1546 5750 1617 5808 Μ.
1644 5747 1902 5807 Claudius

2019 2833 2316 2890 Marcellus
2362 2841 2418 2889 et
2463 2832 2524 2890 C.
2559 2833 2810 2889 Valerius
2836 2832 3061 2892 Flaccus
3089 2837 3344 2894 consules
3394 2837 3616 2896 luerunt

2016 2920 2398 2976 annocnxxn:
2434 2919 2542 2976 quo
2569 2919 2712 2960 anno
2756 2904 2944 2959 Romae
2973 2906 3206 2976 primum
3235 2909 3304 2966 de
3331 2911 3610 2968 veneficiis

2016 2975 2300 3048 qumsitum
2330 2985 2433 3031 est.
2465 2975 2648 3030 Livius
2677 2975 2823 3048 Libr.
2852 2991 2968 3033 .vut.
3002 2977 3164 3034 Fstnr.

2089 3049 2150 3122 9..
2176 3046 2500 3122 Inﬂetazgue.
2519 3048 2644 3122 _Nisi
2674 3047 2776 3122 hoc
2801 3050 2975 3122 bene,
2991 3064 3089 3122 pro
3111 3050 3207 3105 illo
3233 3051 3545 3122 inﬂictaque
3559 3064 3614 3111 et

2020 3117 2348 3189 impletteque
2371 3117 2570 3174 Orosio
2600 3119 2848 3183 restitui,
2907 3120 3036 3175 nihil
3083 3117 3307 3189 usquam
3356 3117 3611 3182 viderim.

2020 3189 2191 3263 Laur.
2225 3219 2297 3230 —
2328 3189 2557 3263 Elegaus
2595 3199 2681 3245 est
2704 3190 3015 3263 emendatio
3041 3190 3237 3259 Lautii,
3272 3195 3360 3260 qui
3393 3210 3488 3263 pro
3524 3198 3610 3250 in-

2021 3262 2291 3335 ﬂictreque
2306 3261 2390 3335 vel
2410 3261 2765 3335 Aimplettnque,
2797 3261 3009 3331 reponit
3039 3263 3352 3335 inﬂetaque.
3395 3261 3608 3322 Nullam

2024 3343 2203 3406 tamen
2226 3332 2447 3406 adducit
2473 3333 2873 3406 auctoritatem,
2905 3349 3007 3404 qua
3032 3332 3221 3406 prebet
3244 3332 3459 3406 inﬂatus
3482 3341 3609 3405 poni

2021 3417 2120 3472 pro
2168 3403 2463 3473 inde/lctus.
2496 3402 2680 3474 Neque
2723 3402 3196 3475 tamen‘analogia
3242 3402 3452 3470 obstat,
3485 3402 3614 3466 nam

2012 3477 2168 3602 gigans
2191 3489 2287 3544 pro
2316 3475 2534 3546 deﬂetus
2560 3476 2796 3531 occurrit
2844 3475 2986 3547 apud
3021 3476 3207 3548 Virgil.
3239 3477 3334 3534 lib.
3366 3478 3496 3536 Ain.
3529 3497 3606 3546 vi,

2197 3635 2292 3704 Hic
2313 3635 2517 3704 multum
2541 3637 2646 3688 ﬂeti
2672 3636 2730 3687 ad
2754 3650 2985 3702 superos,
3014 3638 3247 3704 belloque
3267 3641 3435 3694 caduci

2200 3697 2507 3749 Dardanidas.

2086 3824 2184 3881 Ubi
2217 3833 2369 3882 notat
2401 3825 2648 3891 Servius,
2704 3827 2925 3882 multum
2967 3828 3108 3898 ﬂeti,
3159 3828 3216 3882 id
3264 3836 3341 3884 est
3385 3829 3603 3898 nobiles,

2011 3911 2231 3970 quorum
2259 3906 2476 3970 mortem
2501 3898 2734 3970 sequitur
2760 3915 2949 3970 magna
2989 3901 3310 3954 lamentatio.
3358 3901 3421 3956 Et
3457 3913 3608 3958 certe

2013 3967 2268 4040 evincere
2296 3968 2346 4022 id
2371 3968 2510 4040 solet
2533 3967 2934 4024 multitudinem
2961 3980 3300 4026 mortuorum
3331 3981 3386 4027 et
3400 3972 3608 4040 magni-

2010 4039 2251 4095 tudinem
2282 4039 2506 4112 stragis,
2537 4041 2581 4112 si
2613 4049 2837 4110 propter
2877 4041 3070 4112 crebra
3112 4052 3166 4097 et
3196 4039 3499 4112 numquam
3527 4043 3610 4100 in-

2009 4113 2256 4184 termissa
2284 4111 2474 4184 funera
2505 4111 2758 4184 planctus
2798 4111 3099 4184 omittatur,
3129 4123 3290 4182 atque
3330 4111 3563 4184 inde/leti
3585 4156 3603 4182 ,

2007 4196 2104 4256 seu
2136 4182 2326 4256 iit/leti,
2352 4182 2689 4256 (invidetur:
2713 4181 2997 4256 scripsisse
3023 4181 3272 4249 Orosius)
3304 4200 3334 4256 a
3382 4181 3601 4256 prepin4

2007 4254 2130 4322 quis
2157 4268 2290 4323 rogo
2319 4253 2627 4322 injiciautur
2655 4252 2814 4308 Ovid.
2849 4253 3070 4309 Metam.
3093 4270 3187 4322 vn,
3220 4255 3326 4312 6l0
3358 4272 3374 4311 :

2067 4375 2248 4439 Deque
2274 4377 2409 4437 rogis
2433 4383 2653 4487 pugnant
2679 4389 2690 4425 :
2717 4377 2988 4439 alienisque
3016 4377 3210 4440 ignibus
3231 4378 3426 4430 ardent.

2070 4439 2165 4487 Oui
2187 4439 2472 4487 lacrvment.
2530 4446 2704 4487 esuut:
2730 4439 3083 4487 indeﬂetteuue
3108 4450 3348 4487 vagantur

2070 4439 2165 4497 Qui
2187 4439 2472 4501 lacryment,
2494 4439 2704 4489 desunt:
2730 4439 3083 4502 indeﬂetaeque
3108 4450 3348 4502 vagantur

2067 4502 2296 4553 Natarum
2322 4507 2633 4563 matrumque
2659 4503 2854 4565 animm,
2881 4502 3215 4565 iuvenumque
3239 4516 3533 4569 senumque.

2074 4605 2330 4680 Quamvis
2361 4613 2544 4680 autem
2587 4605 2768 4680 nullus
2801 4621 2867 4660 ex
2895 4621 3031 4662 mss.
3086 4607 3227 4680 legat
3275 4609 3599 4680 inﬂatuque,

2010 4679 2153 4749 quod
2185 4687 2362 4732 tamen
2401 4677 2574 4745 Meus,
2626 4677 2876 4731 Perizon.
2907 4688 3094 4749 atque
3145 4677 3280 4735 Ultr.
3335 4677 3603 4738 exhibent

912 4753 1015 4810 ibr.
1044 4753 1149 4809 ide
1198 4753 1386 4809 Divin.
1441 4763 1500 4808 et
1556 4752 1645 4807 alii
1691 4744 1902 4806 omnes.
1936 4744 1984 4806 D
2011 4744 2612 4821 impleta’queproxime
2636 4749 2702 4802 ad
2730 4749 2876 4821 illam
2905 4744 3196 4821 lectionem
3211 4751 3439 4818 accedit,
3468 4768 3602 4821 quo-

2007 4817 2152 4877 niam
2181 4819 2323 4874 inter
2353 4819 2562 4875 litteras
2591 4833 2625 4889 p
2645 4828 2701 4875 et
2721 4817 2746 4873 f
2770 4819 2824 4874 in
2865 4819 3026 4876 codd.
3079 4835 3212 4878 mss.
3246 4817 3601 4880 minima'est

2007 4890 2396 4959 discrepantia.

2077 4965 2131 5018 3.
2161 4958 2326 5032 Atque
2365 4959 2607 5016 hausere.
2651 4960 2743 5032 lta_
2778 4973 2908 5014 mss.
2965 4958 3268 5032 Florentini
3321 4973 3434 5020 tres
3472 4979 3596 5020 cum

2004 5029 2252 5090 Perizon.
2281 5032 2447 5086 Meus.
2473 5033 2553 5085 hae
2581 5047 2698 5101 qua:
2722 5029 2960 5087 hausere.
2994 5031 3229 5103 Vulgati,
3274 5045 3331 5088 ut
3357 5036 3591 5091 hausere.

2075 5106 2130 5158 4.
2167 5103 2267 5157 His
2298 5103 2614 5173 facinoribus
2641 5103 2990 5157 consciorum.
3041 5103 3208 5160 Paulo
3236 5105 3480 5162 Latinius
3510 5116 3597 5162 est

2011 5176 2116 5232 hoc
2143 5175 2208 5246 in,
2228 5175 2345 5246 lib.
2368 5173 2560 5229 Colon.
2587 5188 2748 5246 quam
2778 5174 2831 5229 in
2871 5173 3016 5246 aliis,
3058 5176 3252 5245 quibus
3280 5177 3592 5246 legiturzin

2003 5247 2084 5301 his
2109 5245 2423 5316 facinoribus
2446 5260 2466 5308 ;
2494 5245 2695 5316 illliilim
2725 5253 2902 5300 tamen
2923 5243 3090 5314 hujus
3101 5243 3356 5316 facinoris
3364 5249 3596 5303 conscia-

2005 5315 2142 5372 rum.
2197 5315 2548 5388 Lana—lin
2580 5316 2689 5372 ﬁne
2743 5324 2923 5372 tamen
2970 5315 3107 5385 cap.
3151 5320 3432 5388 sequentis
3486 5335 3593 5376 ms.

2007 5389 2148 5446 Ultr.
2175 5389 2361 5443 itidem
2394 5387 2607 5452 scribit,
2631 5403 2823 5457 magna
2851 5389 2904 5441 in
2927 5389 3123 5456 parvis.

2081 5461 2134 5515 5.
2170 5458 2238 5515 Ut
2269 5469 2509 5514 trecenae
2558 5461 2885 5529 septuaginta
2913 5458 3211 5529 _damnatte.
3260 5458 3318 5514 In
3365 5475 3595 5516 numero

2007 5531 2352 5588 consentiunt
2379 5527 2878 5599 manuscripti'libri
2898 5527 3097 5598 Orosii,
3127 5529 3223 5586 sed
3251 5529 3436 5587 Livius
3459 5533 3594 5588 scri-

2008 5604 2086 5674 bit
2116 5603 2396 5658 damnatas
2424 5601 2594 5656 fuisse
2628 5600 3118 5674 adfi'7_0.Val_erius
3148 5601 3273 5656 libr.
3307 5618 3366 5667 tt,
3396 5616 3515 5674 cap.
3542 5620 3589 5658 ιε

2010 5673 2164 5740 Pars,
2199 5674 2392 5744 inquit,
2443 5673 2653 5744 capitali
2688 5671 2893 5744 judicio
2937 5671 3200 5744 damnata:
3221 5683 3424 5728 centum
3453 5671 3499 5730 et
3525 5676 3596 5732 70

2009 5742 2289 5822 numerum
2320 5742 2666 5816 expleverunt.
2693 5742 2884 5800 'Fssn.
2918 5771 2992 5786 —-
3017 5742 3284 5804 Trecenta:
3334 5748 3594 5820 octoginta

2049 5861 2114 5886 ᾗ..
