4092 6346
401 280 511 342 815

1027 384 1262 444 CAPUT
1299 383 1393 441 XI.
1454 396 1461 402 '

397 508 712 580 Alexander,
732 522 826 565 rea:
846 505 1179 579 Epirotarum
1200 521 1231 557 a
1257 498 1582 627 tSamnilibus
1610 493 1854 568 uictusjet,
1873 494 2004 551 occi-

1094 592 1181 627 ειη
1203 591 1254 627 £8
1283 614 1298 627 .

1094 592 1181 633 ειη
1203 591 1298 631 est.

483 716 640 772 Anno
667 714 735 771 ab
761 711 907 771 Urbe
933 708 1166 767 condita
1196 720 1443 763 ccccxxu
1497 704 1515 735 ί
1545 699 1871 766 Alexander,
1902 713 2002 756 rex

409 809 790 880 Epirotarum,
824 802 1119 862 Alexandri
1160 800 1305 856 illius
1331 797 1507 868 Magni
1539 795 1859 859 avunculus,
1892 802 2002 848 tra-

396 904 575 974 jeCtis,
605 903 659 957 in
699 899 908 956 Italiam
950 895 1151 968 copiis,
1185 908 1307 949 cum
1341 890 1495 963 167
1517 889 1717 946 bellum
1744 887 2003 942 adversus

406 998 682 1052 Romanos
705 1001 940 1066 pararet,
965 999 1021 1047 et
1041 989 1181 1045 circa
1201 986 1458 1042 finitimas
1479 984 1664 1040 Roma:
1682 982 1844 1037 urbes
1862 982 1883 1013 ²
1908 979 1996 1035 fir-

411 1103 564 1145 mare
584 1086 728 1143 vires
750 1085 1018 1142 exercitus
1038 1082 1142 1150 sui,
1168 1080 1475 1149 auxiliaque
1493 1077 1580 1133 vel
1600 1075 1701 1131 sibi
1721 1074 2003 1145 acquirere

410 1183 496 1238 vel
522 1180 767 1237 hostibus
787 1178 1108 1234 subtrahere
1128 1174 1351 1230 studens
1368 1213 1383 1238 ,
1406 1170 1562 1228 bellis
1581 1174 1945 1232 exerceretur,
1968 1179 2001 1221 a

413 1273 771 1338 Samnitibus,
801 1271 893 1343 qui
920 1270 1150 1326 Lucana:
1179 1265 1325 1338 genti
1342 1262 1795 1335 suffragabantur,
1821 1257 1999 1313 maxi-

406 1384 500 1425 mo
541 1366 687 1425 bello
716 1365 772 1421 in
805 1364 1042 1420 Lucania
1070 1361 1249 1417 victus
1280 1369 1445 1429 atque
1483 1354 1695 1411 occisus
1724 1359 1826 1408 est.
1856 1348 1997 1417 Sed,

408 1457 663 1531 quoniam
717 1454 1050 1525 aliquantum
1102 1450 1376 1505 Romanas
1431 1444 1616 1502 clades
1664 1439 2000 1499 recensendo

410 1561 734 1622 progressus
763 1560 905 1612 sum,
934 1543 1020 1599 vel
1046 1540 1338 1598 Alexandri
1361 1539 1518 1594 istius
1544 1534 1821 1592 mentione
1848 1547 1999 1589 com-

418 1642 680 1710 monitus,
731 1640 800 1695 de
851 1636 1106 1706 Philippo
1135 1632 1485 1691 Macedonum
1514 1644 1660 1699 rege,
1692 1628 1783 1699 qui
1810 1626 1997 1699 Olym-

402 1734 618 1805 piadem
669 1731 829 1803 hujus
854 1727 1145 1788 Alexandri
1190 1726 1429 1796 Epirotae
1478 1736 1722 1779 sororem
1770 1734 1992 1775 uxorem

405 1826 620 1891 habuit,
649 1840 719 1882 ex
739 1841 843 1896 qua
867 1822 1236 1880 Alexandrum
1260 1818 1507 1889 Magnum
1544 1814 1751 1886 genuit,
1775 1811 1994 1884 paucis-

403 1918 559 1975 simis
583 1917 741 1973 annis
772 1925 921 1972 retro
949 1911 1215 1986 repetitis,
1239 1904 1261 1941 ³
1286 1922 1479 1981 magna
1505 1905 1711 1977 parvis,
1745 1902 1799 1960 in
1825 1917 1998 1975 quan-

404 2022 522 2070 tum
545 2022 760 2084 potero,
786 2009 1061 2082 colligam.

1007 2121 1235 2182 CAPUT
1274 2119 1392 2179 XII.

404 2241 664 2316 Philippi,
710 2240 849 2313 regis
888 2237 1230 2316 Macedoniae,
1273 2250 1354 2316 res
1389 2240 1562 2316 gesta,
1593 2240 1642 2287 et
1668 2248 1796 2303 quas
1826 2239 2001 2303 gentes

922 2322 1012 2365 seu
1038 2307 1185 2362 urbes
1214 2306 1487 2377 subegerit.

475 2430 495 2460 ¹
521 2428 682 2485 Auno
714 2425 783 2482 ab
811 2422 957 2482 Urbe
985 2420 1200 2478 condita
1227 2434 1357 2476 cccc
1402 2415 1702 2488 Philippus,
1751 2416 2002 2487 Amyntae

402 2520 570 2592 filius,
616 2515 913 2578 Alexandri
954 2523 1127 2587 pater,
1158 2515 1179 2546 ⁸
1208 2526 1432 2584 regnum
1480 2509 1832 2566 Macedonum
1875 2508 2001 2564 ade-

1812 263 2020 324 PAULI
2057 258 2293 323 OROSII

2019 379 2073 441 Α
2098 385 2243 450 plus,
2267 372 2455 446 viginti
2480 370 2717 446 quinque
2737 368 2899 428 annis
2917 368 3092 427 tenuit
3116 383 3133 426 :
3158 365 3357 439 quibus
3376 365 3480 423 bos
3503 378 3697 424 omnes

3592 250 3703 312 8w

2100 468 2455 527 acerbitatum
2479 480 2708 523 acervos
2719 472 3051 533 cunctasque
3070 461 3335 518 malorum
3362 459 3537 517 moles
3555 468 3704 515 strn-

2102 567 2199 622 xit.
2229 564 2251 596 ³
2281 563 2381 619 Hic
2406 562 2638 633 primum
2669 560 2737 616 ab
2759 556 3069 615 Alexandro
3096 555 3265 611 fratre
3293 554 3458 611 obses
3486 551 3704 609 Theba-

2102 661 2187 715 nis
2216 657 2396 725 datns,
2435 656 2595 728 168
2615 669 2713 726 per
2738 652 3032 709 triennium
3064 649 3206 722 apud
3243 646 3703 720 Epaminondam,

2099 748 2539 807 strenuissimum
2585 749 2970 818 imperatorem
3023 752 3080 800 et
3125 756 3402 799 summum
3450 740 3700 811 philoso-

2103 841 2289 915 phum,
2315 839 2559 897 eruditus
2585 848 2689 896 est.
2737 839 2857 909 Ipso
2883 846 3064 892 autem
3097 834 3412 892 Alexandro
3438 831 3462 865 ⁸
3488 832 3707 889 scelere

2102 935 2403 1008 Eurydices
2431 933 2622 989 matris
2645 932 2850 998 occiso,
2880 930 3129 1002 quamvis
3156 944 3242 997 ea,
3269 928 3380 998 jam
3411 925 3708 984 commisso

2102 1029 2396 1097 adulterio,
2429 1035 2486 1085 et
2517 1027 2691 1083 altero
2733 1026 2965 1095 primum
2997 1025 3110 1080 lilio
3137 1023 3447 1091 interfecto,
3481 1020 3707 1092 ﬁliaque

2098 1122 2351 1189 viduata,
2398 1121 2581 1192 generi
2630 1118 2842 1190 nuptias
2890 1116 3073 1173 mariti
3127 1123 3302 1171 morte
3348 1113 3694 1187 pepigisset,

2098 1216 2409 1288 compulsus
2430 1230 2459 1270 a
2483 1213 2682 1286 p0pulo
2702 1226 2951 1284 regnum,
2975 1209 3118 1283 quod
3143 1224 3310 1281 parvo
3330 1209 3493 1266 occisi
3515 1208 3702 1265 fratris

2100 1309 2211 1366 filio
2239 1308 2510 1375 tuebatur,
2541 1305 2802 1377 suscepit,
2839 1303 3084 1375 quicum
3111 1300 3247 1358 foris
3289 1316 3560 1359 concursu
3608 1315 3707 1358 ex-

2098 1401 2433 1473 surgentium
2462 1397 2698 1470 undique
2724 1395 2983 1461 hostium,
3015 1395 3161 1451 domi
3184 1401 3365 1451 autem
3387 1391 3699 1464 deprehen-

2097 1508 2279 1551 sarum
2316 1505 2462 1562 saepe
2503 1489 2822 1546 insidiarum
2862 1495 3011 1545 metu
3040 1486 3379 1558 fatigaretur,
3410 1486 3433 1519 ⁸
3465 1484 3699 1556 primum

2097 1586 2298 1643 bellum
2343 1598 2467 1641 cum
2516 1582 2938 1640 Atheniensibus
2983 1580 3172 1654 gessit.
3239 1580 3447 1650 Quibus
3505 1579 3704 1648 victis,

2100 1680 2121 1711 °
2150 1693 2300 1735 arma
2323 1677 2391 1734 ad
2417 1677 2627 1751 Illyrios
2671 1676 2964 1743 transtulit,
3005 1674 3297 1744 multisque
3335 1673 3571 1730 millibus
3611 1673 3707 1728 ho-

2024 1777 2072 1838 Β
2097 1770 2257 1827 stium
2283 1769 2583 1835 trucidatis,
2605 1767 2878 1824 Larissam
2901 1766 3090 1823 urbem
3110 1766 3506 1823 nobilissimam
3528 1767 3702 1836 cepit.

2099 1863 2231 1920 Inde
2256 1862 2594 1919 Thessaliam
2626 1875 2735 1918 non
2777 1861 2947 1933 magis
2989 1874 3178 1916 amore
3223 1859 3490 1927 victoriae,
3542 1873 3704 1931 quam

2099 1954 2394 2011 ambitione
2424 1952 2794 2010 habendorum
2835 1951 3076 2023 equitum
3106 1949 3500 2007 Thessalorum
3518 1992 3535 2019 ,
3563 1964 3707 2022 quo-

2102 2064 2221 2104 rum
2251 2046 2419 2104 robur
2448 2056 2508 2102 ut
2533 2045 2797 2102 exercitui
2823 2058 2924 2100 suo
2959 2042 3306 2110 admisceret,
3352 2042 3573 2102 invasit.
3620 2044 3699 2106 Ita

2100 2139 2381 2198 Thessalis
2408 2155 2476 2197 ex
2502 2137 2800 2209 improviso
2829 2136 3223 2208 praeoccupatis
3263 2144 3428 2212 atque
3464 2135 3519 2191 in
3548 2145 3704 2206 pote-

2103 2242 2300 2290 statem
2328 2230 2585 2301 redactis,
2608 2230 2884 2302 iungendo
2921 2230 3167 2301 equitum
3202 2227 3549 2300 peditumque
3583 2228 3700 2285 for-

2103 2325 2344 2382 tissimas
2374 2333 2581 2381 turmas
2605 2331 2661 2381 et
2686 2323 2895 2395 copias,
2938 2321 3350 2378 invictissimum
3382 2320 3511 2378 fecit
3535 2336 3702 2378 exer-

2104 2420 2293 2476 citum.
2364 2417 2530 2490 Igitur
2584 2416 2743 2473 victis
2807 2414 3276 2482 Atheniensibus,
3336 2412 3707 2485 subiectisque

2106 2510 2403 2578 Thessalis,
2432 2511 2452 2543 "
2482 2507 2880 2582 Olympiadem,
2909 2507 3109 2566 Arubae
3157 2507 3302 2580 regis
3347 2506 3706 2566 Molossorum

1694 2618 2144 2678 HAVERCAMPI
2181 2620 2418 2679 NOTAE.

406 2764 543 2808 mss.
569 2748 743 2817 Lugd.
774 2746 894 2802 Ilat.
928 2759 1049 2817 pr.,
1071 2750 1224 2807 tert.,
1252 2739 1395 2817 c911.
1426 2739 1669 2817 Gronov.
1719 2745 1788 2817 e_t_
1800 2753 1866 2794 ex
1898 2739 2000 2794 im-

410 2823 614 2896 pressis
643 2809 897 2896 Venetm,
929 2809 1105 2896 Paris.
1151 2812 1412 2896 etnprima
1441 2811 1705 2896 omnium.
1749 2809 1998 2896 Erratum

402 2880 465 2950 in
514 2891 758 2948 numeris
822 2880 1132 2960 suspicatur
1197 2880 1418 2953 Pighius
1484 2880 1682 2938 Annal.
1751 2889 1883 2937 tom.
1952 2881 1995 2951 Ι,

404 2964 736 3089 XI.
770 3059 842 3072 -—
868 3024 1281 3092 L'Alexander,
1327 3038 1420 3078 rea:
1465 3021 1823 3094 Epirotarum.
1868 3022 2001 3094 Quae

405 3106 515 3162 hoc
535 3105 716 3187 capite
743 3102 812 3187 de
840 3099 1157 3187 Alexandro
1183 3095 1492 3187 EpiriArege
1515 3091 1745 3187 'Orosins
1786 3093 1998 3187 scribitz

2102 2755 2226 2796 cum
2279 2752 2484 2796 annum
2531 2748 2853 2811 regnasset,
2894 2754 2951 2811 a
2989 2737 3285 2811 Ptolomaeo
3332 2738 3547 2811 Alorite
3594 2740 3707 2797 filio

2103 2812 2377 2884 Amyntar
2407 2812 2573 2867 notho
2601 2809 2832 2884 'occisus
2880 2809 2983 2884 fuit
3008 2828 3027 2884 :7
3060 2810 3151 2878 qui
3182 2809 3379 2884 deinde
3410 2812 3706 2884 triennium

2104 2881 2431 2939 Macedoniae
2459 2897 2684 2953 regnum
2715 2881 2985 2953 obtinuit:
3019 2883 3161 2938 hunc
3205 2881 3512 2951 Perdiccas,
3538 2882 3707 2939 frater

2102 2968 2394 3023 germanus
2426 2951 2738 3025 Alexandri.
2784 2951 3078 3025 interfecit,
3109 2968 3171 3008 ac
3194 2954 3435 3025 quinque
3463 2956 3619 3010 annis
3650 2956 3705 3010 in

2104 3039 2273 3097 regno
2317 3024 2522 3080 exactis
2570 3024 2638 3097 ab
2683 3023 2877 3097 Illyriis
2922 3023 3100 3097 victus
3127 3023 3406 3097 occubuit.-
3437 3024 3608 3082 ana.
3635 3056 3707 3067 —

2104 3094 2256 3152 lianc
2280 3096 2707 3151 controversiam
2737 3094 2807 3155 ex
2848 3094 3094 3164 professo
3122 3094 3479 3152 discussimus
3509 3097 3563 3152 in
3593 3112 3710 3152 ma-

408 3192 473 3233 ea
501 3163 936 3247 copioseLivius
955 3170 1054 3247 lib.
1083 3182 1179 3222 vtu
1214 3163 1268 3221 in
1297 3163 1582 3247 consjiiatu
1608 3164 1671 3220 L.
1699 3163 1900 3247 Papirii
1943 3173 2001 3247 et
2030 3182 2077 3247 ρ
2101 3167 2223 3247 jor_e
2248 3182 2437 3238 opere,
2468 3166 2551 3247 de_
2566 3181 2674 3247 quo
2718 3180 2880 3247 supra
2898 3237 2911 3247 .
2929 3166 3287 3247 mentionem.
3311 3168 3559 3247 iecimus.
3614 3168 3710 3247 ubi

411 3248 478 3304 C.
504 3235 737 3301 Ptetelii.
794 3243 941 3313 Lege
983 3241 1145 3297 etiam
1170 3252 1234 3313 ea
1266 3251 1395 3313 quae
1423 3235 1693 3313 piaconus
1740 3235 2004 3306 Eutropio

412 3317 656 3380 addidit;
692 3305 1007 3373 Strabflib.
1034 3326 1089 3365 ν.
1119 3320 1171 3365 et
1199 3305 1310 3380 ian
1334 3323 1384 3380 c_.
1415 3306 1504 3363 18.
1530 3305 1697 3380 Fami.

478 3388 537 3442 ‘2.
573 3376 837 3441 Firmare.
888 3384 1039 3439 Mens
1087 3394 1212 3436 cum
1254 3378 1501 3435 Perizon.
1547 3387 1603 3432 et
1648 3376 1796 3432 Flor.
1847 3377 2009 3433 tertio

412 3460 668 3529 ﬁrmaret,
700 3455 842 3526 quod
862 3468 999 3529 _non_
1023 3463 1116 3529 c_st_
1147 3448 1632 3529 contemnendum,
1676 3457 1731 3503 et
1777 3448 1839 3529 in
1878 3449 2004 3504 edd.

412 3519 602 3599 primis
624 3519 794 3599 usque
813 3524 880 3599 ad
906 3523 1253 3599 Fabricianas
1273 3519 1571 3599 invenitur;
1593 3519 1803 3599 ﬁrmare
1824 3527 2007 3599 tamen

412 3590 468 3656 in
494 3600 615 3656 cod.
648 3590 893 3667 Longob.
922 3605 976 3651 et
1011 3593 1159 3667 Flor.
1188 3606 1305 3667 sec.
1346 3605 1411 3645 ac
1451 3590 1675 3667 reliquis
1713 3590 2003 3667 invenitur.

483 3673 541 3727 '5.
575 3660 992 3741 Magna'parvis.
1020 3662 1204 3741 Videri
1238 3669 1421 3735 potest
1449 3661 1734 3729 scripsisse
1758 3660 2006 3727 Orosius,

412 3757 602 3809 magna
625 3734 689 3795 iri
708 3734 900 3809 parvis,
931 3753 1007 3809 ex
1021 3734 1315 3809 collatione
1325 3746 1530 3809 .eorum
1554 3746 1675 3809 qua:
1700 3746 1829 3809 cap._
1870 3748 2010 3802 pra:-

412 3802 643 3868 cedente
667 3802 963 3866 exstantin
989 3806 1068 3861 Itis
1096 3802 1411 3875 facinoribus
1436 3804 1776 3875 consciarum.
1801 3802 1869 3875 In
1891 3821 2012 3875 par-

412 3885 489 3939 uis
510 3883 657 3940 solus
684 3880 906 3951 quidem
929 3873 1118 3951 scribit
1139 3875 1263 3931 cod.
1293 3873 1460 3937 Ultra,
1493 3873 1589 3951 sed
1613 3873 2012 3951 tam_en‘lectio-

412 3969 539 4011 nem
582 3945 730 4008 illam
768 3951 906 4006 velle
944 3949 1157 4004 videtur
1180 3959 1394 4015 quoque
1432 3945 1635 4016 optima
1664 3945 1751 4000 ed.
1782 3947 2009 4018 August.

412 4026 470 4081 in
495 4029 603 4095 Qua
626 4023 820 4095 legitur
847 4022 1121 4095 in_magnis
1148 4032 1327 4095 parum:

488 4085 618 4153 CAP.
649 4085 770 4153 XII.
802 4122 872 4133 —
902 4092 954 4145 1.
1002 4085 1157 4145 Anno
1199 4089 1260 4142 ab
1308 4085 1378 4142 U.
1428 4101 1476 4141 c.
1525 4101 1676 4143 cccc.
1727 4086 2011 4160 Philippus

418 4166 666 4238 Amyntae
714 4163 861 4219 ﬁlius
888 4161 1255 4238 Macedonum
1301 4172 1547 4238 regnum,
1591 4159 2010 4238 auctoreﬁDiOd.

419 4228 661 4301 libfxvr,
692 4233 933 4305 suscepit,
957 4230 1265 4305 olympiade
1302 4230 1429 4305 l_t_)_5,
1462 4228 1779 4286 consulibus
1826 4230 2012 4305 Romae

419 4308 522 4364 Cn.
555 4300 794 4361 Genucio
825 4300 880 4360 e't
920 4304 979 4359 L.
1014 4300 1273 4358 'fEmilio.
1324 4300 1386 4354 Ili
1436 4307 1614 4371 au_l_em
1666 4316 1738 4355 ex
1778 4303 2013 4371 antiquis

419 4378 596 4433 Fastis
641 4375 947 4432 referuntur
975 4375 1042 4428 ad
1082 4386 1279 4427 annum
1329 4378 1449 4440 post
1487 4368 1557 4442 ll.
1600 4386 1647 4428 c.
1677 4386 1850 4427 cccxc
1877 4368 2015 4442 quos

421 4460 695 4519 tamquam
725 4448 984 4519 certiores
1011 4443 1180 4519 duces
1212 4442 1376 4519 s_equi_
1397 4440 1635 4519 mallem.
1668 4442 1831 4496 Fusa.

491 4511 566 4577 εὶ(
579 4518 813 4585 Regnum
836 4514 1201 4573 Macedonum.
1230 4511 1400 4585 Lugd.
1432 4511 1573 4585 Batt.
1601 4521 1727 4568 tert.
1749 4522 1804 4569 et
1825 4522 2004 4585 quart.

423 4606 547 4648 cum
577 4583 716 4645 Coll.
748 4588 1016 4651 Gronov.,
1044 4600 1261 4655 regnum
1290 4583 1628 4655 Macedonas.

495 4663 551 4717 ‘5.
578 4658 631 4714 II
636 4660 681 4712 ic
704 4659 928 4725 primum
956 4656 1020 4711 ab
1048 4653 1195 4711 Alea.
1221 4654 1403 4725 fratre.
1426 4653 1650 4725 Orosius
1674 4654 1729 4709 in
1748 4654 1835 4711 his
1854 4656 2019 4713 rebus

424 4724 763 4802 exponendis
806 4728 1096 4802 Iustinum
1123 4724 1389 4802 sequitur.
1422 4724 1758 4802 Plutarchus
1805 4741 2021 4802 quoque

430 4793 770 4871 in'PeIOpida
799 4799 1007 4871 scribit,
1028 4793 1355 4871 Philippum
1389 4795 1457 4871 ab
1503 4793 2019 4871 Alexandro'fra'tre

429 4865 674 4928 obsidem
700 4869 975 4926 Thebanis
994 4865 1233 4925 'datumi
1263 4866 1358 4922 sed
1393 4865 1546 4925 Diod.
1580 4867 1705 4924 libr.
1732 4883 1828 4922 xvr
1856 4869 2021 4925 tradit

426 4944 605 5014 ipsum
635 4942 922 5014 Amyntam
948 4950 1154 5010 patrem
1184 4947 1501 5014 superatum
1543 4937 1852 5014 ah__lllyriis
1880 4939 2022 5014 Phi-

425 5008 656 5139 lipgum,
694 5008 977 5095 minimum
1025 5016 1152 5065 natu
1200 5008 1388 5075 filium,
1434 5008 1733 5065 victoribus
1775 5011 2017 5067 obsidem

427 5085 500 5139 de
538 5087 666 5139 isse.
713 5098 917 5139 eosuue
961 5082 1113 5137 illum
1158 5080 1300 5139 auud
1347 5078 1638 5135 Thebanos
1680 5081 2015 5139 deposuisse.

427 5078 666 5154 dedisse,
713 5098 917 5154 eosque
961 5082 1113 5154 illum
1158 5078 1638 5154 apud__Theb_anos
1680 5081 2015 5154 deposuisse.

430 5149 709 5212 Gemistus
746 5149 959 5217 Pletho,
987 5153 1078 5224 qui
1126 5149 1232 5224 tam
1255 5149 1552 5224 Plutarchi
1587 5149 1765 5219 quam
1799 5152 2018 5209 Diodori

427 5228 758 5281 sententiam
797 5225 987 5289 refert,
1006 5221 1107 5278 ‘ait
1130 5221 1433 5291 Philippum
1462 5221 1693 5291 primum
1716 5234 1867 5291 patre
1894 5225 2020 5279 vivo

430 5296 634 5353 Thebis
661 5294 868 5351 obsidis
895 5295 1018 5350 loco
1045 5293 1233 5361 luisse,
1263 5306 1325 5347 ac
1347 5291 1547 5347 deinde
1574 5293 1768 5348 iterum
1797 5309 1827 5349 a
1853 5294 2019 5351 fratre

428 5369 641 5436 datum,
671 5381 792 5422 cum
824 5367 871 5420 is
914 5364 1227 5436 societatem
1272 5377 1392 5418 cum
1424 5362 1713 5436 Pelopida
1741 5366 2018 5436 coivisset.

427 5440 584 5509 cujus
627 5432 709 5509 rei
752 5444 1029 5493 auctorem
1076 5432 1370 5509 Diodorum
1421 5433 1547 5491 libr.
1572 5432 1669 5509 "xv
1700 5432 1882 5509 habe_t.
1910 5435 2019 5509 Sed

430 5504 810 5580 quaerendum,
860 5505 1137 5580 quomodo
1184 5504 1484 5580 Philippum
1532 5504 1765 5580 triennio
1815 5506 2017 5580 Thebis

427 5575 672 5636 obsidem
704 5575 1140 5633 fuisse'Justinus
1168 5584 1224 5632 et
1250 5575 1471 5630 Orosius
1495 5576 1758 5642 scribant,
1782 5577 1828 5630 si
1852 5591 1880 5631 a
1911 5576 2017 5630 fra-

426 5661 513 5706 tre
536 5650 694 5705 datus
724 5664 831 5703 non
863 5659 989 5703 ante
1016 5663 1046 5702 e
1073 5646 1316 5701 custodia
1338 5647 1551 5714 elapsus
1570 5654 1674 5712 est,
1702 5660 1862 5715 quam
1890 5647 2016 5702 Per-

422 5722 610 5778 diccas
645 5720 715 5775 ab
763 5720 965 5791 Illyriis
1006 5719 1178 5791 victus
1220 5716 1494 5791 occubuit,
1535 5727 1603 5791 ⁸ιιι
1647 5717 1913 5791 Diodorus
1960 5724 2019 5774 et

422 5791 620 5853 Pletho
650 5786 891 5858 tradunt.
923 5789 1060 5850 Nam
1092 5788 1415 5860 Alexander,
1447 5786 1639 5848 iisdem
1678 5787 2011 5863 auctoribus,

2108 3235 2233 3293 vide
2257 3235 2378 3307 qua:
2403 3253 2435 3291 a
2462 3235 2619 3292 nobis
2648 3238 2699 3290 in
2735 3235 2852 3292 Vita
2883 3236 3199 3308 Alexandri,
3229 3235 3462 3308 Philippi
3494 3237 3704 3308 fratris,

2108 3319 2271 3376 atque
2288 3310 2466 3379 ipsius
2496 3308 2753 3379 Philippi,
2787 3323 2950 3376 super
2976 3307 3078 3363 hac
3104 3324 3165 3363 re
3194 3307 3513 3379 aﬂ'eruntur.

2180 3378 2237 3437 4.
2269 3377 2475 3435 scelere
2508 3377 2790 3450 Eurydices
2819 3379 3227 3450 niatrisrocciso.
3270 3378 3348 3434 Ita
3392 3381 3445 3436 in
3479 3395 3610 3438 mss.
3655 3391 3712 3438 ct

2109 3449 2235 3507 edd.
2265 3449 2861 3520 Fabricianis’legitur.
2908 3449 3167 3520 Reliqum,
3215 3451 3485 3519 interfecto
3521 3454 3713 3510 scelere

2112 3520 2398 3593 Eurydices
2428 3521 2630 3587 matris,
2651 3522 2890 3593 quamvis
2917 3536 2980 3575 ea
3002 3524 3114 3593 iam
3131 3522 3425 3591 commisso,
3459 3533 3567 3579 etc.
3596 3526 3708 3581 Sed

2111 3591 2239 3647 cum
2260 3607 2394 3648 mss.
2416 3591 2689 3647 consentit
2707 3593 2793 3648 ed.
2826 3592 3055 3662 August.
3082 3591 3307 3648 Orosius
3333 3608 3460 3649 vero
3481 3595 3534 3649 in
3558 3595 3710 3653 hisce

2110 3663 2378 3719 Iustinum
2407 3666 2678 3735 sequitur,
2701 3664 2794 3734 qui
2826 3662 3145 3735 Eurydicem
3180 3663 3287 3735 hoc
3325 3666 3544 3722 nomine
3573 3667 3710 3723 infa-

2112 3744 2244 3802 mat,
2275 3749 2380 3805 quo
2415 3734 2562 3805 jure,
2597 3734 2766 3789 videri
2795 3734 2975 3805 potest
3008 3734 3329 3805 inHistoria
3360 3748 3545 3792 nostra
3575 3736 3709 3793 Uni-

2111 3804 2334 3879 versali.
2366 3804 3003 3879 sichThe‘sauro’Regio,
3034 3804 3122 3859 ubi
3152 3806 3204 3859 in
3231 3804 3356 3879 _Vita
3386 3809 3528 3879 regis
3576 3808 3706 3864 Phi-

2112 3876 2265 3946 lippi,
2294 3875 2592 3950 Eurydiccs
2619 3876 2983 3950 innocentiam
3012 3890 3076 3930 ex
3124 3876 3432 3950 testimonio
3450 3875 3708 3950 'scriptn-

2113 3962 2255 4013 rum,
2284 3949 2376 4017 qui
2405 3946 2595 4002 eodem
2626 3958 2873 4017 tempore
2895 3947 3166 4013 vixerunt,
3192 3946 3707 4006 demonstravimus.

2185 4019 2242 4073 ὕ.
2275 4018 2514 4073 Primum
2545 4019 2732 4071 bellum
2771 4034 2888 4073 cum
2914 4018 3323 4077 Atheniensibus.
3366 4019 3480 4075 Iloc
3507 4021 3709 4077 bellum

2111 4098 2321 4159 gestum
2349 4097 2431 4144 est
2452 4088 2586 4144 duce
2611 4089 2829 4162 Mantia,
2855 4103 2975 4144 cum
3004 4087 3362 4162 Athenienses
3380 4090 3572 4162 Argian
3600 4092 3712 4148 Ma-

2113 4161 2355 4217 cedonia:
2383 4175 2607 4230 regnum
2646 4161 2774 4215 dare
2815 4167 3161 4216 conarentur.
3212 4160 3495 4217 Diodorus.
3540 4162 3707 4219 ann.

2186 4232 2240 4289 6.
2274 4231 2433 4286 Arma
2452 4229 2542 4305 iud
2574 4229 2788 4305 Illyrios
2825 4233 3117 4305 transtulil.
3166 4230 3399 4305 Illyrios,
3427 4233 3709 4305 Philippus

2114 4317 2256 4358 anno
2287 4318 2324 4358 ιι
2356 4303 2503 4374 regni
2545 4304 2626 4356 sui
2653 4303 2797 4374 vicit.
2824 4302 3256 4374 Macedonigsque
3281 4304 3492 4374 oppidis
3513 4302 3712 4361 cedere

2115 4374 2313 4444 coegit,
2366 4371 3045 4446 DiodornsetPlethon;
3093 4371 3383 4446 Thessalos
3430 4375 3711 4446 Philippus

2116 4456 2308 4571 guartlo
2337 4460 2479 4499 anno
2508 4444 2658 4515 regni
2686 4445 2771 4501 sui
2798 4444 2900 4501 sibi
2927 4443 3190 4515 adjunxit,
3234 4444 3424 4502 iisdem
3468 4443 3706 4503 auctori-

2155 4531 2234 4571 us.
2307 4532 2428 4571 sua.

2155 4531 2234 4571 US.
2262 4531 2428 4571 [ΑΒΚ.

2189 4588 2244 4669 7.
2276 4586 2877 4669 οιῃηιρὶᾳᾴεπηκᾼηώρ
2896 4585 3429 4669 regis-dialogorum.
3460 4588 3540 4645 Ita
3574 4589 3710 4669 sc_ri-

2122 4657 2327 4728 psimus
2346 4656 2412 4713 es
2435 4660 2641 4728 optimo
2664 4659 2801 4715 libro
2825 4656 3060 4716 Cornelii
3079 4656 3378 4725 Gualtheri,
3403 4676 3526 4717 cum
3548 4660 3711 4726 vulgo

2120 4727 2403 4801 Euruclue,
2451 4727 2740 4801 legeretur,
2781 4730 2944 4786 credo
2980 4744 3046 4801 ex
3083 4743 3150 4784 eo
3178 4730 3319 4799 quod
3348 4730 3404 4785 in
3433 4730 3710 4787 nonnullis

2121 4800 2503 4869 manuscriptis
2544 4809 2649 4869 est,
2696 4801 2935 4856 Arucltce.
2984 4800 3171 4870 Magna
3220 4809 3401 4858 autem
3449 4804 3711 4858 varietate

2121 4870 2283 4941 hujus
2309 4870 2453 4942 regis
2484 4886 2680 4926 nomen
2707 4874 2962 4941 scriptum
3015 4871 3304 4927 invenitur.
3348 4873 3545 4930 Justini
3590 4872 3709 4929 libri

2120 4942 2369 5016 impressi
2398 4942 2590 5016 partim
2620 4943 2918 5016 Arynibam,
2948 4958 3100 5016 meus
3120 4945 3521 5016 manuscriptus
3542 4945 3707 5015 Argb-

2120 5012 2239 5086 bam
2265 5013 2541 5086 nominat;
2580 5012 2720 5083 apud
2753 5012 3168 5086 Demosthenem
3196 5012 3416 5086 Olynthi
3448 5032 3467 5071 ι
3496 5025 3550 5071 et
3574 5012 3710 5086 Dio-

2120 5084 2244 5163 d_or.
2270 5084 2491 5163 libum
2518 5092 2604 5140 est
2629 5085 2902 5163 ’Aﬂupeac,
2931 5084 3071 5163 apud
3097 5084 3541 5163 Plutancitumjtt
3572 5085 3710 5157 Pyr-

2121 5155 2221 5210 rho
2249 5155 2483 5233 Ἀρύβας,
2513 5155 2653 5233 apud
2675 5154 2914 5211 'Pausan.
2935 5155 3044 5233 _l_ib.
3080 5154 3415 5233 [Ἄρξῖϐϐας.
3454 5158 3557 5233 Esto
3582 5154 3711 5233 vero

2120 5225 2491 5303 qum_rendum,
2523 5225 3051 5303 quibusauotoribus
3081 5225 3305 5303 Orosius
3348 5228 3710 5303 Olympiadem

2120 5296 2305 5352 A’rubw
2329 5300 2595 5371 sordrem,
2627 5305 2684 5351 et
2706 5298 2949 5371 Justinus
2967 5296 3575 5371 Arybbam_0lympiadis
3586 5298 3711 5371 ‘fra-

2121 5375 2259 5421 trem
2304 5367 2602 5436 patruelem
2650 5369 2926 5425 nominet:
2966 5367 3091 5424 cum
3118 5383 3187 5424 ex
3214 5367 3474 5426 Pausania
3503 5379 3561 5425 et
3584 5369 3711 5424 Plu-

2124 5438 2312 5513 tarcho
2341 5439 2835 5513 constet,_Arubant
2867 5439 3031 5495 fuisse
3054 5448 3304 5513 patruum
3351 5440 3709 5513 Olympiadis,

2120 5522 2243 5560 nam
2271 5508 2448 5581 Ambo
2475 5517 2539 5581 et
2555 5508 2961 5581 Neoptolemus,
2992 5508 3146 5578 pater
3170 5508 3530 5581 Olympiadis,
3550 5511 3709 5567 Alce-

2123 5586 2189 5632 ta:
2213 5586 2332 5633 satu
2359 5578 2489 5651 editi
2516 5578 2753 5635 fuerunt.
2788 5579 2854 5635 Et
2894 5582 3176 5651 Ulpianus,
3213 5578 3594 5638 Demosthenis
3631 5585 3713 5637 in-

2117 5655 2347 5722 terpres.
2376 5649 2653 5722 Arymbam
2679 5649 3012 5722 Olympiadis
3048 5651 3281 5722 Philippi
3326 5654 3513 5709 uxoris
3557 5656 3708 5720 θεῖον,

2120 5719 2157 5773 i.
2178 5712 2591 5802 .patrunntfnon
2611 5720 2631 5796 (
2650 5730 2708 5802 u_t
2734 5712 2986 5802 ﬁnimus
3014 5712 3257 5802 putavit)
3278 5722 3592 5802 avunculum
3617 5712 3713 5802 no;

2120 5792 2309 5850 minat.
2345 5792 2719 5866 Expeditionis
2746 5792 2979 5869 Philippi
3004 5792 3191 5854 eontra
3224 5792 3503 5871 Arymbam
3525 5794 3710 5856 memi-
