4092 6346
230 293 422 362 ,821

1352 292 1828 356 HISTORIARUM
1864 290 2068 352 LIBER
2102 290 2194 352 III.
2233 290 2390 350 CAP.
2434 287 2577 348 XIII.

3507 286 3617 348 822

318 406 599 480 Philippus
634 408 799 466 tacite
845 407 1091 481 utrisque
1128 407 1348 468 diversa
1376 409 1660 482 promisit,
1690 408 1734 441 ³²
1764 407 1912 468 Pho-
1939 408 1995 471 Α
2087 404 2407 479 aggreditur,
2439 412 2489 459 et
2512 399 2690 459 vincit.
2714 400 2936 459 Tribuni
2961 403 3193 476 praedam
3219 403 3268 460 ei
3292 403 3542 478 eripiunt.

326 500 588 558 censibus
632 515 818 573 pacem
849 510 906 558 et
954 500 1165 558 veniam
1193 514 1254 558 se
1296 499 1545 557 daturum
1576 509 1919 561 sacramento

320 591 675 649 conﬁrmans.
724 592 1003 650 Thessalis
1036 609 1172 650 vero
1214 591 1521 649 adfuturum
1554 607 1613 649 se
1644 609 1766 650 mox
1793 609 1916 651 cum

317 687 564 743 exercitu
591 686 823 757 spondet
856 703 870 741 :
908 686 1107 743 bellum
1135 695 1315 743 tamen
1349 686 1417 742 ab
1451 687 1696 758 utrisque
1726 688 1912 759 parari

318 789 494 836 vetat.
526 780 693 852 Igitur
740 779 1046 852 Philippus,
1079 780 1357 835 instructis
1402 778 1595 849 cupiis,
1644 780 1917 845 angustias

318 873 810 948 Thermopylarum
840 888 1067 931 securus
1115 873 1434 945 ingreditur,
1463 886 1661 942 easque
1686 885 1917 943 occupa-

320 977 404 1024 tas
430 968 710 1040 dispositis
751 968 1024 1040 praesidiis
1051 967 1097 1000 ⁸⁸
1127 967 1374 1023 emuniit.
1408 965 1561 1022 Tunc
1592 965 1824 1037 primum
1856 981 1917 1023 se

317 1072 424 1116 non
448 1059 759 1118 Phocenses
785 1060 911 1126 soli,
942 1059 1037 1116 sed
1062 1059 1303 1116 etomnis
1320 1057 1532 1125 Graecia
1555 1066 1771 1128 captam
1793 1071 1917 1113 esse

318 1155 635 1226 persensit:
679 1153 946 1226 siquidem
1006 1153 1213 1226 primos
1258 1153 1569 1211 Phocenses
1610 1151 1911 1223 Philippus,

316 1255 471 1317 rupta
504 1247 615 1304 ﬁde
644 1246 962 1319 calcataque
990 1255 1362 1316 sacramento,
1388 1244 1623 1302 infanda:
1650 1244 1915 1301 dilacera-

315 1333 446 1393 tioni
467 1336 635 1394 dedit.
661 1337 790 1394 Inde
827 1338 1069 1394 omnium
1108 1337 1273 1395 urbes
1308 1336 1551 1409 ﬁnesque
1579 1335 1910 1408 p0puiatus,

313 1439 542 1486 cruenta
567 1431 861 1504 praesentia
882 1429 1084 1499 eﬂ’ecit,
1111 1438 1172 1488 ut
1196 1430 1360 1487 etiam
1383 1429 1582 1486 absens
1606 1430 1911 1485 timeretur.

316 1521 422 1580 Ubi
448 1537 580 1579 vero
610 1524 665 1581 in
719 1537 944 1595 regnum
979 1522 1161 1588 rediit,
1210 1538 1366 1581 more
1395 1529 1694 1593 pastorum,
1726 1519 1774 1553 “
1819 1520 1913 1593 qui

310 1630 507 1689 pecora
545 1630 639 1674 sua
679 1616 824 1674 nunc
867 1631 963 1689 per
1002 1613 1261 1686 testivos,
1311 1630 1457 1672 nunc
1503 1629 1604 1687 per
1653 1611 1912 1672 hibernos

314 1711 486 1768 saltus
531 1710 968 1779 circumducunt,
1014 1708 1250 1783 populos
1289 1717 1346 1767 et
1374 1707 1560 1774 urbes,
1592 1716 1654 1764 ut
1694 1705 1774 1764 illi
1820 1720 1912 1764 re—

310 1802 512 1875 plenda
540 1803 630 1861 vel
659 1802 1015 1877 relinquenda
1045 1815 1275 1875 quisque
1313 1799 1431 1857 loca
1459 1799 1804 1867 videbantur,
1834 1797 1901 1855 ad
1933 1792 1979 1872 Β

306 1893 591 1952 libidinem
620 1910 773 1952 suam
804 1892 1076 1952 transfert.
1109 1892 1415 1950 Miseranda
1462 1891 1667 1964 ubique
1696 1889 1900 1960 facies,

306 1994 362 2044 et
409 1986 813 2045 atrocissimum
867 1983 1212 2044 miseriarum
1264 1988 1436 2058 genus
1483 1982 1900 2051 obversabatur,

304 2081 517 2153 perpeti
550 2079 820 2137 excidium
850 2079 971 2136 sine
1002 2078 1329 2152 irruptione.
1356 2077 1476 2135 sine
1502 2075 1647 2133 bello
1676 2075 1905 2147 captivi-

304 2183 500 2245 tatem,
530 2174 648 2233 sine
688 2174 918 2232 crimine
963 2171 1238 2237 exsilium,
1267 2171 1314 2205 ³⁵
1340 2169 1459 2227 sine
1491 2169 1696 2227 victore
1724 2168 1901 2226 domi-

305 2279 519 2324 natum.
544 2265 750 2326 Premit
778 2267 1008 2324 miseros
1029 2267 1174 2322 inter
1194 2264 1512 2337 iniuriarum
1540 2265 1791 2323 stimulos
1813 2279 1908 2321 su-

304 2362 563 2435 perfusus
589 2377 779 2433 pavor,
815 2359 862 2394 “
893 2362 1115 2433 ipsaque
1140 2357 1577 2415 dissimulatione
1603 2356 1761 2415 dolor
1785 2373 1903 2415 cre-

306 2456 410 2511 scit
442 2472 454 2510 :
505 2453 664 2528 ]_'7&I
692 2454 795 2511 hoc
819 2455 984 2510 altius
1007 2452 1303 2522 demissus,
1321 2466 1430 2525 quo
1456 2450 1633 2507 minus
1658 2449 1903 2524 proﬁteri

202 2596 209 2599 .
303 2546 454 2613 licet.
492 2546 834 2610 timentibus,
866 2560 936 2601 ne
963 2545 1094 2615 ipsa:
1119 2559 1335 2616 quoque
1366 2543 1622 2614 lacrymae
1648 2558 1747 2614 pro
1774 2557 1904 2598 con.

305 2640 546 2696 tumacia
569 2639 926 2709 accipiantur.
943 2638 1096 2693 Alios
1118 2636 1347 2709 populos
1373 2636 1590 2690 avulsos
1619 2650 1649 2690 a
1677 2634 1903 2691 sedibus

312 2733 451 2804 suis,
506 2731 708 2788 ﬁnibus
757 2730 993 2786 hostium
1047 2729 1309 2801 opponit:
1353 2726 1490 2784 alios
1537 2727 1591 2783 in
1641 2726 1903 2784 extremis

309 2826 462 2897 regni
496 2825 740 2881 terminis
768 2824 983 2880 statuit:
1005 2821 1270 2896 quosdam
1293 2821 1642 2877 aemulatione
1673 2819 1900 2891 virium,

307 2933 376 2974 ne
407 2918 620 2988 possint
643 2915 788 2989 quod
819 2930 978 2987 posse
1020 2914 1334 2982 creduntur,
1364 2910 1408 2945 ⁸⁷
1440 2914 1491 2968 in
1522 2911 1902 2984 supplementa

306 3010 692 3067 exhaustarum
721 3007 931 3063 urbium
956 3005 1169 3062 dividit.
1198 3006 1273 3062 Ita
1295 3002 1748 3077 gloriosissimum
1771 3003 1902 3060 illud

306 3105 581 3175 quondam
611 3104 853 3161 ﬂorentis
881 3103 1106 3160 Graecia:
1137 3116 1339 3174 corpus
1364 3102 1417 3157 in
1449 3102 1647 3157 multas
1688 3102 1895 3159 lacera-

2094 516 2203 577 Sed
2242 514 2359 576 haec
2408 531 2531 574 cum
2587 528 2687 589 per
2733 504 3055 589 aliquantas'
3084 515 3312 574 Gracia!
3363 517 3614 574 civitates

2019 611 2380 676 exercuisset.
2406 598 2468 667 et
2499 617 2679 665 tamen
2710 622 2902 665 omnes
2925 616 3071 665 metu
3099 617 3392 680 premeret,
3435 608 3613 679 conji-

2019 707 2170 762 ciens
2216 720 2282 761 ex
2315 703 2495 775 praeda
2527 715 2826 774 paucorum
2866 716 3001 773 opes
3038 703 3314 769 omnium,
3346 700 3412 758 ad
3453 701 3615 773 perﬁ-

2017 798 2266 856 ciendam
2317 797 2581 869 mqualem
2627 794 2681 852 in
2723 795 2993 852 universis
3043 798 3399 854 vastationem
3427 838 3442 864 ,
3494 796 3614 853 utili

2018 890 2388 947 emolumento
2416 889 2435 921 ί
2470 888 2833 944 necessariam
2858 889 3184 945 maritimam
3221 888 3413 945 urbem
3460 897 3613 945 ratus

2019 984 2359 1060 Byzantium,
2392 985 2625 1040 nobilem
2645 984 2941 1051 civitatem,
2971 984 3309 1054 aptissimam
3329 983 3609 1054 judicavit,

2016 1089 2078 1136 ut
2099 1077 2502 1149 receptaculum
2525 1079 2545 1108 ³
2568 1076 2849 1134 sibi-terra
2881 1076 3128 1147 marique
3158 1075 3331 1144 ﬁeret,
3379 1091 3612 1147 eamque

2016 1170 2373 1229 obsistentem
2407 1169 2554 1226 illico
2580 1152 2868 1227 obsidione
2889 1166 3081 1224 cinxit.
3112 1167 3134 1200 ³
3158 1168 3285 1225 Haec
3306 1177 3486 1224 autem
3502 1169 3610 1242 By-

2014 1253 2250 1324 zantium
2276 1307 2291 1333 ,
2352 1254 2625 1339 quondam
2670 1279 2698 1318 a
2733 1263 2998 1321 Pausania
3049 1278 3181 1335 rege
3212 1262 3608 1335 Spartanorum

2014 1358 2258 1429 condita,
2291 1366 2411 1429 post
2435 1366 2617 1413 autem
2647 1372 2678 1413 a
2709 1355 3092 1425 Constantino,
3120 1355 3433 1414 Christiano
3455 1356 3612 1428 prin-

2013 1453 2155 1524 cipe,
2187 1452 2242 1507 in
2269 1451 2446 1524 majus
2472 1459 2633 1507 aucta
2660 1459 2716 1507 et
2735 1447 2757 1481 ⁸
2778 1448 3278 1522 Constantinopolis
3300 1449 3464 1518 dicta,
3491 1449 3609 1523 glo-

2013 1543 2297 1602 riosissimi
2328 1559 2472 1601 nunc
2492 1541 2706 1617 imperii
2727 1540 2886 1599 sedes
2908 1550 2965 1598 et
2985 1538 3149 1599 totius
3174 1550 3338 1615 caput
3365 1540 3607 1599 Orientis

2012 1650 2118 1699 est.
2152 1638 2438 1712 Philippus
2468 1652 2600 1695 vero
2629 1644 2753 1711 post
2785 1636 3002 1708 longam
3034 1645 3090 1693 et
3118 1635 3328 1692 irritam
3367 1635 3611 1693 obsidio-

2010 1749 2170 1802 nem,
2197 1743 2256 1790 ut
2287 1729 2577 1805 pecuniam
2615 1744 2776 1804 quam
2820 1726 3121 1786 obsidendo
3155 1726 3311 1803 175
3342 1727 3609 1786 exhause-

2007 1836 2112 1895 rat,
2136 1826 2432 1902 prazdando
2471 1832 2774 1900 repararet,
2821 1824 3108 1898 piraticam
3160 1838 3444 1897 aggressus
3494 1832 3599 1882 est.

2005 1921 2436 1995 Captasitaque'
2456 1930 2678 1985 centum
2699 1926 2755 1976 et
2773 1917 3113 1991 septuaginta
3141 1928 3308 1976 naves
3333 1914 3604 1974 mercibus

2004 2015 2302 2082 confertas,
2326 2014 2598 2080 distraxit,
2616 2020 2673 2071 et
2688 2010 2965 2071 anhelanti
2983 2010 3176 2084 inopia:
3198 2025 3363 2085 parva
3386 2023 3603 2067 recrea-

2006 2109 2154 2167 tione
2181 2106 2454 2166 subvenit.
2478 2104 2611 2163 inde
2630 2112 2852 2177 propter
2871 2105 3133 2177 agendam
3160 2102 3399 2176 praedam
3420 2109 3476 2160 et
3501 2116 3603 2158 cu-

2004 2199 2231 2258 randam
2270 2196 2617 2255 obsidionem
2664 2194 2847 2253 divisit
2893 2194 3213 2253 exercitum.
3261 2193 3382 2267 Ipse
3421 2202 3605 2251 autem

2004 2307 2131 2349 cum
2165 2290 2479 2348 fortissimis
2508 2288 2782 2362 proiectus
2805 2330 2821 2357 ,
2862 2288 3059 2347 multas
3086 2286 3412 2345 Chersonesi
3439 2285 3605 2343 urbes

2005 2388 2149 2461 cepit
2179 2407 2193 2444 :
2221 2387 2625 2459 proﬂigatisque
2653 2383 2863 2456 populis
2890 2396 3022 2455 opes
3060 2382 3308 2441 abstulit.
3355 2382 3438 2439 Ad
3468 2381 3603 2454 Scy-

2003 2483 2171 2540 thiam
2198 2495 2418 2553 quoque
2453 2495 2576 2537 cum
2605 2478 2916 2535 Alexandro
2954 2476 3066 2535 lilio
3103 2475 3385 2550 praedandi
3424 2476 3604 2532 inten-

2005 2577 2152 2632 tione
2183 2574 2204 2607 °
2236 2572 2571 2645 pertransiit.
2605 2572 2626 2605 ⁷
2651 2569 2869 2642 Scythis
2896 2578 3028 2626 tunc
3058 2569 3261 2626 Atheas
3289 2569 3552 2640 regnabat
3582 2586 3598 2625 :

2004 2670 2093 2740 qui
2135 2682 2259 2725 cum
2284 2666 2639 2723 Istrianorum
2662 2664 2804 2720 bello
2827 2672 3186 2736 premeretur,
3228 2664 3251 2696 ⁸
3280 2663 3537 2719 auxilium
3569 2677 3605 2719 a

2005 2759 2251 2831 Philippo
2272 2774 2369 2830 per
2389 2758 2805 2830 Apollonienses
2825 2756 3007 2826 petiit:
3023 2754 3118 2811 sed
3139 2755 3398 2811 continuo
3417 2753 3601 2810 Istria-

2002 2870 2196 2912 norum
2223 2868 2350 2924 rege
2375 2863 2609 2918 mortuo,
2636 2862 2691 2909 et
2719 2849 2849 2907 belli
2875 2857 3046 2918 metu,
3069 2856 3127 2906 et
3154 2849 3478 2909 auxiliorum
3506 2861 3605 2903 ne-

2004 2945 2255 3002 cessitate
2286 2944 2544 3000 liberatus
2569 2983 2586 3009 ,
2618 2941 2922 3011 pactionem
2950 2940 3170 2998 foederis
3194 2956 3318 2999 eum
3348 2936 3599 3008 Philippo

2013 3036 2252 3094 habitam
2294 3034 2564 3092 dissolvit.
2592 3033 2895 3106 Philippus,
2921 3031 3147 3089 dimissa
3172 3030 3458 3093 obsidione
3496 3030 3605 3101 By-
3668 3066 3675 3071 υ

2004 3129 2193 3197 zantii,
2235 3127 2549 3200 Scythicum
2588 3127 2792 3183 bellum
2834 3127 2962 3183 totis
3018 3125 3222 3185 viribus
3255 3124 3621 3198 aggreditur;

310 3207 504 3271 tasque
536 3199 852 3272 particulas,
891 3197 1161 3254 exstincta
1192 3194 1427 3266 primum
1457 3194 1733 3264 libertate,
1767 3209 1895 3253 con-
1932 3205 1979 3271 α
2009 3194 2411 3291 οοιηηίίεεοξμιθ
2455 3216 2645 3290 ρτωιίο
2694 3232 2816 3273 cum
2856 3216 3074 3289 Scytha,
3109 3220 3131 3252 ν
3172 3227 3228 3275 οι
3276 3194 3505 3275 limem
3548 3226 3606 3272 οε

306 3291 464 3347 cidit.

911 3381 1143 3442 CAPUT
1182 3382 1320 3441 XIII.

307 3500 621 3573 Byzantium
651 3499 930 3573 Philippus
956 3500 1159 3572 {rustra
1197 3500 1416 3557 obsidet.
1466 3499 1737 3573 Scythiam
1768 3500 1901 3558 bello

2008 3313 2208 3371 virtute
2237 3320 2577 3384 praestarent,
2611 3308 2847 3382 Philippi
2872 3309 3063 3367 fraude
3101 3310 3411 3366 vincuntur.
3440 3308 3501 3365 In
3537 3322 3604 3364 ea

2007 3420 2183 3478 pugna
2204 3405 2391 3476 viginti
2410 3405 2575 3461 millia
2598 3418 2890 3475 puerorum
2910 3419 2976 3461 ae
2993 3401 3319 3461 feminarum
3337 3402 3605 3476 Scythica

2005 3501 2185 3574 gentis
2206 3508 2390 3573 capta,
2418 3514 2677 3573 pecorum
2717 3513 2913 3571 magna
2936 3499 3100 3571 copia
3128 3497 3382 3569 abducta,
3413 3496 3457 3529 ⁸ο
3485 3494 3607 3555 auri

1588 3680 1679 3735 HA
1691 3678 2040 3738 VERCAMPI
2076 3678 2309 3737 NOTAE.

380 3842 469 3895 δὲ.
502 3835 858 3893 Phocensibus
897 3850 1073 3906 pacem
1106 3843 1156 3890 et
1180 3836 1382 3906 veniam
1406 3850 1461 3888 se
1488 3834 1754 3892 daturum.
1792 3837 1907 3894 Hoc

312 3911 625 3981 Philippum
671 3904 1179 3981 sihigcongﬁrmasse
1233 3904 1527 3981 JESehines
1572 3922 1825 3981 reversus
1872 3924 1903 3964 a

313 3976 563 4052 Philippo
604 3978 1030 4034 Atheniensibus
1070 3976 1421 4052 renuntiavit.
1456 3992 1562 4048 qua
1590 3978 1667 4052 ide
1707 3994 1772 4052 re
1802 3980 1904 4035 De-

310 4050 625 4128 mostheltes
652 4054 773 4128 scapi
788 4050 1216 4128 πριραπρεσϐεἰες
1238 4059 1290 4104 et
1302 4052 1423 4124 περὶ
1444 4051 1715 4128 στεφάνῳ.
1731 4050 1896 4106 FABR.

380 4127 475 4183 55.
505 4120 759 4177 Emunii't.
794 4120 945 4177 Meus
976 4120 1098 4175 cum
1146 4120 1298 4175 Flor.
1334 4120 1416 4189 pi‘.
1449 4129 1505 4175 et
1533 4120 1725 4187 tertio,
1756 4138 1902 4176 emu-

311 4199 403 4252 nit.
435 4195 582 4251 Flor.
613 4207 752 4260 sec.,
783 4191 1046 4247 emunivit.
1080 4191 1200 4246 Mox
1225 4205 1322 4264 pro
1347 4192 1650 4264 primesed.
1674 4191 1902 4264 August.

309 4281 363 4326 et
393 4283 524 4322 mss.
560 4264 780 4335 quidam
826 4264 1015 4336 legunt
1042 4263 1231 4336 primo.
1264 4262 1565 4336 Elarentini
1607 4272 1720 4321 tres
1745 4262 1781 4331 ,⁷
1814 4264 1906 4320 sed

313 4341 479 4395 omnis
507 4331 712 4392 Graecia
742 4349 839 4405 pro
866 4331 958 4389 sed
989 4331 1237 4405 etomnis
1267 4331 1495 4389 Gracia.

381 4411 476 4466 56.
529 4409 631 4473 Qui
659 4404 823 4477 pecua
848 4421 963 4461 sua.
1017 4405 1095 4461 Ita
1140 4404 1334 4460 Colon.
1369 4420 1472 4477 nec
1502 4414 1655 4461 muto
1685 4404 1821 4463 illud
1851 4406 1905 4463 in

406 4497 520 4536 ora.
545 4478 616 4537 Ut
636 4475 783 4534 enim
803 4490 946 4532 nunc
969 4492 1107 4548 genu
1134 4477 1384 4544 dicimus,
1416 4475 1496 4532 sic
1516 4486 1730 4535 veteres
1751 4495 1902 4548 pecu.

365 4497 520 4537 mora.
548 4495 616 4537 υι
636 4495 783 4534 enim
803 4495 946 4532 nunc
969 4495 1107 4548 genu
1134 4495 1384 4544 (IICIlIlllS,
1416 4495 1496 4532 διο
1516 4495 1730 4535 ναιετεε
1786 4495 1902 4533 ecu.

365 4567 464 4625 rgo
494 4560 559 4625 ut_
586 4564 730 4625 nunc
758 4564 955 4625 genua,
989 4548 1061 4603 ita
1095 4558 1223 4625 tunc
1244 4564 1426 4625 pecua.
1454 4548 1626 4604 Laur.
1653 4579 1728 4625 -—_-
1751 4495 1905 4625 I’dem

314 4620 504 4696 poétea
534 4621 663 4696 fecit
690 4620 973 4691 Philippus
1003 4634 1123 4696 rex,
1151 4620 1530 4696 l’ersei_pater,
1553 4635 1679 4696 cum
1707 4622 1905 4696 bellum

314 4690 583 4752 adversus
611 4690 889 4766 Romanos
915 4690 1294 4748 meditaretur.
1322 4690 1523 4748 Confer
1560 4690 1734 4749 Vitam
1756 4694 1907 4766 ejus-

314 4768 439 4822 dem
466 4776 526 4822 et
548 4765 864 4821 Historiam.

385 4840 478 4895 55.
506 4837 630 4909 Sine
658 4832 868 4891 uictore.
901 4834 1001 4890 Ed.
1036 4833 1295 4907 August.,
1337 4834 1450 4890 sine
1486 4835 1733 4903 uictoria,
1763 4834 1909 4909 quod

318 4925 449 4982 non
468 4907 725 4982 praefero.

2011 3855 2132 3910 quae
2158 3839 2341 3894 omnia
2373 3837 2671 3910 Dionysius
2701 3853 2767 3895 ex
2791 3836 3127 3895 Philochoro
3156 3839 3447 3910 perspicue
3477 3857 3604 3896 nar—

2012 3920 2116 3964 rat.
2138 3910 2394 3985 Epistolas
2429 3924 2566 3985 vero
2610 3910 2847 3985 Philipdi
2880 3918 3059 3966 exstat
3096 3912 3239 3967 inter
3271 3912 3605 3985 Philippicas

2010 3983 2286 4036 orationes
2328 3980 2608 4036 Demosth.
2639 3980 2811 4037 FABR.

2080 4054 2135 4126 2.
2170 4052 2284 4126 Sibi
2298 4061 2462 4126 _te_r_ra
2472 4056 2731 4126 marique.
2760 4050 2876 4126 Ed.
2896 4052 3055 4126 Aug.,
3086 4063 3224 4110 terra
3253 4054 3483 4126 marique
3516 4072 3606 4111 co—

2010 4124 2112 4197 piis
2128 4125 2254 4198 suj_s.
2286 4123 2427 4179 Coll.
2460 4123 2629 4198 (ἔφη.
2660 4123 2793 4198 nihil
2825 4123 2927 4198 nisi
2964 4123 3101 4198 terra
3128 4128 3384 4198 marique.

2083 4199 2148 4271 5._
2167 4194 2297 4250 ch
2318 4203 2492 4271 autem
2522 4192 2857 4271 Byzantium.
2887 4195 3249 4271 Cassiodorus
3277 4192 3467 4271 scribit
3494 4198 3603 4271 By-

2009 4268 2240 4343 zantium
2268 4268 2547 4343 conditum
2575 4266 2991 4343 Tuiloilostilio
3018 4266 3603 4343 regnante‘ﬂndeBy-

2011 4339 2248 4392 zantium
2275 4352 2473 4393 nomen
2502 4337 2784 4393 invenerit
2823 4337 2996 4394 refert
3035 4337 3360 4397 Eustathius
3390 4341 3445 4397 in
3478 4337 3606 4398 Dio-

2008 4409 2246 4482 nysium.
2280 4407 2444 4464 Fusa.

2080 4479 2653 4607 4.F(it;t;stantinopolis
2683 4480 2839 4537 dicta.
2882 4478 3027 4555 Lege
3072 4481 3214 4540 infra
3247 4496 3373 4556 cap.
3401 4484 3475 4541 28
3504 4484 3599 4541 lib.

2010 4568 2083 4609 \‘II
2142 4567 2173 4607 ιθ
2187 4567 2309 4608 ABR.

2082 4626 2136 4682 5.
2164 4624 2382 4696 Centum
2428 4632 2476 4681 et
2511 4623 2844 4696 septuaginta
2892 4639 3065 4682 naves.
3086 4622 3267 4696 Lugd.
3313 4625 3433 4683 Bat.
3475 4636 3601 4684 teri.

2009 4711 2132 4752 cum
2162 4695 2299 4750 Coll.
2326 4695 2575 4775 Gronov.
2615 4705 2671 4752 et
2700 4695 2805 4775 Ed.
2831 4697 2973 4764 Aug.
3006 4695 3210 4775 centum
3255 4706 3304 4752 et
3343 4700 3605 4775 octoginta

2010 4774 2358 4840 enumerant,
2384 4766 2480 4824 sed
2511 4783 2609 4840 pro
2640 4767 2862 4840 vulgato
2894 4776 3002 4822 stat
3028 4768 3299 4824 Justinus.

2082 4837 2136 4895 6.
2161 4837 2709 4922 .Pertransiithugd.
2743 4837 2865 4894 Bat.
2888 4847 3047 4907 tert.,
3068 4841 3277 4896 transit.
3303 4838 3405 4898 Ed.
3436 4840 3601 4914 Aug.,

2012 4911 2265 4966 transivit.

386 4976 487 5039 5δῖ
506 4977 958 5066 ΙρεμᾳιιεηΜθιιξε,
987 4985 1046 5066 ες.
1058 4979 1174 5051 ipsa
1191 4993 1417 5066 Quoque.
1452 4976 1561 5066 Pro
1610 4977 1910 5066 timentibus
1936 4986 1988 5047 1)
2018 5054 2029 5066 _
2086 4982 2140 5066 7ε
2160 4982 2373 5066 Scythis
2392 4991 2511 5037 tunc
2533 4980 3008 5066 Atheasreqnabat.
3033 4980 3199 5066 Regis
3221 4996 3440 5049 nomen,
3458 4982 3607 5066 quod

316 5069 450 5139 mss.
483 5049 704 5124 quidam
731 5058 789 5107 et
814 5049 979 5119 editi,
1009 5049 1312 5106 timendum.
1344 5052 1600 5122 August.,
1630 5051 1911 5107 timendum

318 5127 481 5253 fugi.
534 5195 601 5269 In
654 5166 1034 5269 supplementa.
1089 5193 1191 5250 Ed.
1236 5196 1378 5266 Aug.
1424 5193 1481 5251 in
1522 5192 1911 5269 supplementa,

317 5268 464 5339 quod
494 5277 547 5323 et
574 5267 787 5339 inbcod.
814 5266 933 5339 hieo
967 5275 1169 5339 exstat.

2017 5054 2070 5131 in
2097 5052 2405 5131 impressis
2452 5064 2609 5131 erat,
2633 5052 2830 5131 reliqui
2872 5071 2889 5131 _:
2934 5068 3059 5131 nam
3115 5052 3169 5131 in
3224 5052 3608 5131 r_nan_us_c_ri_pt_is

2018 5123 2215 5197 Atheus
2241 5134 2292 5197 et
2332 5125 2568 5180 Natheas
2595 5123 2793 5197 legitur
2828 5143 2841 5179 :
2872 5126 2925 5180 in
2957 5125 3417 5197 vulgatislustini
3438 5126 3604 5197 libris

2021 5195 2418 5266 estillattheas,
2449 5199 2503 5251 in
2536 5194 2725 5252 nostro
2752 5194 3124 5266 manuscripto
3146 5194 3401 5250 Metheas.
3436 5196 3605 5254 FABR.

2019 5299 2092 5310 —
2119 5265 2176 5322 In
2206 5267 2383 5324 Orosii
2414 5283 2551 5324 mss.
2584 5268 2700 5324 fere
2730 5268 3008 5336 omnibus,
3034 5265 3252 5322 Justino
3284 5269 3411 5322 item
3437 5281 3607 5334 nunc,

386 5340 521 5396 Car.
573 5337 707 5394 XIII.
758 5366 824 5380 -—
876 5338 932 5410 i.
972 5336 1339 5410 ‘Necessariam
1369 5338 1687 5393 maritimam
1742 5336 1918 5393 urbem
2024 5338 2214 5395 Atheus
2239 5339 2458 5409 legitur,
2484 5339 2855 5410 idqueverum
2873 5341 2992 5394 viro
3019 5353 3219 5395 nomen
3243 5336 3363 5397 fuit.
3386 5337 3607 5403 Veneta:

317 5418 465 5483 ratus
495 5410 829 5483 Byzantium.
862 5407 1131 5465 Amicitia:
1160 5420 1210 5465 et
1241 5410 1520 5483 societatis
1545 5410 1751 5483 {mdera
1776 5411 1917 5466 inter

322 5479 635 5552 Philippum
664 5489 985 5538 manserunt
1008 5495 1181 5547 usque
1194 5479 1259 5535 ad
1281 5480 1597 5552 Nicomachi
1620 5483 1914 5552 magistra-

208 5581 216 5587 ο
323 5563 482 5625 tum:
510 5550 661 5625 anno
686 5562 872 5625 autem
905 5560 1203 5625 sequente,
1233 5553 1324 5625 qui
1373 5550 1579 5625 primus
1607 5550 1914 5625 fuit'olym-

324 5623 504 5693 piadis
527 5623 651 5690 HO,
686 5622 972 5693 Philippus
1004 5623 1233 5691 primum
1264 5622 1578 5677 Perinthum
1603 5622 1915 5692 expugnare

323 5709 615 5766 aggressus
644 5702 750 5762 est,
782 5693 1105 5766 atqueinde
1136 5693 1375 5766 rejectus
1407 5694 1724 5766 Byzantium
1757 5694 1910 5766 obse-

323 5763 425 5831 dit',
452 5780 563 5836 quo
602 5773 845 5836 tempore
889 5763 1176 5833 epistolam
1202 5763 1290 5819 ad
1348 5763 1712 5820 Athenienses
1744 5765 1914 5832 misit,

327 5837 515 5894 violati
545 5835 773 5894 foederis
798 5850 893 5894 eos
923 5850 1208 5905 accusans,
1243 5844 1298 5894 et
1332 5836 1533 5894 bellum
1566 5836 1915 5901 denuntians,

2024 5411 2148 5468 edd.
2181 5408 2391 5481 Scythis
2417 5420 2537 5465 tunc
2550 5408 2758 5482 :Etlteas
2782 5410 3008 5482 regebat.

2089 5483 2142 5538 8.
2173 5480 2497 5537 Auxiliuma
2528 5480 2799 5555 Philippo.
2833 5480 2945 5537 Hoc
2971 5495 3100 5555 mss.
3135 5493 3351 5555 omnes,
3384 5494 3494 5555 uno
3503 5484 3603 5555 aut

2016 5553 2192 5609 altero
2213 5565 2463 5624 excepto,
2496 5551 2725 5621 malunt,
2750 5567 2908 5625 quam
2941 5554 3160 5612 auxilia.
3191 5553 3297 5610 Pro
3326 5552 3474 5623 petiit
3502 5551 3607 5609 Pe-

2018 5625 2191 5680 rizon.
2227 5625 2371 5692 petit.

2088 5696 2145 5753 9.
2185 5690 2250 5751 Et
2282 5711 2491 5751 numero
2515 5705 2564 5751 et
2586 5695 2791 5751 virtute.
2823 5693 3066 5753 Primum
3096 5707 3144 5756 et
3175 5694 3321 5756 delet
3345 5690 3598 5755 Perizon.

2021 5774 2076 5824 et
2103 5767 2296 5822 abesse
2320 5776 2519 5837 potest.

2096 5840 2163 5896 lt)
2191 5838 2319 5892 Auri
2348 5849 2500 5908 atque
2522 5837 2737 5908 argenti.
2771 5837 2922 5898 Meus
2948 5854 3070 5901 cum
3101 5841 3129 5900 Ι
3144 5842 3365 5910 ustino,
3394 5841 3510 5898 auri
3532 5854 3621 5895 ar-
