4046 6344
483 289 591 350 825

1893 270 2101 332 PAULI
2135 267 2364 330 OROSII

3675 263 3781 326 ευ

477 415 643 476 atque
667 401 879 474 argenti
911 399 1047 457 nihil
1069 405 1347 470 repertum
1381 402 1477 451 :et
1505 407 1569 452 ea
1598 405 1687 450 res
1710 391 1888 464 primo
1917 389 2078 446 ﬁdem
2107 392 2158 455 Α
2186 387 2416 460 populos
2453 384 2509 441 in
2551 397 2704 458 spem
2734 382 3001 442 libertatis
3047 382 3322 455 reSpirare
3361 397 3471 440 non
3514 382 3782 440 sinerent.
3833 365 3836 370 ’

486 499 686 569 inopiae
759 497 1029 568 Scythica:
1105 492 1274 548 dedit.
1329 488 1534 560 Viginti
1592 487 1762 542 millia
1816 484 2081 541 nobilium

485 606 753 660 equarum
780 587 1108 645 sufﬁciendo
1133 584 1323 656 generi
1369 584 1421 637 in
1454 581 1826 638 Macedoniam
1873 580 2039 633 missa
2066 595 2081 644 ;

431 666 583 758 '_scd
640 683 938 739 revertenti
990 679 1243 749 Philippo
1293 675 1520 732 Triballi
1553 675 1710 730 bello
1755 672 1998 736 obviant,
2029 673 2083 726 in

499 790 609 847 quo
642 776 714 829 ita
757 760 1039 843 Philippus
1069 771 1122 825 in
1156 770 1363 824 feruore
1401 768 1720 822 vulneratus
1757 773 1862 831 est,
1895 773 1956 819 ut
1987 779 2085 834 per

487 883 696 940 corpus
722 868 839 937 ejus
869 879 1041 937 equus
1072 862 1498 919 interficeretur.
1531 869 1574 900 ιι
1607 859 1742 914 Cum
1769 872 1962 914 omnes
1993 871 2087 912 oc-

484 962 665 1016 cisum
685 966 966 1030 putarent,
1001 956 1055 1011 in
1090 955 1268 1026 fugam
1292 956 1460 1020 versi,
1489 950 1728 1022 praedam
1759 950 2083 1004 amiserunt.

482 1051 841 1124 Aliquantula
873 1047 1070 1104 deinde
1101 1061 1251 1102 mora
1279 1045 1407 1100 dum
1428 1041 1764 1100 convalescit
1783 1041 2082 1106 avulnere,

484 1147 541 1200 in
575 1160 706 1215 pace
742 1141 1075 1213 conquievit.
1114 1137 1312 1193 Statim
1343 1151 1477 1192 vero
1503 1145 1561 1190 ut
1589 1133 1886 1196 convaluit,
1917 1131 2088 1186 Athe-

486 1237 770 1293 niensibus
816 1234 1016 1291 bellum
1071 1232 1259 1287 intulit
1292 1249 1303 1284 :
1331 1231 1424 1300 qui
1464 1229 1519 1284 in
1574 1233 1727 1283 tanto
1769 1224 2088 1281 discrimine

472 1317 652 1400 positi
688 1329 732 1364 ι’
755 1326 1065 1391 Thebanos,
1108 1324 1266 1396 176
1295 1320 1572 1392 quondam
1599 1321 1810 1385 hostes,
1845 1325 1974 1372 tunc
1999 1330 2088 1372 so-

465 1406 599 1477 'cios
626 1420 944 1476 adsciscunt
972 1435 986 1472 :
1018 1411 1296 1486 totiusque
1324 1413 1549 1470 Graeciae
1581 1411 1829 1468 civitates
1857 1410 2089 1481 legatio-

469 1501 647 1572 ‘nibus
676 1513 924 1586 fatigant,
957 1521 1016 1568 ut
1045 1523 1392 1568 communem
1439 1507 1653 1562 hostem
1707 1503 2089 1561 communibus

482 1610 696 1664 viribus
714 1614 920 1678 petant.
946 1605 1137 1674 Itaque
1159 1602 1451 1673 aliquanta:
1470 1599 1636 1654 urbes
1659 1597 2086 1654 Atheniensibus

490 1716 614 1757 sese
641 1700 1003 1770 coniunxere,
1034 1696 1296 1768 quasdam
1323 1708 1458 1749 vero
1496 1693 1564 1748 ad
1601 1691 1912 1760 Philippum
1957 1690 2087 1746 belli

2185 482 2454 538 Praeterea
2476 495 2671 552 magno
2691 480 2911 538 delectu
2928 479 3158 535 militum
3177 491 3198 523 ³
3213 480 3266 536 in
3289 479 3595 535 subsidium
3611 479 3783 549 regia:
3819 488 3833 568 ς
3908 548 3918 555 _

2193 573 2588 644 dispositionis,
2623 589 2690 629 ex
2726 583 2836 628 tota
2868 573 3079 629 Graecia
3112 572 3320 640 habito,
3353 573 3588 628 ducenta
3617 565 3830 650 millia:

2185 667 2450 738 peditum,
2471 666 2847 737 etquindecim
2872 665 3045 721 millia
3066 666 3332 736 equitum,
3352 666 3560 736 absque
3575 659 3818 721 cxcrci-i

2191 758 2651 814 tu‘Macedonum
2671 767 2725 814 et
2738 757 2949 814 inﬁnita
2965 758 3208 828 gentium
3223 757 3531 824 “barbarie,
3553 757 3792 813 Persica:

2193 851 2531 922 expeditioni
2559 851 2714 924 177
2742 851 2796 905 in
2825 849 3010 906 Asiam
3034 850 3302 906 missurus
3322 848 3792 905 ἰιιεῑι-ιιιὶι.⁶Τι·ιιε

2186 945 2376 1012 duces,
2411 945 2515 1000 hoc
2544 956 2663 1011 est,
2716 943 3168 1008 Parmenionem,
3206 940 3500 1014 Amyntam
3539 950 3596 997 et
3633 947 3791 997 Atta-

2184 1039 2296 1095 lum
2324 1080 2338 1104 ,
2373 1037 2782 1109 prtemittendos
2816 1038 2869 1092 in
2904 1037 3123 1104 Persas,
3159 1037 3310 1108 legit.
3337 1037 3404 1092 Et
3435 1037 3563 1092 dum
3600 1051 3795 1108 supra-

2186 1131 2414 1202 scripta:
2440 1131 2613 1201 copia:
2643 1129 2712 1186 de
2739 1127 2950 1186 Grmcia
2969 1130 2990 1161 ⁷
3013 1139 3439 1201 congregantur,
3470 1129 3794 1194 Alexandri,

2187 1223 2280 1294 qui
2327 1229 2445 1278 erat
2492 1220 2829 1292 Olympiadis
2882 1219 3070 1275 uxoris
3099 1235 3214 1275 sua:
3260 1221 3453 1288 frater,
3478 1229 3532 1275 et
3561 1229 3686 1290 post
3715 1221 3738 1248 "
3764 1234 3797 1273 a

2187 1317 2407 1374 Sabinis
2432 1316 2487 1372 in
2518 1315 2756 1372 Lucania
2784 1324 3092 1387 prostratus
3113 1323 3220 1384 est,
3246 1330 3408 1386 quem
3429 1314 3580 1384 Epiri
3607 1329 3796 1385 regem

2191 1413 2262 1466 ob
2292 1411 2603 1467 mercedem
2629 1411 2812 1480 stupri
2837 1409 2891 1464 in
2918 1425 3044 1465 eum
3076 1409 3378 1479 perpetrati
3407 1407 3796 1474 constituerat,

2191 1505 2408 1572 nuptias
2456 1505 2509 1558 in
2555 1502 2864 1573 copulando
2908 1501 2960 1557 ei
3011 1501 3180 1556 ﬁliam
3234 1515 3386 1556 suam
3421 1498 3797 1584 Gleopatram,

2191 1602 2473 1658 celebrare
2503 1599 2754 1656 decrevit
2785 1617 2799 1653 :
2833 1598 2926 1670 qui
2954 1613 3077 1654 cum
3121 1597 3299 1669 pridie
3321 1585 3484 1668 quain
3511 1595 3802 1653 occidere-

2195 1703 2286 1750 tur
2333 1695 2702 1765 interrogatus
2748 1692 2981 1757 fuisset,
3027 1691 3150 1763 quis
3201 1689 3326 1746 finis
3368 1688 3581 1747 homini
3621 1687 3801 1758 magis

471 1778 670 1849 ‘metus
707 1792 892 1846 traxit.
925 1790 969 1822 ³³
991 1787 1186 1845 Prtelio
1216 1787 1532 1852 commisso,
1562 1779 1688 1840 cum
1714 1783 2084 1840 Athenienses
2117 1775 2170 1839 Β
2197 1795 2345 1844 esset
2372 1785 2641 1857 optandus
2664 1826 2681 1852 ,
2733 1783 3082 1854 respondisse
3119 1781 3315 1851 fertur,
3350 1797 3477 1839 eum
3503 1796 3628 1838 esse
3657 1782 3805 1851 opti-

491 1887 654 1955 longc
695 1885 892 1955 majori
923 1897 1154 1938 numero
1197 1881 1433 1936 militum
1468 1888 1818 1949 praestarent,
1845 1876 2085 1933 assiduis

492 1985 679 2031 tamen
706 1975 863 2032 bellis
883 1975 1135 2031 indurata
1160 1971 1515 2028 Macedonum
1541 1969 1739 2025 virtute
1760 1973 2084 2024 vincuntur:

487 2085 648 2140 quam
696 2083 932 2139 pugnam
992 2069 1152 2138 longe
1192 2064 1450 2121 omnibus
1497 2061 1867 2118 anterioribus
1931 2061 2088 2117 hellis

496 2161 823 2216 atrociorem
873 2160 1064 2226 fuisse,
1093 2160 1209 2229 ipse
1247 2173 1432 2213 rerum
1484 2158 1661 2211 exitus
1697 2155 1909 2211 docuit.
1950 2154 2086 2211 Nam

488 2252 583 2307 hic
608 2251 728 2307 dies
753 2251 897 2322 apud
929 2251 1242 2306 universam
1280 2249 1548 2305 Grreciam
1594 2246 1874 2318 acquisita:
1914 2246 2088 2303 domi-

487 2343 728 2399 nationis
755 2343 1013 2415 gloriam,
1050 2351 1110 2399 et
1146 2342 1534 2399 vetustissima:
1575 2341 1846 2398 libertatis
1886 2349 2088 2396 statum

488 2434 686 2490 ﬁnivit.

1079 2566 1308 2626 CAPUT
1356 2567 1498 2625 XIV.

563 2735 565 2738 ‹
617 2703 858 2778 Philippi
880 2707 1168 2764 crudelitas
1197 2708 1253 2762 in
1296 2706 1589 2776 Thebanos,
1615 2718 1662 2765 et
1690 2709 1953 2768 interitus.

561 2882 761 2940 Postea
806 2885 1090 2958 Philippus
1143 2888 1587 2945 cruentissimam
1633 2891 1920 2948 victoriam
1970 2892 1989 2925 ί
2031 2893 2086 2950 ἱη

491 2976 787 3033 Thebanos
832 2986 888 3034 et
949 2979 1396 3037 Lacedmmonios
1454 2984 1701 3039 exercuit
1753 3005 1766 3038 :
1818 2986 2085 3057 siquidem

483 3068 765 3140 principes
788 3070 1066 3126 civitatum
1096 3072 1232 3127 alios
1251 3074 1430 3129 securi
1447 3077 1738 3144 percussit,
1763 3077 1900 3132 alios
1923 3078 2086 3134 inex-

2195 1895 2340 1934 mum
2367 1919 2383 1942 ,
2420 1876 2514 1946 qui
2546 1877 2666 1933 viro
2697 1877 2822 1932 forti
2850 1916 2866 1942 ,
2919 1884 3044 1945 post
3074 1876 3339 1931 virtutum
3369 1889 3594 1930 suarum
3625 1877 3645 1907 ⁵
3671 1874 3802 1944 glu-

2192 1974 2332 2029 riam
2366 1973 2420 2028 in
2451 1987 2582 2042 pace
2620 1971 2866 2043 regnanti
2891 2011 2906 2038 ,
2951 1970 3072 2026 sine
3102 1968 3510 2025 conflictatione
3536 1968 3802 2040 corporis

2192 2077 2246 2124 et
2271 2067 2547 2123 dedecore
2566 2066 2770 2134 animi,
2806 2064 3021 2120 subitus
3047 2073 3105 2119 et
3125 2063 3296 2130 celer,
3341 2062 3624 2132 inopinato
3649 2061 3805 2116 ferro

2192 2159 2466 2230 potuisset
2494 2157 2766 2221 accidere,
2798 2155 2944 2226 quod
2978 2153 3080 2226 ipsi
3110 2170 3239 2210 mox
3267 2153 3312 2186 '°
3338 2153 3552 2225 obtigit.
3585 2151 3696 2208 Nec
3727 2152 3802 2208 ab

2191 2249 2349 2307 iratis
2378 2251 2506 2318 diis,
2539 2266 2677 2321 quos
2703 2249 2851 2320 parvi
2891 2263 3108 2316 semper
3135 2247 3419 2318 penderat,
3453 2261 3806 2317 quorumque

2194 2357 2343 2410 aras,
2388 2342 2588 2413 templa
2617 2353 2673 2398 et
2699 2341 2991 2396 simulacra
3021 2339 3411 2407 subverterat,
3441 2338 3574 2410 quin
3607 2339 3649 2370 ¹¹
3675 2337 3798 2395 cle-

2191 2435 2520 2504 ctissimam,
2549 2446 2608 2491 ut
2633 2436 2735 2507 ipsi
2757 2435 3074 2499 videbatur,
3099 2443 3331 2489 mortem
3371 2432 3798 2503 adipisceretur,

2194 2530 2370 2600 potuit
2403 2527 2674 2599 impediri.
2711 2527 2848 2582 Nam
2879 2525 2969 2582 die
3000 2524 3349 2595 nuptiarum,
3379 2537 3500 2578 cum
3537 2521 3606 2577 ad
3636 2520 3806 2577 ludos

2191 2619 2480 2691 magniﬁce
2518 2629 2811 2692 apparatos
2863 2618 3007 2674 inter
3046 2617 3186 2673 duos
3217 2614 3586 2678 Alexandros,
3619 2612 3800 2669 ﬁlium

2191 2729 2597 2787 generumque,
2637 2712 3045 2779 contenderet,
3087 2726 3118 2766 a
3148 2710 3448 2774 Pausania,
3481 2707 3655 2763 nobili
3683 2707 3806 2762 Ma-

2193 2806 2466 2863 cedonum
2489 2804 2859 2872 adolescente,
2886 2806 2927 2837 ¹²
2957 2803 3010 2859 in
3033 2803 3297 2873 angustiis
3321 2801 3438 2856 sine
3467 2799 3804 2856 cusmdibus

2192 2899 2623 2963 circumventus,
2647 2897 2864 2955 occisus
2885 2905 2989 2951 est.
3021 2896 3284 2950 Asserant
3313 2908 3457 2949 nunc
3489 2891 3798 2963 multisque

2197 2989 2317 3046 haec
2344 2989 2571 3046 vocibus
2608 2988 2871 3057 efferant,
2900 2988 3055 3059 quasi
3082 2987 3324 3044 virorum
3353 2985 3573 3042 fortium
3603 2984 3806 3040 laudes

2192 3096 2248 3140 et
2279 3085 2418 3142 facta
2453 3085 2665 3152 felicia,
2695 3082 2895 3152 quibus
2922 3083 3280 3139 amarissima:
3312 3081 3542 3136 aliorum
3563 3078 3805 3134 calami-

485 3160 669 3215 smum
700 3161 835 3231 θεῖε»
868 3161 890 3192 ⁸
915 3177 1106 3219 omnes
1141 3165 1298 3220 bonis
1326 3166 1576 3234 βΐίνθνίι-
1610 3167 1799 3224 Ρυῖδοε
1826 3168 2026 3224 (indum
2055 3185 2086 3226 ει
2115 3163 2162 3227 C
2194 3186 2332 3234 tates
2363 3179 2416 3233 in
2445 3178 2634 3233 dulces
2665 3177 2877 3232 fabulas
2898 3176 3098 3232 cedunt
3124 3216 3140 3241 ,
3186 3175 3232 3230 si
3276 3184 3456 3230 tamen
3485 3188 3798 3244 numquam

487 3252 718 3320 civibus,
752 3254 804 3308 in
836 3255 1063 3323 patriam
1113 3257 1352 3312 restituit
1386 3276 1398 3309 :
1435 3273 1505 3313 ex
1562 3259 1759 3328 quibus
1813 3266 2084 3317 trecentos

485 3350 705 3402 exsules
709 3346 922 3416 judices
934 3356 1292 3419 rectoresque
1318 3349 1588 3419 praefecit,
1611 3353 1701 3421 qui
1727 3363 1782 3408 ut
1799 3354 2088 3424 antiquum-

485 3438 903 3511 doloremvnova
943 3450 1213 3511 poteState
1243 3452 1522 3514 curarent,
1548 3459 1764 3514 pressos
1788 3444 2084 3505 infeliciter

2196 3270 2304 3342 ipsi
2335 3271 2595 3342 injurias,
2652 3271 2851 3341 quibus
2881 3269 3176 3340 aliquando
3218 3276 3506 3334 vexantur,
3539 3266 3580 3298 "
3609 3267 3803 3322 relatu

2192 3364 2422 3420 tristiori
2449 3363 2757 3434 deplorant.
2803 3362 2870 3419 .Si
2897 3377 3029 3419 vero
3056 3362 3125 3418 de
3157 3362 3394 3432 propriis
3425 3357 3798 3430 querimoniis

2191 3464 2402 3513 tantum
2451 3456 2591 3513 alios
2631 3455 2918 3513 audientes
2963 3454 3109 3511 afﬁci
3150 3453 3363 3522 volunt,
3391 3461 3650 3525 quantum
3683 3451 3803 3524 ipsi

1777 3629 2233 3696 HAVERCAMPI
2271 3639 2504 3698 NOTIE.

479 3830 720 3904 gentique
749 3827 902 3883 nihil.
938 3827 1062 3884 Mox
1095 3828 1244 3888 Meus
1272 3843 1394 3886 cum
1418 3831 1543 3889 edd.
1570 3832 1922 3904 quibusdam,
1948 3835 2077 3891 mis-

481 3920 540 3957 sa
564 3913 702 3957 sunt.

563 3975 651 4028 11.
710 3971 840 4026 Cum
889 3988 1084 4028 omnes.
1132 3972 1271 4029 Edd.
1309 3974 1582 4048 qnagdam,
1617 3991 1836 4048 cumque
1862 3993 2080 4045 omnes;

483 4044 738 4126 Venetae,
759 4059 977 4112 cumque
1010 4060 1127 4098 eum
1147 4044 1354 4113 omnes;
1378 4046 1467 4102 ed.
1492 4049 1630 4117 Aug.
1661 4044 1810 4117 mox,
1845 4044 2082 4104 conversi

521 4131 582 4171 ro
606 4133 757 4170 υενδι.

606 4133 757 4170 versi.

480 4131 642 4241 W22.
678 4185 964 4250 Thebanos,
998 4187 1264 4258 quondam
1296 4188 1489 4243 hostes.
1525 4188 1953 4245 Laceda’monios
1984 4206 2082 4258 pro

485 4257 759 4330 Thebanos
791 4257 1079 4330 manifesto
1111 4273 1299 4314 errore
1335 4262 1422 4316 hic
1453 4262 1748 4330 legebatur.
1783 4261 1916 4316 Nam
1944 4257 2066 4318 cvm

480 4329 768 4396 Philippus
841 4329 1081 4403 Elateam
1145 4329 1921 4403 occupasset,Athenienses,
1975 4335 2065 4403 qui

483 4412 734 4467 tempore
759 4398 1057 4472 exclusisti
1102 4398 1346 4472 reliquas
1388 4401 1568 4472 socios
1600 4404 1805 4472 legatos
1849 4398 2067 4460 mittere

479 4484 590 4526 non
615 4477 884 4538 poterant,
913 4469 1203 4524 Thebanos
1248 4470 1632 4542 Demosthenis
1658 4469 1980 4542 'cloquentia
2011 4475 2062 4530 in

479 4555 608 4598 suas
649 4548 832 4612 partes
854 4548 1275 4612 pertraxerunt.
1306 4541 1702 4612 Demosthenes
1751 4541 1850 4612 pro
1879 4543 2062 4599 Ctesi-

475 4614 701 4734 νιιοῐέεο,
736 4610 1002 4666 Diodorus
1037 4610 1130 4666 lib.
1167 4627 1277 4679 rm,
1301 4611 1622 4669 Plutarchus
1649 4615 1704 4669 in
1741 4610 2063 4672 Demostheo

476 4699 567 4734 ne.
645 4697 766 4734 ann.

476 4699 567 4739 ne.
599 4697 629 4734 l‘
645 4697 766 4736 ABR.

539 4753 672 4828 _15._
697 4751 891 4828 lirarlio
934 4753 1229 4828 commisso.
1271 4753 1384 4808 Hoc
1417 4755 1675 4828 praelium
1716 4756 2068 4814 commissum

608 4823 675 4948 iis
707 4823 1067 4948 gigaoneam,
1094 4824 1385 4890 Diodorus,
1415 4817 1758 4896 Plutarchus,
1787 4838 1841 4883 et
1868 4829 2068 4886 Strabo

504 4906 576 4946 ιι).
611 4910 684 4948 IX.
720 4906 887 4948 P'ABR.

545 4963 675 5047 CAP.
706 4964 848 5047 XIV.
872 4997 944 5006 —
971 4967 1022 5022 1.
1064 4964 1428 5047 In.Tl_tebanos
1455 4977 1501 5023 et
1521 4967 1962 5047 Lacedaemonios.
1979 4971 2072 5028 Sic

483 5044 571 5089 est
599 5038 760 5091 etiam
793 5038 845 5091 in
875 5038 1262 5106 manuscriptis
1296 5058 1309 5095 :
1334 5055 1457 5095 cum
1483 5049 1664 5096 tamen
1691 5057 1793 5098 nec
1821 5042 1914 5096 alii
1938 5057 2066 5097 cru-

475 5106 718 5162 delitatis
760 5109 811 5161 in
835 5107 1410 5183 Lacedaemoniosget
1434 5111 1702 5183 Justinus,
1735 5128 1894 5182 quem
1933 5128 2066 5169 aue-

468 5187 648 5303 gorem
694 5179 977 5250 sequitur,
1022 5190 1230 5236 tantum
1280 5179 2061 5243 Thebanorum'nieminerit.

516 5265 635 5303 ann.

516 5265 635 5304 ABR.

512 5322 596 5403 “2.
623 5321 811 5403 omnes
849 5321 1020 5403 bonis.
1049 5322 2061 5403 Editioprincepseteamsecntre,om-

466 5392 621 5470 nibus
653 5393 815 5470 bonis.
850 5393 973 5448 Mox
990 5396 1174 5470 pulsos
1200 5392 1400 5470 dudum
1420 5392 1451 5450 ἀ
1472 5399 1764 5452 civitatibus
1786 5400 1876 5455 ed.
1893 5399 2056 5470 Aug.,

463 5464 654 5539 pulsos
672 5465 876 5539 quidem
895 5482 933 5539 Aa
953 5464 1145 5539 civibus
1159 5467 1259 5539 ed.
1292 5469 1565 5539 princeps.

536 5535 590 5607 ἵ).
723 5535 1032 5607 subsidium.
1061 5537 1195 5592 Cod.
1228 5533 1498 5607 Longob.,
1524 5541 1576 5594 in
1608 5540 1860 5596 subsidio.

535 5603 590 5656 4.
637 5603 1000 5679 Macedonum.
1052 5607 1222 5676 Lugd.
1273 5603 1413 5662 Bait.
1466 5603 1700 5679 quatuor
1746 5626 1870 5667 eum
1914 5609 2055 5668 Coll.

463 5673 700 5747 Gronov.
727 5685 783 5730 et
805 5678 892 5731 ed.
921 5681 1082 5747 Aug.,
1107 5673 1473 5734 Macedonico.

532 5745 584 5798 5.
641 5745 947 5822 Barbarie._
973 5745 1109 5822 Mss.
1140 5751 1300 5807 iidem
1352 5761 1407 5806 et
1451 5753 1586 5822 Aug.
1630 5753 1742 5817 ed.,
1779 5751 2043 5808 barbaria.

450 5811 639 5873 Exstat
663 5830 875 5885 quoque
903 5818 981 5876 sic
1010 5821 1063 5876 in
1095 5821 1243 5878 Flor.
1270 5839 1352 5893 pr.
1388 5832 1443 5880 ct
1471 5811 1581 5881 sec.
1608 5824 1703 5882 sed
1727 5811 1778 5882 in
1813 5839 1922 5882 sec.
1955 5840 2042 5881 rc~

2187 3839 2424 3909 positum
2453 3839 2708 3894 barbarie.

2261 3909 2316 3966 6.
2358 3910 2485 3965 Tres
2527 3912 2718 3976 duces,
2761 3909 2856 3964 hoc
2877 3916 2954 3963 est
2990 3905 3406 3967 Parmenionem,
3440 3914 3544 3961 etc.
3577 3907 3796 3965 Diodo-

2187 3997 2279 4036 rus
2303 3993 2359 4036 et
2384 3982 2574 4037 l’letho
2599 3983 2737 4037 duos
2757 3980 2924 4036 duces
2950 3980 3264 4048 prtemissus
3290 3979 3556 4047 scribunt,
3585 3995 3799 4048 nempe

2189 4055 2420 4106 Attalum
2469 4065 2514 4108 et
2549 4053 2980 4118 Parmenionem;
3023 4051 3118 4120 qui
3168 4051 3237 4106 de
3284 4051 3511 4121 Philippi
3555 4052 3796 4109 interitu

2189 4125 2321 4179 satis
2346 4125 2535 4178 multa.
2568 4125 2735 4181 Fann.

2261 4195 2314 4249 7.
2357 4194 2770 4266 Congregantur.
2809 4193 2956 4266 ,Edd.
3000 4193 3254 4262 princeps
3301 4201 3355 4247 et
3410 4191 3798 4266 Yenetmicou-

2176 4262 2716 4339 gregarcntur.'Mnx
2754 4264 3056 4321 Alexandro
3105 4275 3216 4320 tres
3258 4277 3390 4320 mss.
3426 4262 3595 4334 Lugd.
3629 4265 3796 4322 Batt.

2176 4336 2298 4392 cum
2331 4336 2474 4391 Coll.
2506 4339 2744 4393 Gronov.

2244 4407 2298 4462 8.
2340 4411 2385 4462 A
2412 4409 2624 4463 Sabinis
2655 4412 2707 4462 in
2742 4407 2974 4463 Lucania
3002 4415 3318 4479 prostratus.
3367 4405 3550 4479 Livius
3573 4419 3626 4479 7a
3671 4406 3796 4464 Lu-

2170 4492 2310 4534 cano
2339 4481 2526 4536 exsule
2549 4482 2788 4536 occisum
2819 4476 3012 4534 scribit
3037 4477 3305 4534 Gemislh.
3361 4476 3540 4538 διαϐάς
3561 4478 3612 4538 ἐς
3639 4488 3785 4536 Ἰτα-

2171 4549 2293 4627 Motu
2307 4555 2624 4627 Τᾳρεντίνοις

2167 4643 2249 4682 νος
2274 4621 2616 4682 initium”.
2653 4621 3025 4691 Transgressus
3070 4621 3128 4674 in
3172 4621 3385 4675 Italiam
3427 4631 3480 4674 ut

2099 4687 2148 4748 D
2173 4693 2255 4746 nis
2281 4710 2428 4762 opem
2455 4696 2612 4762 [erret
2639 4735 2656 4762 ,
2687 4697 2740 4749 in
2772 4687 2952 4757 τ)ίωίίο
2981 4693 3206 4763 quodam
3227 4737 3242 4760 ,
3285 4707 3403 4745 cum
3425 4703 3631 4763 strenue
3653 4709 3783 4763 rem

2172 4765 2426 4834 gessisset,
2455 4765 2710 4819 occubuit.
2743 4765 2908 4820 FABli.
2937 4762 3008 4804 -ὲ
3035 4763 3132 4817 Ed.
3167 4763 3329 4834 Aug..
3361 4779 3393 4815 a
3415 4762 3772 4831 Samnitibus,

2174 4833 2314 4905 quod
2344 4845 2399 4905 et
2427 4835 2596 4891 voluit
2618 4835 2740 4891 cod.
2774 4835 2913 4893 Ultr.
2945 4835 3194 4890 scribens
3222 4851 3255 4888 a
3284 4833 3562 4905 Samnitis.

2741 4555 2870 4612 ηθῶν
2909 4550 2965 4606 ἕν
2994 4572 3094 4632 τινε
3118 4550 3460 4632 pangis;
3490 4554 3794 4632 ἠχωνισμξ-

3572 4632 3788 4675 arenti-

2249 4908 2301 4960 9.
2343 4904 2601 4960 Gloriam.
2634 4907 2764 4962 Mss.
2791 4906 3001 4973 optimi,
3026 4906 3283 4961 videlicet
3307 4916 3415 4960 tres
3442 4904 3782 4971 Florentini,

2175 4974 2327 5046 Meus
2353 4986 2410 5032 et
2441 4977 2694 5034 Perizon.
2735 4977 2994 5033 exhibent
3029 4976 3243 5046 glorias.
3297 4975 3400 5032 Vix
3430 4986 3608 5031 tamen
3643 4987 3789 5046 puto

2174 5045 2246 5100 ita
2278 5047 2347 5102 ab
2380 5047 2622 5104 Auctore
2645 5051 2908 5116 scriptum
2932 5047 3123 5102 fuisse.

2245 5119 2332 5174 10.
2406 5118 2619 5190 Obligit.
2691 5120 2894 5174 Malunt
2954 5117 3057 5174 hoc
3119 5118 3281 5175 codd.
3347 5117 3542 5188 Long.,
3612 5116 3778 5174 Flor.

2173 5190 2557 5314 te:'_t.,.Lugd.
2609 5190 2729 5246 Bal.
2775 5205 2912 5260 sec.,
2965 5191 3115 5246 Meus
3162 5201 3217 5247 et
3245 5191 3519 5257 Perizon.,
3549 5190 3782 5260 contigit

2173 5274 2228 5314 re
2255 5278 2386 5314 ιαυι.

2169 5274 2386 5331 renqm.

2243 5333 2331 5387 11.
2376 5332 2777 5390 Electissimam.
2807 5333 2966 5400 Cum,
2994 5341 3194 5402 prmter
3219 5332 3308 5388 ed.
3352 5334 3584 5402 August.
3631 5351 3780 5391 mss.

2164 5411 2277 5458 tres
2307 5403 2478 5473 Lugd.
2528 5406 2690 5467 B..tt.,
2726 5405 2874 5460 Meus
2925 5413 2978 5459 ct
3016 5405 3151 5460 Coll.
3186 5405 3423 5459 Gronov.
3468 5403 3550 5458 sic
3601 5407 3777 5462 exhi-

2169 5474 2293 5529 beat
2321 5476 2444 5530 eod.
2482 5476 2726 5546 Longob.
2779 5477 2848 5531 ab
2891 5476 3088 5532 Orosio
3142 5475 3442 5546 profectum
3483 5489 3606 5531 esse
3636 5480 3772 5532 exi-

2164 5547 2331 5601 Stimo
2348 5562 2370 5612 ;
2401 5549 2603 5617 vulgati
2636 5548 2989 5603 lectissimum.

2241 5617 2322 5674 l2.
2364 5617 2430 5671 In
2457 5616 2728 5690 angustiis.
2761 5623 2936 5686 Meus,
2998 5620 3053 5672 in
3101 5627 3342 5690 angusto.
3382 5616 3556 5686 Lugd.
3607 5618 3770 5674 Batt.

2161 5697 2298 5756 tres,
2333 5691 2468 5745 inter
2499 5678 2794 5761 aitgustt'as.
2830 5678 2950 5746 Mox
2983 5678 3308 5761 Lugdfliat.
3341 5678 3774 5757 pr.,'occiditur.

2155 5761 2551 5898 p’l‘lﬁ.tRclalu
2593 5763 2808 5818 tristiori
2855 5764 3146 5832 deplorant.
3197 5761 3298 5818 Ed.
3335 5761 3590 5831 princeps
3617 5801 3632 5829 ,
3662 5764 3773 5817 dce

2211 5848 2331 5887 oren
2364 5872 2375 5888 .

2211 5848 2375 5888 orent.
