4092 6346
276 269 383 330 823

1299 257 1778 320 lllSTORiARUM
1815 253 2019 316 LIBER
2055 251 2142 311 lli.
2183 249 2340 310 CAP.
2380 245 2498 306 XV.

3430 235 3605 330 ωδ.

239 453 246 461 ο
277 379 636 459 perpetiendo
666 387 958 438 senserunt
983 418 999 448 ,
1047 377 1197 450 prius
1228 377 1329 448 ipsi
1362 393 1468 433 non
1508 375 1870 449 praesentibus
1896 375 1946 434 A
1975 371 1996 402 ⁸
2024 381 2318 439 numquam
2349 372 2532 418 autem
2567 356 2715 432 capi,
2749 362 2842 414 aut
2870 353 2936 414 ad
2967 353 3302 414 deditionem
3330 353 3446 425 cogi
3471 369 3567 426 po-

170 571 264 626 iis

249 1476 274 1488 b

281 478 581 552 praeterita,
609 476 652 509 ⁸⁵
680 477 776 532 sed
825 475 994 547 gestis
1035 482 1186 544 gesta
1228 483 1547 544 comparent
1576 491 1588 525 :
1632 473 1792 544 178
1820 479 1875 526 et

282 583 519 644 utraque
568 587 636 627 ex
665 571 853 626 auditu
881 613 896 637 ,
929 569 974 602 ¹⁸
1001 569 1147 625 velut
1173 568 1308 624 certi
1352 567 1656 623 alienorum
1685 566 1872 620 arbitri

279 665 552 735 judicent,
587 673 684 734 per
711 661 903 733 viginti
933 661 1175 732 quinque
1198 675 1375 716 annos
1406 659 1652 716 incendia
1680 657 1877 712 civita-

283 768 420 822 tum,
449 754 666 811 excidia
695 753 963 810 bellorum
986 796 1002 822 ,
1037 751 1410 822 subiectiones
1442 750 1872 820 provinciarum,

279 849 462 905 emdes
488 845 769 902 hominum
791 886 808 906 .
843 859 1006 916 opum
1041 845 1265 915 rapinas
1292 885 1307 910 ,
1341 842 1558 914 praedas
1586 855 1872 912 pecorum,

282 951 624 998 mortuorum
693 938 1036 995 venditiones
1086 937 1540 1007 captivitatesque
1598 935 1870 1001 vivorum,

283 1034 443 1091 unius
470 1033 618 1104 regis
644 1033 690 1065 ⁸³
727 1032 899 1099 fraus,
929 1030 1134 1087 ferocia
1155 1070 1172 1098 ,
1201 1038 1257 1086 et
1283 1029 1599 1086 dominatus
1625 1027 1874 1098 agitavit.

879 1185 1107 1243 CAPUT
1151 1184 1265 1242 XV.

284 1323 546 1380 Samnites
586 1318 942 1377 Romanorum
979 1320 1155 1390 capias
1192 1320 1421 1392 capiunt.
1463 1319 1691 1374 Romani
1719 1319 1879 1374 ictam

531 1397 697 1466 {tedas
724 1401 994 1465 rumpunt,
1023 1393 1286 1449 Satricum
1316 1401 1638 1463 expugnant.

355 1577 682 1635 Sufﬁcerent
733 1576 835 1632 ista
885 1575 952 1631 ad
999 1573 1310 1646 exemplum
1341 1574 1686 1630 miseriarum
1733 1573 1881 1629 insi—

286 1679 454 1727 nuata
485 1669 764 1726 memoria:
791 1677 991 1724 nostra:
1010 1676 1163 1740 gesta
1181 1683 1278 1737 per
1299 1666 1630 1736 Philippum,
1662 1666 1878 1722 etiamsi

1977 461 2148 516 tuisse
2197 457 2504 514 constabat.
2545 453 2627 508 lta
2654 451 2948 514 Samnites,
2980 447 3204 504 victoria
3238 446 3410 518 potiti,
3443 448 3564 502 uni-

1976 571 2190 612 versum
2223 552 2521 610 exercitum
2553 550 2856 605 Romanum
2886 545 3118 616 turpiter
3155 552 3368 614 captum
3400 542 3567 598 armis

1977 650 2138 706 etiatn
2179 645 2629 714 vestimentisque
2659 640 2919 697 nudatum
2944 681 2960 707 ,
2993 646 3202 692 tantum
3233 636 3459 707 singulis
3487 635 3568 690 vi-

1977 743 2206 799 lioribus
2230 737 2585 810 operimentis
2608 735 2678 792 ob
2717 731 3024 790 verecunda
3055 745 3347 801 corporum
3380 737 3567 799 tegen-

1977 837 2045 892 da
2072 834 2370 900 concessis,
2393 831 2496 889 sub
2529 831 2718 900 jugum
2747 827 2970 883 missum
3001 823 3328 894 servitioque
3349 821 3567 892 subjec-

1979 937 2115 992 tum,
2159 927 2380 997 lnngum
2427 939 2590 995 agere
2632 937 2848 995 pompa:
2879 919 3124 976 ordinem
3171 923 3566 987 praeceperunt.

1979 1019 2265 1076 Sescentis
2278 1024 2457 1073 autem
2490 1015 2761 1087 equitibus
2789 1013 3049 1069 Romanis
3074 1011 3126 1065 in
3153 1009 3457 1065 obsidatum
3483 1023 3570 1066 re-

1978 1113 2172 1183 ceptis,
2189 1120 2445 1167 oneratos
2457 1107 2768 1179 ignominia.
2789 1106 3000 1162 caeteris
3016 1103 3179 1160 rebus
3191 1116 3413 1168 vacuos,
3432 1115 3568 1157 con-

1979 1207 2127 1260 sules
2141 1204 2486 1260 remiserunt.
2506 1200 2647 1268 Quid
2665 1197 3118 1271 deexaggeranda
3142 1197 3302 1268 hujus
3330 1195 3569 1254 foedissi-

1979 1301 2054 1355 mi
2088 1296 2308 1354 fmderis
2331 1294 2541 1350 macula
2554 1293 2735 1348 verbis
2753 1291 3120 1362 laborem,qui
3146 1299 3326 1346 tacere
3345 1288 3571 1344 maluis-

1980 1408 2096 1450 sem
2124 1392 2148 1446 ἲ
2179 1389 2352 1446 Hodie
2399 1388 2548 1442 enim
2577 1385 2811 1441 Romani
2836 1393 2930 1440 aut
2965 1383 3187 1440 omnino
3227 1398 3336 1438 non
3367 1390 3568 1449 essent,

1979 1493 2076 1542 aut
2105 1482 2329 1540 Samnio
2367 1478 2685 1536 dominante
2732 1477 3021 1541 servirent,
3051 1476 3097 1530 si
3130 1473 3288 1531 fidem
3322 1474 3568 1542 hederis,

1981 1596 2142 1651 quam
2171 1577 2272 1634 sibi
2320 1573 2531 1632 servari
2573 1589 2602 1627 a
2640 1571 2899 1641 subjectis
2927 1569 3154 1637 volunt,
3195 1568 3295 1638 ipsi
3341 1567 3575 1636 subjecti

1983 1670 2320 1730 Samnitibus
2346 1667 2745 1724 servavissent.
2771 1662 3081 1719 Posteriore
3107 1676 3252 1717 anno
3277 1661 3578 1731 intringunt

284 1764 598 1820 Alexander
647 1763 698 1819 ei
749 1777 856 1818 non
895 1761 1257 1818 successisset
1303 1759 1358 1814 in
1408 1774 1660 1829 regnum.
1715 1758 1880 1829 Cujus
1910 1767 1960 1829 Β
1986 1763 2213 1821 Romani
2246 1763 2512 1818 ﬁrmatam
2552 1773 2674 1815 cum
2705 1757 3042 1812 Samnitibus
3073 1755 3421 1826 pactionem,
3453 1767 3578 1810 eos-

289 1857 454 1924 bella,
484 1857 650 1912 immo
675 1856 778 1912 sub
806 1855 960 1926 cujus
982 1853 1141 1911 bellis
1165 1853 1356 1910 mundi
1385 1855 1527 1911 mala
1557 1853 1750 1909 ordine
1789 1868 1878 1910 sc-

285 1950 505 2022 quentia
522 1949 798 2019 suspendo
816 1949 1112 2021 paulisper,
1138 1949 1269 2007 utin
1293 1949 1397 2004 boc
1420 1949 1540 2005 loco
1559 1964 1660 2019 pro
1679 1963 1881 2006 conve-

289 2045 493 2101 nientia
507 2055 833 2115 temporum,
853 2044 1091 2100 Romana
1107 2042 1414 2113 subjiciam.
1433 2042 1447 2074 ¹
1463 2041 1622 2097 Αηιιο
1644 2041 1716 2097 ab
1731 2040 1881 2098 Urbe

287 2139 505 2196 condita
549 2153 815 2196 ccccsxvi
857 2135 1129 2193 Caudinas
1175 2135 1418 2192 furculas
1461 2135 1596 2191 satis
1631 2135 1880 2191 celebres

287 2242 341 2288 et
369 2233 634 2298 famosas,
659 2231 887 2302 insignis
913 2230 1286 2286 Romanorum
1319 2228 1446 2284 fecit
1472 2227 1714 2283 infamia.
1745 2228 1880 2283 Nam

294 2342 418 2382 cum
446 2325 736 2397 superiore
763 2325 940 2380 bello”
957 2324 1139 2394 viginti
1159 2322 1328 2378 millia
1345 2321 1695 2390 Samnitium,
1713 2322 1884 2378 Fabio

292 2419 554 2489 magistro
589 2417 830 2488 equitum
866 2431 1099 2487 pugnant
1133 2423 1478 2484 conserente,
1525 2414 1880 2482 cecidissent,

287 2509 768 2580 circumspectiore
781 2523 913 2564 cura
936 2499 1210 2564 Samnites
1229 2522 1294 2562 ac
1311 2507 1762 2578 inagisinstructo
1784 2523 1882 2577 ap-

290 2613 485 2675 paratu
509 2603 651 2672 apud
673 2601 946 2658 Caudinas
979 2601 1215 2656 furculas
1231 2599 1620 2666 consederunt,
1650 2599 1738 2654 ubi
1761 2615 1885 2655 cum

294 2700 454 2772 179
475 2699 496 2730 ³
537 2697 819 2754 Veturium
844 2706 899 2752 et
919 2696 1258 2752 Postumium
1283 2695 1560 2760 consules,
1588 2707 1888 2764 omnesque

289 2791 476 2862 copias
497 2790 864 2846 Romanorum
888 2787 1151 2859 angustiis
1174 2787 1418 2843 locorum
1441 2786 1720 2856 armisque
1740 2787 1890 2840 clau-

288 2885 512 2952 sissent,
545 2883 569 2916 ‘
594 2882 844 2948 Pontius,
877 2882 986 2938 dux
1009 2896 1224 2945 eorum,
1258 2880 1312 2934 in
1346 2885 1556 2933 tantum
1585 2879 1787 2932 abusus
1808 2888 1891 2934 est

289 2980 536 3034 victoriae
557 2977 873 3047 securitate,
897 2984 959 3032 ut
999 2974 1331 3031 Herennium
1363 2983 1572 3041 patrem
1605 2973 1892 3029 consulen-

1981 1873 2090 1931 que
2118 1858 2173 1913 in
2199 1855 2395 1912 bellum
2416 1860 2641 1925 cogunt,
2673 1852 2694 1883 ⁸
2721 1851 2867 1923 quod
2907 1849 3143 1923 Papyrio
3172 1847 3398 1905 consule
3441 1847 3576 1901 insi-

1980 1961 2158 2010 stente
2183 1951 2554 2018 commissum,
2587 1962 2808 2020 magnas
2833 1955 3044 2018 strages
3087 1943 3371 2015 utriusque
3397 1941 3579 2014 populi

1983 2047 2153 2102 dedit.
2181 2043 2425 2116 Cumque
2455 2043 2583 2099 hinc
2602 2040 2685 2097 ira
2706 2040 2948 2097 recentis
2969 2037 3227 2103 infamias,
3261 2035 3387 2092 inde
3406 2034 3579 2107 gloria

1982 2139 2245 2211 proximae
2270 2137 2512 2194 victoriae
2543 2146 2844 2206 pugnantes
2872 2135 2892 2166 ⁷
2937 2131 3330 2199 instimularet,
3363 2128 3581 2185 tandem

1987 2233 2215 2292 Romani
2244 2231 2595 2305 pertinaciter
2648 2227 2934 2284 moriendo
2963 2225 3250 2282 vicerunt:
3300 2237 3403 2280 nec
3442 2220 3581 2278 caedi

1985 2328 2192 2399 pariter
2215 2326 2300 2382 vel
2331 2324 2544 2382 caedere
2567 2321 2922 2397 destiterunt,
2955 2318 3061 2374 nisi
3097 2327 3384 2388 postquam
3422 2313 3582 2370 vietis

1985 2415 2344 2482 Samnitibus,
2373 2414 2395 2447 ⁸
2421 2421 2478 2468 et
2512 2420 2672 2483 capto
2701 2409 2824 2466 duci
2865 2422 3078 2474 eorum,
3100 2407 3291 2477 jugum
3322 2417 3584 2474 reposue-

1988 2517 2134 2565 runt.
2174 2508 2332 2580 180
2361 2506 2509 2561 Idem
2528 2504 2724 2561 deinde
2749 2502 3013 2575 Papyrius
3033 2499 3326 2565 Satricum,
3357 2497 3585 2567 expulso

1990 2603 2114 2660 inde
2146 2601 2445 2658 Samnitico
2478 2597 2758 2669 praesidio,
2791 2593 3150 2666 expugnavit,
3189 2601 3243 2647 et
3281 2590 3445 2661 cepit.
3485 2588 3585 2645 Hic

1989 2705 2172 2750 autem
2195 2692 2460 2763 Papyrius
2491 2690 2628 2744 adeo
2659 2695 2787 2742 tunc
2806 2685 2946 2756 apud
2976 2684 3252 2740 Romanos
3276 2681 3584 2739 bellicosis-

1990 2788 2162 2843 simus
2189 2801 2253 2840 ac
2281 2781 2698 2840 strenuissimus
2741 2778 3064 2844 habebatur,
3096 2785 3153 2831 ut
3185 2789 3309 2830 eum
3345 2774 3586 2830 Alexan-

1991 2882 2089 2937 der
2119 2881 2340 2950 Magnus
2370 2877 2667 2948 disponere
2694 2861 2971 2929 diceretur
3010 2869 3078 2925 ab
3105 2868 3330 2924 Oriente
3357 2867 3586 2922 descen-

1993 2977 2130 3032 dens
2158 2973 2407 3030 obtinere
2437 2969 2646 3026 viribus
2691 2966 2952 3032 Africam,
2982 2964 3003 2997 °
3033 2970 3196 3032 atque
3225 2959 3353 3016 inde
3398 2960 3452 3014 in
3480 2959 3586 3014 lta-

289 3074 418 3131 dum
451 3082 701 3146 putaret,
730 3082 909 3129 utrum
952 3071 1226 3128 occideret
1270 3071 1510 3138 clausos,
1544 3085 1612 3124 an
1643 3078 1894 3140 parceret
1994 3069 2123 3124 liam
2165 3062 2464 3128 transvehi,
2488 3057 2720 3116 Romani
2746 3060 2888 3112 inter
2915 3064 3144 3111 caeteros
3178 3053 3346 3109 duces
3375 3059 3503 3107 tunc
3530 3052 3585 3106 in

289 3167 592 3238 subjugatis
620 3184 636 3223 :
669 3173 732 3222 ut
753 3165 904 3221 vivos
930 3173 1109 3220 tamen
1132 3162 1387 3219 dedecori
1416 3173 1745 3232 reservaret,
1778 3164 1889 3219 ele-
1915 3149 1961 3213 C
1996 3159 2272 3232 republica
2312 3172 2406 3212 sua
2443 3152 2708 3224 Optimos,
2760 3149 2902 3204 hunc
2939 3145 3275 3220 prmcipuum
3303 3143 3422 3199 fore
3443 3183 3458 3208 ,
3492 3141 3585 3212 qui

287 3261 388 3332 git.
418 3260 698 3317 Romanos
724 3258 870 3316 enim
901 3267 1059 3313 antea
1090 3255 1394 3326 saepissime
1433 3253 1577 3312 vinci
1606 3264 1663 3311 et
1692 3255 1886 3326 occidi,

1994 3253 2289 3313 Alexandri
2317 3252 2579 3322 impetum
2610 3245 2883 3302 sustinere
2911 3247 3119 3315 posset,
3167 3238 3582 3296 meditarentur.

1576 3395 2036 3456 HAVERCAMPI
2077 3391 2312 3453 ΝΟΤᾸΕ.

365 3536 453 3593 ll.
497 3535 603 3592 Sed
653 3533 810 3606 gestis
840 3540 982 3603 gesta
1027 3537 1351 3606 comparent.
1400 3528 1458 3584 ln
1494 3526 1635 3606 Coll.
1669 3527 1884 3606 Crono-

295 3609 457 3662 viana
487 3606 606 3662 haec
652 3599 725 3660 ita
775 3599 1032 3673 leguntur
1076 3599 1353 3670 multoque
1381 3601 1592 3654 auctius
1619 3599 1882 3656 exhiben-

290 3690 400 3746 tur,
431 3678 519 3734 sed
548 3678 704 3748 gestis
729 3686 893 3748 gesta.
949 3674 1130 3748 [dest
1148 3719 1162 3744 ,
1193 3690 1296 3748 non
1321 3681 1620 3748 comparent
1648 3687 1882 3748 prasen-

289 3744 425 3804 t'bus
454 3744 985 3818 prtiterita'tempora
1023 3746 1125 3818 his,
1162 3746 1251 3814 qui
1285 3759 1418 3797 nunc
1448 3744 1701 3818 injuriam_
1722 3744 1883 3818 susti-

289 3833 432 3877 nent.
455 3813 572 3876 'Scd
599 3819 734 3873 male
752 3813 891 3890 gesta
921 3813 1301 3890 prwteritorum
1345 3823 1663 3890 comparent_
1683 3813 1738 3866 in
1761 3815 1885 3890 inre

290 3873 619 3962 praisentium
647 3931 662 3955 ,
707 3873 1217 3962 etvbona'prwsentia
1246 3885 1394 3962 bonis
1405 3873 1709 3962 praeteritis.
1753 3873 1883 3962 Ideo

289 3955 463 4018 autem
507 3961 772 4032 prwterita
820 3955 1125 4032 comparari
1156 3955 1492 4032 pungentibus
1534 3963 1668 4008 vetat
1693 3996 1708 4021 ,
1760 3955 1884 4026 quia

289 4027 576 4104 immerita,
625 4034 669 4086 si
708 4034 906 4098 maiore
954 4027 1164 4083 miseria
1201 4027 1505 4104 a/fecerunt,
1540 4034 1730 4104 tamen,
1766 4042 1886 4078 cum

291 4096 394 4160 non
417 4107 543 4170 sint,
563 4096 761 4157 seriora
789 4096 1116 4173 reputantur,
1144 4097 1417 4173 prazscn‘tia
1443 4096 1697 4173 autem,s_i
1724 4111 1884 4173 parva

287 4166 640 4232 sollicitudine
666 4166 916 4244 aﬂiciunt,
950 4166 1190 4245 graviora
1218 4169 1539 4245 sentiuntur.
1580 4166 1688 4222 Sed
1707 4166 1884 4245 facile

291 4258 522 4318 apparet
551 4260 671 4300 esse
697 4237 971 4318 glossam:
989 4257 1152 4318 quam
1179 4239 1500 4318 ascripserit
1526 4237 1597 4306 is,
1631 4239 1720 4308 qui
1758 4253 1885 4292 sen-

291 4310 410 4376 sum
439 4310 736 4374 verborum
764 4313 943 4371 Orosii
971 4310 1256 4369 elucidare
1286 4310 1541 4364 voluerit.

367 4392 456 4446 15.
507 4389 659 4442 Velut
702 4387 846 4443 certi.
901 4384 1001 4441 Ed.
1057 4388 1197 4454 Aug.
1245 4397 1370 4436 eum
1417 4395 1521 4454 ms.
1566 4378 1888 4454 Ultr._delet

296 4463 445 4516 certi.
473 4459 659 4530 Neque
706 4459 762 4514 in
808 4457 982 4513 tribus
1011 4449 1170 4510 codd'.
1216 4450 1551 4509 Florentinis
1583 4458 1677 4506 aut
1704 4449 1880 4522 Lugd.

299 4534 417 4588 Bal.
450 4530 692 4587 secundo
718 4535 966 4600 apparet.

366 4606 456 4660 16.
495 4601 691 4673 Fraus,
721 4591 937 4673 ferocia.
969 4596 1108 4673 Edd‘.
1143 4595 1388 4673 Eenette,
1420 4592 1562 4662 fraus
1593 4591 1774 4673 effera.

363 4677 500 4732 Car.
530 4672 648 4729 XV.
670 4665 742 4712 4'-
773 4673 828 4726 1.
867 4671 1018 4724 Anno
1047 4668 1110 4722 ab
1146 4667 1213 4723 U.
1246 4683 1294 4721 c.
1315 4680 1598 4721 ccccxxvt.
1645 4665 1741 4719 Hic
1789 4678 1888 4719 an-

295 4763 399 4806 nus
431 4748 482 4802 in
513 4743 833 4813 Capitolinis
859 4739 1175 4796 consulibus
1204 4748 1290 4794 est
1318 4747 1440 4808 post
1465 4733 1669 4792 Urbem
1697 4736 1890 4791 condi-

295 4831 403 4874 tam
435 4812 738 4873 ccccixxu.
770 4812 937 4868 Fusa.

363 4891 420 4944 2.
469 4887 665 4957 Viginti
690 4883 855 4940 millia
887 4881 1204 4940 Samnitium
1225 4876 1438 4957 ,Ἐδερἱ
1468 4878 1712 4946 magistro
1741 4877 1886 4957 equi-

297 4969 430 5014 tum.
474 4948 626 5015 Idem
655 4969 916 5012 numerus
942 4967 1210 5008 caesorum
1242 4950 1481 5005 hostium
1515 4960 1599 5020 est
1622 4948 1764 5020 apud
1788 4949 1886 5020 Li-

295 5032 443 5086 vium
476 5031 570 5086 lib.
602 5043 718 5095 vm,
753 5026 844 5082 ubi
872 5025 992 5081 haec
1021 5024 1202 5079 omnia
1241 5021 1376 5095 satis
1409 5019 1648 5095 copiose.
1684 5019 1749 5087 ρ.
1784 5019 1889 5095 Ea-

297 5104 420 5159 bius
442 5089 714 5157 Maximus
736 5097 1026 5153 Rullianus
1052 5137 1069 5164 ,
1107 5108 1269 5164 quem
1301 5092 1392 5164 hie
1418 5089 1647 5164 Orosius
1667 5091 1886 5164 signifi-

293 5185 403 5238 cat,
432 5173 693 5244 magister
721 5160 1193 5244 equitum_fuit_L.
1216 5163 1432 5244 Papirio
1458 5160 1887 5244 Cursorindieta-

295 5233 928 5315 tori,quartoanr_toante
950 5237 1247 5315 Caudinam
1275 5233 1656 5315 ignominiam.
1683 5233 1889 5315 Praeter

294 5303 508 5371 Liviuin
545 5315 666 5379 lege
709 5308 1024 5381 Eutropium
1055 5308 1180 5363 libr.
1208 5305 1556 5374 tt,Valerium
1584 5304 1724 5359 Max.
1759 5303 1884 5359 libr.

296 5404 354 5439 ιι.
387 5402 510 5439 ean.
531 5389 590 5439 2.
615 5383 782 5439 FABR.

296 5404 354 5453 ιι,
387 5402 510 5456 cap.
531 5389 590 5440 2.
615 5389 782 5440 Fam.

363 5458 422 5514 3.
456 5445 738 5512 'Veturium
766 5462 816 5509 et
848 5451 1182 5507 Postumium
1213 5447 1474 5504 consules.
1518 5446 1584 5502 T.
1629 5445 1892 5503 Veturius

296 5539 352 5585 et
383 5529 480 5597 Sp.
516 5524 1066 5597 Postumiusiterum
1097 5521 1348 5577 consules
1381 5519 1634 5597 fuerunt,
1667 5518 1890 5597 quando

295 5588 441 5668 apud
460 5597 722 5655 Caudium
752 5595 896 5668 male
925 5603 1237 5668 pugnatum
1256 5599 1348 5668 est
1367 5631 1381 5655 ,
1415 5597 1485 5668 e_t_
1510 5589 1756 5668 legiones
1785 5588 1891 5643 sub

293 5659 482 5742 jugum
507 5672 706 5725 missae.
731 5659 1060 5742 Cic._ljb._tit
1091 5664 1159 5718 de
1201 5663 1360 5742 (illic.
1382 5701 1394 5725 ,
1428 5660 1618 5742 Livius
1655 5659 1746 5742 lib.
1773 5674 1889 5742 “vr,

299 5729 448 5798 Flor.
482 5742 582 5806 lib.
613 5757 652 5805 ι,
693 5754 815 5810 cap.
848 5737 938 5807 16,
970 5739 1198 5808 August.
1230 5733 1323 5790 lib.
1357 5747 1416 5788 Ill
1457 5731 1526 5789 de
1559 5729 1727 5788 Civit.
1769 5729 1894 5799 Dei,

298 5829 416 5886 cap.
448 5814 536 5870 17.
568 5812 734 5870 FABR.

2058 3531 2114 3585 4.
2155 3524 2402 3588 Pontius,
2435 3520 2542 3576 dux
2566 3533 2764 3574 eorum.
2814 3515 2942 3588 ligno
2967 3527 3034 3569 ex
3082 3510 3278 3588 Orosio
3305 3509 3582 3588 Diacpnus

1988 3581 2248 3671 Etterpio
2275 3581 2500 3652 addidit.
2530 3590 2700 3647 Flam.
2738 3618 2810 3630 —-
2849 3587 2964 3641 Rex
2989 3600 3170 3640 eorum
3191 3583 3246 3639 in
3280 3582 3407 3638 cod.
3437 3581 3586 3638 Lon-

2023 3672 2112 3728 ob.

1987 3689 2113 3798 gog:
2149 3740 2450 3809 Numquam
2473 3741 2644 3809 autem
2683 3730 2819 3802 capi.
2851 3727 3023 3798 Lugd.
3053 3726 3178 3809 _Bat.
3219 3733 3398 3808 quart.
3432 3741 3589 3809 num:

1987 3793 2410 3881 quam—capiIAt
2433 3803 2684 3881 secund.,
2719 3793 3013 3881 numquam.
3045 3793 3397 3881 tamen—capi.
3429 3793 3588 3862 Quod

1988 3867 2116 3939 ιίιωχ
2148 3867 2414 3952 εράιιίιιῃκ
2446 3875 2694 3952 potuisse,
2724 3867 2881 3952 abest
2905 3885 2939 3950 a_
2968 3868 3085 3922 Meo
3110 3867 3441 3952 etnPerjzon.

2158 3936 2311 4019 Quod
2340 3936 2573 4019 Papyrio
2601 3941 2812 3998 consule
2836 3941 3126 4019 insistente.
3150 3938 3452 4019 Orosiuiet
3476 3936 3588 4019 Eu-

1990 4007 2198 4094 tropqu
2227 4037 2325 4078 eos
2353 4007 2604 4094 auclores
2644 4024 2946 4094 sequuntur
2971 4051 2987 4076 ,
3026 4013 3115 4080 qui
3162 4025 3205 4094 ελ
3237 4009 3302 4064 L.
3346 4007 3591 4090 .Papyrio

1986 4079 2233 4157 consule,
2254 4108 2360 4148 non
2385 4089 2646 4160 magistro
2676 4079 2941 4156 equitum,
2961 4079 3156 4160 contra
3173 4079 3586 4160 Satnnites_rem

1988 4149 2129 4223 bene
2157 4149 2361 4236 gestam
2396 4149 2776 4216 tradiderunt:
2803 4169 2927 4210 nam
2955 4152 3025 4209 de
3055 4152 3157 4206 hoc
3178 4150 3380 4220 ambigi
3404 4149 3589 4206 Livius

1989 4234 2197 4295 scribii.
2245 4234 2407 4290 Fann.

2063 4290 2124 4363 7.
2150 4290 2533 4362 Instimulant.
2566 4298 2802 4368 Quidam
2839 4309 2974 4368 mss.
3010 4293 3228 4368 et_ed_it.
3273 4292 3463 4368 legunt
3490 4290 3584 4368 sti-

1987 4361 2233 4446 mutaret,
2281 4381 2422 4431 inter
2451 4361 2611 4444 quos"
2628 4385 2760 4446 mss.
2795 4383 2906 4423 sec.
2945 4364 3113 4446 Lugd.
3147 4364 3265 4418 Bat.
3300 4362 3442 4417 Infra
3475 4361 3590 4446 .lib.

1990 4469 2043 4507 νι
2072 4467 2191 4519 cap.
2221 4435 2293 4504 '18
2327 4447 2397 4503 de
2423 4435 2664 4519 Caesare,
2696 4439 2898 4519 Corpus
2941 4442 3054 4510 ejus
3087 4444 3300 4519 raptant
3330 4435 3550 4519 populus
3575 4473 3591 4498 ,

1990 4504 2173 4578 dolere
2201 4517 2574 4578 instimulatus,
2607 4504 2660 4567 in
2690 4504 2810 4584 fore
2837 4504 3508 4584 fragmentistrilmnalium
3531 4519 3594 4584 ac

1989 4573 2353 4655 's'ibééinbmm
2395 4573 2664 4642 cremavit.
2690 4573 2816 4639 'Sed
2837 4573 3095 4655 'et_ve_rbo
3124 4575 3454 4632 instimulare
3483 4573 3592 4630 uti-

1992 4652 2081 4722 tur
2104 4678 2318 4738 quoque
2345 4659 2507 4716 Ovid.
2543 4657 2760 4714 Fastor.
2792 4668 2846 4709 vi
2864 4693 2879 4720 ,
2908 4652 3011 4721 507
3045 4666 3060 4704 :

1845 4877 1858 4903 ε
1909 4836 1966 4898 Ι)
2052 4847 2362 4903 Dissimulata
2385 4844 2529 4895 deam
2551 4840 2718 4892 Latias
2740 4837 2971 4903 Saturnia
2993 4834 3207 4887 Bacchas

2116 4909 2389 4963 lnstimulat
2412 4907 2534 4958 lictis
2557 4904 2786 4974 insidiosa
2807 4901 2962 4952 sonis.

1991 5083 2098 5141 Pro
2126 5081 2351 5138 recentis
2383 5077 2616 5145 infamia?
2637 5119 2652 5146 ,
2689 5087 2821 5130 mss.
2859 5079 2972 5128 tres
3001 5068 3176 5142 Lugd.
3209 5068 3354 5123 Batt.
3390 5062 3601 5120 habent

1993 5153 2333 5228 praecedentis
2361 5151 2619 5228 infamiae:

2067 5204 2400 5292 itte—apto
2419 5204 2568 5276 'duci.
2603 5218 2730 5274 Haec
2759 5223 2843 5272 est
2871 5214 3036 5270 lectio
3057 5211 3184 5292 eod.
3210 5204 3604 5292 Longobgslve

1995 5278 2384 5366 Florfprimi,
2437 5303 2602 5361 atque
2643 5294 2717 5366 ita
2763 5302 2981 5366 quoque
3027 5278 3404 5366 corrigiturin
3450 5278 3601 5366 Flor.

2200 5347 2403 5437 {'ulgaii
2424 5405 2438 5430 ,
2465 5347 2640 5437 ic'apto
2669 5347 2819 5415 duce.
2875 5347 3001 5413 Post
3042 5347 3418 5437 reposuerunt,
3446 5347 3606 5437 addit

1997 5421 2257 5494 seruiiutis
2294 5421 2437 5492 ius:
2461 5421 2710 5490 Perizon.
2736 5473 2752 5498 ,
2805 5439 2863 5487 et
2913 5443 3011 5499 pro
3035 5421 3177 5482 idem
3225 5423 3415 5478 deinde
3455 5421 3606 5474 Meus

1999 5511 2187 5567 scribit
2214 5509 2350 5563 idem
2375 5516 2446 5562 et.

2073 5561 2139 5637 ti:
2152 5561 2337 5652 aliqua
2358 5561 2495 5633 inde.
2523 5575 2626 5631 Ed.
2656 5577 2882 5652 August.
2923 5568 3215 5652 (Ic-deinde:
3240 5562 3415 5652 Quod
3439 5561 3604 5652 paulo

1962 5657 1963 5660 “
2004 5661 2130 5709 ante
2162 5638 2437 5721 praecessit
2467 5665 2526 5702 ac
2565 5638 2952 5721 strenuissimus
2978 5643 3043 5721 in
3094 5638 3606 5721 Edd._t‘\ugust.-‘uet

2003 5705 2358 5848 veneiis'n7on
2378 5705 2583 5788 exstat,
2610 5729 2668 5775 ut
2690 5731 2789 5773 nec
2814 5713 2955 5784 apud
2978 5713 3231 5772 Vincent.
3255 5705 3470 5765 Bellov.
3501 5705 3601 5761 lib.

2003 5812 2079 5848 vi.
2111 5811 2235 5848 can.
2309 5831 2321 5848 .

2003 5812 2079 5856 vi.
2111 5811 2235 5866 cap.
2272 5811 2321 5848 'l.
