4092 6346
235 359 345 418 8⁸29

1245 351 1724 413 HISTORIARUM
1764 350 1969 414 LIBER
2006 351 2095 412 Ill.
2137 351 2293 411 CAP.
2336 350 2502 410 XVII.

3426 353 3535 414 850

238 487 305 529 ea
340 472 382 505 "
404 468 599 527 Darius
637 481 759 526 cum
793 465 1051 526 trecentis
1097 466 1340 524 millibus
1367 467 1606 539 peditum
1637 478 1689 524 et
1711 484 1840 525 cen-
1867 473 1914 531 Α
1947 466 2259 524 Alexander
2302 465 2717 523 Parmenionem
2750 464 2818 521 ad
2857 462 3217 523 invadendam
3257 464 3534 525 PCI‘Slt'llm

232 576 349 623 tum
383 564 621 621 millibus
667 565 914 636 equitum
956 563 1011 619 in
1060 564 1232 619 aciem
1267 561 1532 632 procedit.
1581 561 1829 618 Movebat

233 658 355 715 hzee
386 657 675 713 multitudo
706 655 941 711 hostium
971 656 1132 712 etiam
1161 652 1539 710 Alexandrum
1583 654 1825 710 maxime

232 758 490 822 respectu
536 747 826 821 paucitatis
855 764 999 815 suae,
1032 747 1279 820 quamvis
1321 747 1431 817 jatn
1464 745 1671 817 pridem
1704 762 1828 802 sex-

227 850 385 898 centa
418 842 587 897 millia
618 841 853 896 hosﬁum
882 839 1071 895 eadem
1103 839 1376 910 paucitate
1404 837 1680 910 superatis
1709 853 1816 895 non

224 935 405 991 solum
433 949 539 988 non
564 933 754 989 timere
785 947 1042 1006 pugnam,
1068 930 1162 987 sed
1193 931 1354 986 etiam
1380 930 1662 986 victoriam
1693 943 1820 1001 spe.

226 1040 352 1083 rare
382 1024 679 1082 didicisset.
713 1023 901 1096 Itaque
937 1039 1059 1079 cum
1093 1023 1233 1079 intra
1250 1022 1456 1094 jactum
1481 1021 1572 1077 teli
1595 1030 1823 1093 uterque

225 1118 568 1173 constitisset
598 1117 893 1187 exercitus,
927 1124 982 1172 et
1020 1116 1259 1172 intentos
1289 1115 1333 1148 ’⁸
1353 1114 1421 1171 ad
1444 1115 1657 1185 signum
1692 1113 1817 1171 belli

222 1209 461 1279 populos
505 1206 874 1264 discurrentes
924 1208 1195 1277 principes
1236 1207 1401 1262 variis
1454 1205 1822 1262 incitamentis

220 1313 505 1368 acuerent,
557 1302 869 1374 ingentibus
906 1302 1181 1372 utrimque
1219 1300 1414 1357 animis
1454 1315 1630 1373 pugna
1672 1314 1823 1355 com-

221 1398 485 1456 mittitur.
540 1397 596 1454 ln
646 1413 751 1469 qua
808 1399 968 1454 ambo
1015 1412 1172 1470 rcges
1229 1396 1271 1432 ¹⁹
1313 1405 1370 1453 et
1415 1395 1725 1453 Alexander
1767 1404 1823 1452 et

220 1492 424 1549 Darius
457 1492 859 1549 vulnerantur:
901 1505 966 1548 ac
1012 1501 1120 1546 tam
1170 1490 1263 1547 diu
1303 1501 1578 1547 certamen
1618 1504 1823 1561 anceps

222 1585 343 1651 fuit,
398 1587 446 1620 ’°
498 1584 671 1657 quoad
723 1584 933 1656 fugeret
978 1572 1191 1640 Darius.
1235 1583 1443 1639 Exinde
1473 1583 1650 1639 caedes
1691 1581 1823 1638 Per-

214 1694 402 1735 sarum
433 1678 592 1753 183
616 1687 802 1736 secuta
831 1684 933 1734 est.
961 1676 1040 1733 lbi
1066 1687 1193 1732 tunc
1212 1678 1256 1709 ¹¹
1276 1675 1519 1748 peditum
1548 1676 1821 1745 octoginta

215 1772 413 1838 millia,
439 1773 679 1845 equitum
701 1768 892 1828 decem
921 1770 1087 1825 millia
1115 1782 1279 1836 caesa,
1307 1778 1462 1839 capta
1489 1776 1673 1823 autem
1695 1781 1822 1837 qua-

1931 560 2164 616 elassem
2194 575 2319 616 cum
2349 559 2525 631 copiis
2557 558 2745 623 mittit,
2780 558 2897 630 ipse
2936 557 2990 613 in
3022 558 3235 630 Syriam
3271 561 3524 628 prolicis-

1930 651 2095 721 citur,
2127 651 2201 708 ibi
2236 668 2303 707 ex
2337 651 2525 707 multis
2558 650 2662 708 sibi
2694 648 2741 682 “
2770 650 2991 722 regibus
3019 665 3141 706 cum
3177 648 3359 707 infulis
3390 652 3538 707 ultro

1929 746 2362 812 occurrentibus,
2398 745 2446 778 "
2477 744 2618 801 alios
2644 745 2870 817 adlegit,
2904 744 3039 801 alios
3071 744 3330 818 perdidit,
3355 747 3403 779 "
3424 745 3534 821 Ty-

1928 855 2047 896 rum
2090 840 2282 895 urbem
2316 838 2753 911 antiquissimam
2784 849 2840 896 ct
2870 837 3348 909 ﬂorentissimam,
3386 841 3526 898 ftdttc

1928 931 2011 987 cia
2041 930 2576 1003 Carthaginiensium
2606 930 2711 987 sibi
2747 941 3102 1003 cognatorum
3121 975 3135 998 ,
3163 931 3523 991 obsistentcm

1927 1026 2205 1097 oppressit
2234 1034 2289 1081 et
2310 1026 2475 1096 cepit.
2511 1024 2648 1080 Exin
2670 1022 2938 1093 Ciliciam,
2962 1023 3216 1081 Rhodum
3238 1036 3403 1098 atque
3429 1026 3525 1082 1E-

1926 1127 2151 1191 gyptum
2190 1116 2460 1190 pertinaci
2503 1116 2687 1174 furore
2719 1117 2984 1186 pervadit.
3036 1118 3080 1150 ⁸⁷
3110 1117 3239 1173 Inde
3281 1117 3349 1174 ad
3393 1129 3530 1175 tem-

1926 1212 2073 1282 plum
2095 1210 2247 1268 Jovis
2275 1208 2560 1266 Ammonis
2588 1209 2783 1281 pergit,
2814 1219 2874 1265 ut
2900 1209 3185 1266 mendacio
3204 1211 3250 1243 ’³
3270 1211 3336 1267 ad
3367 1212 3528 1286 184

1926 1311 2139 1375 tempus
2179 1301 2508 1373 composito,
2538 1303 2583 1336 ’³
2616 1302 2966 1373 ignominiam
3004 1301 3105 1359 sibi
3154 1302 3199 1334 ³ο
3239 1303 3411 1374 patris
3443 1307 3524 1360 itt—

1923 1396 2058 1453 certi
2087 1406 2143 1453 et
2187 1394 2469 1451 infamiam
2514 1393 2781 1449 adulteras
2832 1393 3028 1450 matris
3082 1394 3349 1450 aboleret.
3382 1394 3516 1453 Nam

1924 1488 2246 1547 arcessitum
2280 1488 2348 1544 ad
2390 1501 2451 1545 se
2479 1486 2589 1543 fani
2623 1485 2799 1558 ipsius
2828 1486 3164 1556 antistitem,
3207 1502 3272 1544 ex
3303 1490 3521 1546 occulto

1924 1586 2157 1653 monuit,
2205 1583 2335 1658 quid
2381 1583 2483 1639 sibi
2516 1592 2790 1654 tamquam
2836 1581 3147 1637 consulenti
3198 1582 3521 1653 responderi

1922 1677 2079 1747 velit,
2110 1677 2255 1734 sicut
2281 1675 2528 1733 historici
2559 1690 2749 1733 eorum
2787 1672 2997 1731 dicunt.
3046 1674 3122 1730 Ita
3165 1686 3347 1732 certus
3397 1678 3523 1733 Ale-

1922 1771 2133 1827 xander
2170 1769 2298 1837 fuit,
2348 1769 2618 1840 nobisque
2659 1767 2922 1841 prodidit,
2952 1765 3057 1823 diis
3098 1767 3232 1838 ipsis
3272 1771 3438 1825 mutis
3464 1777 3521 1825 et

216 1864 472 1936 draginta
503 1863 673 1919 millia
713 1862 883 1919 fuere.
910 1862 957 1896 ¹²
988 1861 1069 1917 Ex
1098 1860 1480 1918 Macedonibus
1513 1872 1648 1915 vero
1672 1859 1813 1915 0θοί-
1847 1866 1896 1930 Β
1924 1865 2129 1934 surdis,
2160 1863 2244 1921 vel
2277 1867 2331 1921 in
2358 1873 2625 1935 potestate
2651 1877 2775 1920 esse
2801 1861 3063 1918 antistitis
3093 1862 3223 1934 quid
3256 1862 3386 1920 velit
3415 1863 3517 1921 lino

212 1958 345 2014 dere
372 1958 585 2029 pedites
602 1964 822 2013 centum
849 1954 1091 2027 triginta,
1116 1953 1328 2026 equites
1349 1961 1565 2009 centum
1587 1961 1641 2008 et
1658 1951 1817 2024 quin-

212 2050 498 2121 quaginta.
522 2049 581 2105 in
610 2048 806 2105 castris
829 2047 1143 2113 Persarum,
1183 2045 1411 2101 multum
1438 2043 1557 2100 auri
1584 2052 1816 2127 caetera-

212 2159 453 2215 rnmque
480 2158 645 2213 opum
674 2142 720 2175 "
743 2149 1022 2215 repertum
1044 2150 1147 2197 est.
1170 2138 1317 2196 lnter
1340 2139 1582 2211 captivos
1607 2147 1835 2220 castro:

210 2248 356 2303 rum,
410 2245 587 2290 mater
614 2242 673 2291 et
698 2247 838 2289 uxor
881 2230 1183 2303 eademque
1230 2246 1388 2287 soror
1422 2237 1479 2286 et
1523 2229 1651 2285 tilias
1691 2228 1812 2285 dure

211 2327 358 2381 Darii
384 2325 539 2383 fuere
559 2343 572 2381 :
590 2342 818 2399 quarum
837 2325 1265 2396 redemptionem
1287 2322 1476 2379 Darius
1498 2338 1620 2379 cum
1644 2323 1809 2380 etiam

208 2417 395 2473 oblata
427 2419 579 2490 regni
609 2417 836 2475 dimidia
868 2427 1022 2491 parte
1050 2433 1156 2474 non
1188 2417 1611 2488 impetravisset,
1646 2417 1811 2473 tertio

210 2512 428 2568 cunctis
458 2511 749 2569 Persarum
781 2512 991 2568 viribus
1022 2510 1405 2583 sociorumque
1433 2509 1651 2566 auxiliis
1678 2525 1810 2568 con-

207 2607 424 2677 tractis,
453 2606 653 2664 bcllum
685 2608 974 2664 instaurat.
1010 2606 1117 2664 Sed
1141 2605 1268 2663 dum
1301 2605 1420 2662 lucc
1446 2605 1643 2662 Darius
1668 2606 1807 2678 agit,

1920 1972 2050 2030 gere
2076 1976 2090 2013 :
2114 1956 2203 2014 vel
2226 1957 2282 2012 in
2311 1955 2590 2012 voluntate
2610 1954 2949 2011 consulentis
2969 1953 3096 2024 qttid
3124 1955 3277 2011 malit
3301 1956 3515 2014 audire.

1921 2052 2226 2108 Revertens
2247 2050 2314 2107 ab
2340 2049 2609 2107 Ammone
2637 2050 2703 2105 ad
2728 2050 2947 2105 tertium
2978 2049 3256 2106 Persicum
3285 2049 3515 2119 bellum,

1918 2144 1961 2178 ³⁸
1984 2141 2375 2202 Alexandriam
2403 2143 2456 2200 in
2493 2142 2727 2217 Egypto
2752 2138 3021 2199 condidit.

2501 2299 2732 2359 CAPUT
2763 2298 2927 2356 XVll.

1995 2416 2147 2475 Darii
2177 2415 2418 2474 ultimum
2448 2433 2564 2472 cum
2585 2414 2891 2541 ﬁlexqttdro
2924 2413 3189 2486 prwlium,
3220 2413 3432 2487 ejusque

2578 2504 2631 2541 tn
2660 2503 2734 2541 ert
2760 2503 2844 2541 us.

2578 2503 2844 2542 ιηιεηικι.

1985 2607 2002 2640 ⁸
2036 2606 2229 2664 Darius
2268 2621 2418 2689 vero,
2451 2620 2549 2677 spe
2576 2605 2730 2678 pacis
2759 2605 2958 2662 amissa
2979 2646 2996 2675 ,
3027 2602 3423 2677 quadringenta
3454 2611 3511 2659 et

1497 2697 1945 2755 HAVERCAMPI
1983 2695 2215 2755 NOTE.

271 2792 370 2851 17.
399 2790 593 2848 Darius
612 2808 737 2868 cum
750 2805 911 2868 eccs.
932 2790 1195 2868 Arrianus
1219 2808 1233 2846 :
1254 2792 1473 2868 Ὲλὲγτςο
1494 2793 1526 2851 ἡ
1546 2795 1693 2868 πᾶσᾳ
1716 2792 1804 2858 ξὺν

203 2867 659 2944 ῳρείῳ-στρξτίᾳ
676 2866 899 2944 μάλιστα
923 2866 972 2927 ἐς
993 2863 1504 2944 ἑξήκοντα-μυρὶἀδας
1532 2865 1805 2937 μαχίμους

204 2934 355 2997 me...
375 2934 472 2991 ὀΙη
507 2934 656 2990 'Darii
676 2934 923 3007 exercitu
958 2952 1135 2989 eorum
1159 2934 1257 3005 qui
1278 2934 1507 3007 pugnam
1532 2934 1805 3007 capessere

204 3018 414 3079 possent
440 3009 509 3063 ad
537 3022 600 3063 Dc
630 3006 800 3061 millia
825 3023 933 3079 esse
958 3007 1282 3079 dicebantur.
1314 3006 1483 3062 FABR.

271 3080 372 3135 18.
416 3081 498 3134 Ad
535 3079 760 3150 signum.
798 3073 931 3133 Edd.
967 3093 1051 3149 pr.
1085 3086 1140 3134 et
1176 3077 1398 3135 Veneta:
1439 3091 1561 3134 cum
1592 3074 1796 3145 Paris,

201 3152 251 3206 in
276 3154 512 3222 signant.

1910 2788 1987 2847 Ita
2032 2804 2183 2848 recte
2225 2800 2335 2847 tres
2377 2789 2684 2849 Florentini
2721 2799 2775 2847 et
2812 2789 3008 2862 reliqui
3051 2792 3295 2848 melioris
3340 2792 3507 2850 notae.

1910 2862 2331 2946 Malealiihcum
2360 2863 2487 2919 edd.
2529 2862 2852 2936 quibusdam
2899 2863 3154 2937 alligavit,
3196 2864 3281 2922 vel
3311 2865 3499 2938 elegit,

1907 2935 2306 3090 Υῗέἓῳῆΐυηι
2325 3005 2499 3062 urbem
2524 3004 2952 3090 antiquissimam.
2990 3004 3170 3090 :l'yrus
3190 3002 3500 3090 Olympiade

1907 3076 2011 3150 112
2038 3076 2268 3150 septimo
2298 3093 2495 3150 mense
2512 3076 2673 3150 quam
2705 3078 3004 3150 Oppugnari
3031 3083 3376 3150 cceptaerat,
3415 3079 3484 3135 ab

1904 3147 2211 3204 Alexandro
2240 3158 2394 3215 capta
2425 3146 2548 3216 fuit;
2581 3155 2641 3204 ut
2663 3146 3180 3220 eopiosepiodorus
3212 3147 3305 3205 lib.
3351 3165 3487 3220 xvtt,

273 3216 369 3279 19.
433 3221 510 3300 _E_t
574 3219 869 3300 Alexander
933 3231 1009 3300 et_
1041 3216 1234 3275 Darius
1295 3219 1655 3300 uulnerantur.
1719 3218 1797 3276 De
1824 3234 1870 3300 ο
1904 3221 2213 3300 Arriana",
2236 3220 2461 3300 Curtius
2491 3235 2567 3300 t_v,
2599 3216 2861 3300 scribunt.
2898 3217 3062 3300 FABR:

200 3292 504 3349 Alexandri
542 3294 786 3356 vulnere,
829 3307 937 3363 quo
977 3291 1249 3363 dextrum
1279 3291 1397 3361 ejus
1426 3290 1623 3363 femur
1667 3305 1797 3361 per-

207 3367 469 3421 strictum
513 3371 631 3430 est,
665 3361 933 3418 Diodorus
954 3404 969 3427 ,
1021 3362 1374 3419 Plutarchus.
1408 3361 1674 3417 Arrianus
1701 3408 1713 3430 ,
1745 3369 1801 3419 et

201 3437 451 3492 Curtius.
499 3435 579 3490 De
621 3433 786 3488 Dario
821 3435 874 3489 in
927 3433 1248 3504 hocpratlio
1277 3433 1559 3490 vulnerato
1596 3444 1799 3504 pneter

197 3506 477 3563 Iustinum
507 3522 669 3561 nemo
694 3506 1007 3576 quidquam.
1042 3503 1212 3560 FABR.
1272 3540 1289 3576 η

268 3579 370 3634 20.
410 3578 595 3646 Quoad
626 3575 843 3646 fugeret.
876 3575 952 3633 lla
997 3588 1107 3632 tres
1145 3575 1305 3633 codd.
1339 3575 1642 3632 Florentini
1672 3589 1796 3631 cum

201 3648 588 3720 Perizouiane.
615 3647 807 3718 Vulgo,
833 3647 1187 3720 quoadusque.

263 3721 370 3776 2|.
413 3719 657 3774 Peditum
701 3717 853 3774 Lxxx‘
891 3719 1060 3774 millia
1082 3717 1333 3789 equitum
1379 3717 1552 3774 decem
1603 3719 1795 3775 millia.

196 3789 483 3847 Caesarum
519 3791 756 3860 equitum
801 3790 1091 3846 Persarum
1139 3804 1398 3845 numerus
1440 3791 1585 3845 idem
1620 3800 1703 3845 est
1744 3794 1796 3847 in

196 3862 447 3929 Diodori,
503 3862 700 3926 Curtii,
746 3861 967 3934 Justini,
1012 3871 1066 3917 et
1100 3860 1282 3934 Orosii
1320 3861 1507 3934 libris.
1555 3862 1797 3929 peditum

195 3949 328 3990 vero
364 3935 609 3990 Justinus
654 3948 820 3987 unum
856 3932 923 3989 et
963 3948 1027 3988 1.x
1061 3932 1254 3995 millia,
1304 3932 1530 3987 Curtius
1577 3941 1797 3992 centum

195 4008 397 4072 millia,
452 4005 673 4059 Diodor.
717 4004 949 4072 amplius
989 4020 1092 4060 cxx
1134 4003 1303 4057 millia
1339 4018 1476 4058 caesa
1523 4004 1795 4061 scribunt.

196 4076 412 4153 Plutar.
444 4076 518 4130 ait
548 4074 912 4153 Alexandrum
940 4075 1304 4142 prostravisse
1325 4075 1457 4153 ὑπὲρ
1490 4073 1667 4132 ἕνδεκα
1694 4098 1798 4150 μυ-

193 4150 387 4225 ριὸετρις
413 4155 517 4225 ἰῶν
530 4147 821 4225 πολεμίων.-
839 4146 1004 4203 FABR.

259 4220 361 4274 22.
405 4217 490 4273 Ex
520 4217 897 4289 Macedonibus
923 4235 1040 4273 vero
1077 4218 1307 4276 cecidere
1337 4218 1533 4289 pedites
1565 4220 1685 4277 130.
1721 4218 1798 4276 lta

191 4290 469 4354 Jusﬁnus,
497 4290 714 4354 quicum
749 4288 875 4344 facit
903 4289 1175 4346 Diodortts
1201 4292 1279 4346 sic
1301 4288 1546 4347 seribcns
1577 4298 1711 4348 ετῶν
1742 4290 1797 4349 δὲ

192 4360 494 4440 Maadviku
527 4361 1043 4440 itshb‘rna'amrretoi
1066 4366 1171 4440 Αμέν
1196 4365 1267 4425 εἰς
1307 4363 1633 4440 ῖριαξοσίσρυς
1653 4405 1665 4426 ,
1712 4363 1798 4440 ilco

191 4441 308 4495 πιῖς
343 4432 410 4509 δὲ⁸
430 4436 555 4509 περὶ
583 4432 759 4509 iuet-rev
798 4435 886 4488 καὶ
923 4432 1248 4509 πεντήᾶςοντα.
1277 4432 1365 4509 ΔΑἸ
1413 4432 1635 4509 Curtius
1668 4451 1681 4488 :
1716 4434 1798 4509 Ea:

190 4516 345 4578 parte
375 4503 660 4578 Alexandri
688 4513 911 4578 quatuor
939 4506 1287 4578 etquingenti
1308 4504 1476 4578 saucii
1507 4506 1669 4572 fuere,
1698 4505 1793 4560 tri-

191 4575 342 4643 ginta
370 4576 581 4631 omnino
612 4582 658 4650 et
680 4575 783 4629 duo
805 4590 866 4650 ea
885 4575 1452 4650 peditibus'desiderati
1479 4586 1619 4647 sunt,
1643 4578 1790 4650 equi-

189 4656 301 4719 tum
329 4655 540 4719 cen_tum
559 4645 936 4719 quinquaginja
956 4646 1231 4717 interfecti.
1260 4647 1299 4719 F
1304 4663 1424 4703 ABR.

258 4717 361 4774 23.
402 4716 815 4792 Βερενίκη-ξεί.
860 4717 936 4773 Ex
983 4732 1116 4774 mss.
1167 4718 1429 4776 meliores
1477 4724 1533 4773 ct
1582 4718 1781 4792 reliqui

186 4786 307 4844 fere
339 4786 533 4843 omnes
560 4798 632 4844 est
663 4787 868 4843 delent.

250 4859 357 4915 Ἃ.
404 4858 625 4932 Regibus
646 4875 779 4932 cum
806 4857 1017 4927 infulis,
1043 4868 1149 4916 etc.
1192 4858 1359 4932 Editi,
1390 4858 1602 4932 insulis.
1637 4861 1784 4932 quod

186 4928 362 5003 for_te,
378 4938 456 5003 ut
482 4928 636 5003 apud,
653 4929 900 4987 nobiliss.
918 4941 977 4989 et
994 4933 1252 4989 ornatiss.
1270 4930 1532 5003 juvenem
1561 4928 1783 4989 Petrum

184 5015 215 5054 a
258 5000 464 5074 Broich
512 5000 963 5072 Agrippinensem
1016 5003 1119 5074 legi
1162 5000 1507 5074 :ecquibus,
1564 5003 1783 5074 inquit,

185 5072 411 5129 tandem
443 5088 566 5129 cum
593 5073 786 5129 insulis
812 5072 1205 5130 occurrebant?
1228 5074 1336 5130 Aut
1363 5073 1588 5140 infulas,
1621 5072 1677 5129 et
1698 5090 1791 5131 re-

183 5157 318 5216 gum
340 5142 554 5214 insigne
578 5144 787 5216 putavit
801 5143 1026 5201 Orosius
1039 5145 1064 5200 i
1079 5145 1307 5202 ridendo
1333 5146 1509 5216 pcrsci
1521 5154 1591 5201 te.
1608 5145 1779 5202 Laur.

184 5213 443 5287 +Qttasi
460 5213 725 5287 nonapud
750 5213 1044 5278 Iustinum.
1064 5231 1127 5272 ex
1148 5231 1256 5287 quo
1280 5213 1396 5271 haec
1419 5216 1609 5272 hausta
1632 5228 1783 5285 sunt,

183 5285 592 5361 scriba_t_ur_li_b.
620 5302 695 5351 rx.
727 5302 848 5361 cap.
884 5288 974 5361 10,
1011 5285 1230 5361 Tunc—ia
1255 5287 1472 5361 Syriam
1495 5289 1781 5361 proﬁcisci-

184 5363 297 5431 tur,
322 5357 410 5412 ubi
432 5357 603 5414 obuios
623 5374 737 5431 cum
758 5358 938 5431 infulis
956 5357 1146 5414 multos
1170 5357 1396 5413 Orientis
1415 5357 1557 5431 reges
1579 5360 1778 5417 habuit.

184 5426 291 5483 Hie
336 5442 558 5504 qt_toq_ue_
587 5429 729 5504 apud
759 5426 1009 5504 Qrosium
1044 5432 1095 5485 in
1118 5446 1284 5504 mss.
1321 5426 1525 5504 legitur,
1557 5431 1773 5504 infulis,

182 5505 358 5568 atque
383 5500 435 5554 in
467 5500 695 5555 Fabricii
728 5499 852 5557 edd.
879 5500 1034 5557 Unde
1058 5503 1244 5569 miror,
1277 5502 1326 5556 in
1359 5499 1526 5557 Scotti
1554 5499 1642 5559 cd'.
1668 5504 1778 5558 Mo—

183 5580 344 5642 gunt.
375 5570 557 5639 infulis
584 5571 636 5625 in
668 5570 934 5642 margine,
963 5572 1149 5628 insulis
1180 5573 1230 5627 itt
1263 5580 1409 5627 textu
1445 5572 1589 5641 potti.

256 5641 892 5715 25._Alios_adlegit.’8ic
919 5652 1005 5701 est
1039 5644 1100 5715 in
1135 5644 1339 5715 nostris,
1362 5645 1767 5715 manuscriptis,

182 5725 302 5788 non
323 5711 509 5788 _elegit.
541 5711 784 5788 Justinus
811 5714 971 5788 dixit,
994 5713 1127 5788 alios
1150 5715 1204 5788 in
1234 5714 1532 5770 societatem
1559 5711 1767 5788 recipit.

180 5781 446 5857 Praefecit
471 5800 601 5841 vero
627 5784 797 5857 Syria:
821 5781 1131 5857 Alexander
1157 5784 1592 5852 Parmenionem,
1629 5781 1767 5842 Cur.

180 5854 299 5912 tius
331 5854 468 5913 libro
497 5854 711 5929 quarto,
746 5857 1004 5916 Arrianus
1034 5856 1126 5916 lib.
1156 5873 1213 5915 ιι.
1258 5857 1424 5918 FABB.
1450 5888 1519 5899 —-
1540 5858 1764 5929 Adlegit.

1973 3292 2065 3347 27.
2110 3289 2242 3348 Inde
2268 3290 2338 3345 ad
2362 3293 2613 3360 templum
2638 3291 2781 3347 Jovis
2811 3290 3100 3347 Ammonis.
3131 3292 3211 3350 De
3231 3291 3336 3350 hoc
3360 3301 3499 3349 tem-

1904 3361 2024 3433 plo,
2075 3372 2126 3416 et
2187 3362 2519 3433 proiectione
2567 3362 2863 3418 Alexandri
2902 3361 2970 3433 ad
3009 3366 3334 3420 Ammonem
3391 3373 3498 3419 tam

1903 3431 2071 3489 multa
2092 3431 2345 3507 Diodor.,
2362 3433 2591 3507 Plutar.,
2609 3435 2672 3489 At
2688 3434 2864 3507 ianus,
2887 3431 3213 3507 Curtius,et
3231 3436 3499 3507 Justinus,

1904 3506 2234 3577 tttiputidum
2265 3507 2335 3560 sit
2361 3506 2500 3560 velle
2531 3505 2733 3577 aliquid
2762 3504 3079 3577 admonere.
3115 3506 3284 3563 Fusa.

1971 3576 2065 3632 28.
2108 3575 2189 3651 Ad
2221 3586 2421 3649 tempus
2443 3575 2745 3651 cotttpOSito.
2774 3576 2946 3651 Lugd.
2977 3578 3117 3633 Batt.
3149 3594 3230 3649 pr.
3258 3589 3311 3635 ct
3341 3586 3497 3648 tcrt.,

1901 3648 1969 3701 (ιιι
1990 3648 2235 3721 templum
2259 3648 2565 3721 composito.

1970 3721 2063 3791 29.
2093 3714 2476 3791 immundum.
2522 3719 2621 3791 liti.
2642 3718 2809 3791 Aug.,
2829 3718 3197 3791 ignorantiam.
3484 3758 3491 3763 ι

1972 3790 2062 3845 5η.
2109 3788 2282 3844 Patris
2325 3790 2528 3845 incesti.
2568 3790 2661 3846 Sic
2710 3788 2921 3857 scripti.
2962 3791 3067 3847 Sed
3108 3799 3167 3846 ut
3198 3791 3497 3847 tolleretur

1901 3860 2047 3929 quod
2080 3860 2352 3930 vulgatum
2387 3863 2515 3915 olim
2549 3870 2656 3927 est,
2697 3861 2900 3930 incerti,
2944 3863 3064 3932 quis
3094 3877 3201 3917 non
3234 3860 3338 3918 hoc
3363 3879 3496 3919 euu—

1901 3936 2091 3988 veuire
2122 3933 2318 3988 melius
2347 3933 2600 3987 adulterae
2636 3932 2792 3986 matri
2830 3932 3049 3987 dixerit.
3081 3932 3341 3989 Latt'r.—
3361 3933 3492 3990 Mss.

1902 4004 2160 4059 meliores
2186 4015 2239 4059 et
2276 4005 2458 4073 plures
2489 4004 2673 4058 incerti
2706 4003 2907 4059 habent
2934 4018 3040 4058 non
3071 4004 3270 4059 incesti.
3302 4004 3489 4074 Neque

1902 4075 2063 4130 video
2088 4075 2362 4148 quomodo
2393 4075 2585 4148 melius
2610 4074 2862 4148 adultera:
2883 4074 3039 4148 matri
3059 4075 3370 4148 conveniat.
3406 4077 3491 4148 An
3591 4144 3595 4148 _

1901 4161 2007 4202 non
2042 4156 2250 4216 poterat
2288 4146 2532 4201 adultera
2579 4162 2702 4204 esse
2739 4146 2855 4202 sine
2891 4146 3133 4201 incesto?
3170 4145 3495 4204 Necessario

1900 4230 2078 4344 iqtent
2110 4226 2261 4343 piatcr
2281 4228 2398 4273 erat
2429 4217 2692 4284 incertus,
2722 4217 2766 4273 si
2791 4232 2860 4273 ex
2889 4216 3159 4273 adulterio
3188 4228 3491 4289 conceptus

1972 4304 2109 4344 exan
2153 4304 2233 4344 er.

1972 4304 2233 4346 cxanoer.

1973 4359 2477 4433 3i._Alexandriam
2507 4361 2560 4416 in
2584 4359 2828 4433 {Egypto
2863 4358 3115 4433 condidit.
3156 4359 3220 4417 C.
3261 4361 3494 4420 Poetelio

1901 4443 1955 4487 et
1981 4432 2043 4488 L.
2076 4431 2295 4503 Papirio
2315 4448 2458 4488 anno
2486 4433 2552 4490 ab
2581 4431 2727 4492 Urbe
2755 4431 2978 4503 condita
3006 4446 3222 4503 cnxxvtt
3253 4434 3495 4489 Alexan-

1900 4504 2074 4576 driam
2091 4500 2887 4576 inEgyptoconditamscribit
2912 4500 3258 4576 Liviuslibro
3278 4514 3492 4570 octavo,

1895 4575 2123 4701 i.Solinus
2167 4573 2638 4633 et'Cassiodorus.
2692 4575 2770 4633 De
2822 4575 2996 4631 altero
3043 4574 3183 4631 infra
3231 4589 3355 4647 cap.
3400 4576 3490 4632 18.

1939 4663 2061 4701 ABR.

1939 4663 2061 4703 ABR.

1961 4717 2094 4774 Car.
2119 4715 2368 4774 XVll.—
2384 4717 2435 4773 1.
2466 4715 2657 4774 Darius
2686 4732 2821 4782 vero,
2845 4732 2936 4787 spe
2957 4717 3315 4789 pacisAamissa
3337 4732 3491 4774 cccrv

1888 4789 2059 4844 millia
2102 4791 2353 4858 peditum.
2398 4789 2618 4846 Rectius
2660 4803 2791 4858 ergo
2830 4789 2883 4845 in
2936 4787 3057 4844 tneo
3094 4787 3310 4845 Iustino
3357 4802 3486 4847 est:

1889 4860 2029 4933 Tum
2061 4877 2154 4933 spe
2185 4862 2332 4932 pacis
2364 4861 2579 4933 amissa,
2624 4859 2816 4933 bellum
2861 4858 3059 4916 Darius
3095 4871 3346 4933 reparat:
3373 4877 3493 4933 cum

1887 4931 2280 5005 quadringentis
2311 4932 2536 5005 millibus
2569 4932 2831 5005 peditum,
2866 4940 3003 5005 etc”
3027 4931 3189 5000 quam
3226 4941 3283 4987 ut
3306 4931 3489 5005 [vulgo

1887 5001 2257 5074 legiturfcum
2284 5020 2352 5061 ιι.
2375 5001 2602 5058 millibus
2623 5003 2872 5074 peditum.
2898 5001 2994 5058 Est
3019 5011 3196 5074 tamen
3229 5001 3488 5059 nonnulla

1892 5073 2133 5131 varietas
2176 5075 2318 5130 inter
2351 5088 2469 5139 eos,
2516 5073 2942 5139 qui'exercitum
2983 5073 3140 5129 Darii
3172 5083 3487 5130 recensent.

1890 5145 2171 5202 Plutarch.
2212 5146 2269 5203 in
2313 5144 2622 5201 Alexandro
2669 5144 2882 5212 scribit,
2920 5145 3141 5201 Darium
3172 5144 3486 5201 Alexandro

1886 5218 2099 5296 obviam
2127 5218 2460 5296 processisse
2490 5217 2662 5296 ἔγῖοςςᾷν
2707 5218 2951 5296 μυριᾲσιν
2988 5215 3330 5296 στρατοΰε.ἰ(1
3361 5224 3480 5281 est,

1886 5305 2006 5343 cum
2026 5289 2193 5343 decies
2222 5288 2447 5344 centenis
2476 5286 2716 5344 millibus
2739 5286 3027 5358 cupiarum,
3053 5286 3116 5343 'tn
3158 5286 3353 5358 quibus
3376 5329 3390 5355 ,
3424 5297 3485 5341 ut

1886 5360 2155 5416 fliodorus
2182 5369 2454 5425 numerat,
2481 5358 2723 5430 peditum
2765 5375 2895 5416 nccc
2925 5357 3395 5430 millia,_equitum_
3414 5372 3479 5414 cc

1886 5432 2053 5488 millia
2077 5433 2317 5487 luerunt.
2342 5427 2605 5487 Arrianus
2649 5431 2743 5487 lib.
2786 5447 2844 5487 tu
2887 5429 3077 5487 scribit
3121 5427 3345 5484 Darium
3385 5427 3483 5483 ha-

1882 5502 2067 5559 buisse
2098 5504 2339 5573 equitum
2371 5503 2438 5558 ad
2465 5519 2531 5559 xt.
2561 5502 2747 5569 millia,
2785 5502 3019 5572 peditum
3068 5515 3397 5573 ccccmaaa.
3422 5498 3478 5556 In

1881 5573 2050 5630 Curtii
2074 5572 2225 5630 libris
2248 5574 2316 5629 ita
2344 5575 2554 5642 legitur:
2581 5573 2799 5631 Summa
2824 5576 2979 5629 totius
3000 5574 3255 5627 exercitus
3279 5572 3476 5642 equites

1883 5660 1984 5700 xu
2030 5646 2221 5712 millia,
2252 5641 2504 5718 pedestris
2530 5647 2665 5699 acies
2695 5646 2911 5718 ducenta
2957 5644 3124 5718 millia
3161 5641 3474 5718 expleuerat,

1879 5718 1977 5773 sed
2011 5733 2221 5784 vereor,
2252 5715 2321 5774 ne
2358 5716 2445 5772 hic
2470 5717 2694 5772 ducenta
2723 5716 2893 5773 millia
2922 5715 3184 5775 mendose
3228 5715 3319 5785 sit,
3350 5728 3470 5787 pro,

1880 5788 2049 5847 decies
2084 5799 2294 5847 centena
2322 5788 2509 5847 millia.
2540 5788 2708 5853 Εᾼβιλ.
