4046 6344
584 324 688 384 851

1955 321 2186 382 PAULI]
2222 323 2451 385 OROSII

3767 328 3874 388 852

577 449 808 516 quatuor
825 439 990 498 millia
1010 438 1574 512 peditum,etcentum
1590 437 1742 496 mille
1759 439 2001 513 equitum
2015 442 2171 499 Alex-
2195 447 2247 508 Α
2275 444 2508 501 ricordia
2548 445 2592 477 ιο
2635 445 2826 502 referri
2868 445 2922 502 in
2964 445 3211 518 sepulcra
3243 447 3508 520 majorum
3538 446 3874 522 sepelit-ique

581 537 780 602 andro,
821 535 892 590 ab
929 533 1165 608 :Egypto
1202 534 1522 603 revertenti,
1547 536 1567 566 ’
1591 534 1732 606 apud
1769 535 1998 592 Tarsum
2031 537 2175 594 bello

582 629 833 701 opponit.
847 629 957 684 Nec
971 642 1166 699 pugnae
1183 640 1353 693 mora,
1367 641 1560 684 omnes
1575 641 1716 682 circa
1735 629 1883 684 rabie
1897 629 1950 684 in
1970 629 2173 687 ferrum

586 725 743 796 185
775 730 961 778 ruunt.
991 719 1342 787 Macedones,
1371 719 1533 776 toties
1561 735 1592 775 a
1621 734 1681 776 se
1711 720 1869 777 victis
1900 722 2173 794 hostibus,

579 817 808 872 animosi
835 834 847 871 :
873 817 1054 872 Persa:
1075 815 1179 869 nisi
1203 813 1442 883 vincant,
1463 815 1600 870 mori
1626 824 2007 886 praeoptantes.
2030 815 2176 874 Raro

579 910 636 966 in
662 911 770 966 ullo
806 909 996 980 prtelio
1024 917 1231 964 tantum
1263 907 1538 978 sanguinis
1583 909 1760 964 lusum
1793 919 1896 966 est.
1927 911 2032 968 Sed
2066 912 2173 967 Da-

580 1006 693 1058 rius
723 1018 846 1058 cum
886 1003 1030 1058 vinci
1072 1016 1201 1057 suos
1241 1001 1471 1065 videret,
1501 1002 1640 1057 mori
1670 1002 1722 1057 in
1752 1002 1900 1058 bello
1928 1013 2170 1073 paratus,

578 1110 839 1168 persuasu
881 1108 1126 1161 suorum,
1159 1095 1344 1166 fugere
1375 1096 1689 1166 compulsus
1713 1105 1817 1152 est.
1844 1096 1957 1151 Hoc
1983 1097 2174 1167 prtelio

579 1189 724 1245 Asia:
752 1189 896 1246 vires
922 1198 979 1244 et
1000 1204 1166 1260 regna
1198 1188 1219 1220 ³
1249 1189 1589 1255 ceciderunt,
1617 1198 1869 1262 totusque
1892 1190 2088 1246 Oriens
2119 1193 2172 1248 in

577 1290 902 1355 potestatem
939 1281 1272 1338 Macedonici
1315 1283 1485 1338 cessit
1525 1283 1761 1354 imperii,
1795 1295 1958 1356 atque
1985 1286 2056 1340 ita
2087 1295 2174 1341 at-

582 1376 706 1430 trita
733 1383 820 1431 est
841 1375 894 1430 in
919 1375 1024 1430 hoc
1045 1373 1191 1430 bello
1215 1374 1500 1430 Persarum
1524 1375 1706 1430 omnis
1729 1375 1946 1443 ﬁducia,
1974 1388 2033 1433 ut
2055 1389 2176 1450 post

581 1469 687 1526 hoc
721 1470 902 1526 nullus
940 1469 1214 1526 rebellare
1243 1483 1409 1524 ausus
1438 1469 1531 1536 sit,
1564 1468 1944 1540 patienterque
1966 1471 2172 1540 Persae,

582 1572 698 1634 post
729 1563 1016 1634 imperium
1046 1571 1126 1618 tot
1147 1577 1439 1628 annorum,
1463 1561 1652 1633 jugum
1674 1560 1949 1618 servitutis
1970 1562 1992 1594 ⁸
2012 1577 2171 1619 accc.

580 1656 778 1726 perint.
804 1653 1115 1712 Alexander
1137 1655 1157 1686 ⁵
1177 1654 1392 1724 triginta
1421 1664 1658 1724 quatuor
1684 1654 1958 1710 continuis
1985 1654 2174 1712 diebus

579 1758 882 1802 castrorum
913 1747 1155 1818 praedam
1197 1745 1543 1817 percensuit;
1575 1745 1596 1778 °
1623 1745 1979 1816 Persepolim,
2011 1756 2177 1818 caput

2274 539 2533 611 praecepit
2570 557 2584 594 :
2613 540 2768 610 cujus
2797 555 2906 596 non
2933 540 3108 596 dicam
3137 547 3367 598 matrem
3395 543 3477 598 vel
3502 558 3756 610 uxorem,
3780 543 3876 599 sed

2275 635 2436 689 etiam
2467 635 2722 704 parvulas
2755 634 2895 691 filias
2922 635 3127 691 crudeli
3155 637 3470 705 captivitate
3499 637 3543 668 ¹¹
3578 636 3875 692 retinebat.

2276 727 2334 783 In
2376 736 2522 782 tanta
2565 727 2832 783 malorum
2863 727 3229 796 multitudine,
3262 727 3586 784 difficillima
3616 727 3780 798 dictis
3810 729 3875 783 li-

2275 820 2392 891 des,
2420 821 2597 877 tribus
2622 821 2826 891 pra-liis
2849 821 3182 892 totidemque
3203 821 3669 893 annisqninquies
3692 822 3876 878 decies

2274 925 2506 972 centena
2537 915 2702 970 millia
2729 915 2966 987 peditum
2989 915 3340 987 equitumquae
3360 924 3682 986 consumpta
3705 925 3832 970 sunt
3859 933 3873 968 :

2274 1016 2332 1063 et
2356 1007 2471 1062 lucc
2491 1007 2712 1078 quidem
2736 1021 2802 1064 ex
2825 1022 2892 1063 eo
2914 1022 3082 1077 regno
3106 1007 3316 1078 illisque
3335 1007 3573 1079 populis,
3599 1006 3744 1063 unde
3763 1007 3874 1077 jam

2279 1101 2321 1131 “
2350 1108 2475 1156 ante
2496 1114 2668 1154 annos
2696 1115 2803 1154 non
2830 1098 3000 1155 multo
3023 1099 3206 1170 plures
3228 1099 3412 1156 decies
3433 1099 3622 1154 novies
3643 1107 3874 1155 centena

2277 1192 2443 1247 millia
2487 1192 2787 1263 proﬂigata
2815 1192 3125 1248 referuntur
3165 1208 3178 1245 :
3219 1207 3544 1263 quamquam
3581 1200 3741 1246 extra
3781 1191 3878 1246 has

2275 1287 2458 1344 clades
2486 1302 2584 1358 per
2616 1286 2838 1342 eosdem
2869 1294 2980 1342 tres
3018 1300 3190 1340 annos
3217 1294 3271 1340 et
3297 1284 3444 1342 Asia:
3468 1284 3730 1341 civitates
3760 1285 3882 1355 plu-

2276 1381 2428 1437 rima:
2456 1395 2730 1452 oppressa
2755 1381 2885 1448 sint,
2915 1390 2970 1438 et
2995 1380 3150 1453 Syria
3180 1388 3290 1434 tota
3320 1387 3548 1446 vastata,
3579 1378 3762 1450 Tyrus
3787 1394 3882 1434 ex-

2275 1473 2409 1539 cisa,
2437 1472 2626 1528 Cilicia
2656 1472 2954 1540 exinanita,
2976 1470 3318 1542 Cappadocia
3338 1471 3582 1535 subacta,
3607 1470 3882 1543 Aﬁgyptus

2279 1565 2323 1598 ¹⁸
2352 1563 2567 1621 addicta
2598 1564 2670 1619 sit
2695 1582 2709 1619 :
2738 1564 2965 1620 Rhodus
2996 1579 3213 1636 quoque
3239 1562 3414 1618 insula
3440 1561 3581 1618 ultro
3606 1562 3676 1617 ad
3700 1562 3879 1620 servi-

2278 1667 2447 1713 tutem
2489 1656 2804 1714 tremefacta
2843 1657 3203 1723 successerit,
3234 1655 3586 1727 plurimaeque
3612 1655 3879 1725 subjecta:

2274 1751 2456 1808 Tauro
2495 1751 2806 1823 provincia},
2838 1760 3002 1822 atque
3042 1752 3159 1822 ipse
3198 1766 3355 1807 mons
3380 1749 3616 1815 Taurus,
3650 1750 3746 1807 diu
3777 1750 3877 1809 de-

580 1839 782 1895 Pcrsici
831 1837 1017 1909 regni,
1064 1839 1086 1870 "
1127 1837 1316 1893 urbem
1363 1836 1778 1894 famosissimam
1829 1836 2169 1893 confertissi—
2201 1839 2251 1902 B
2280 1853 2562 1902 [rectarum
2589 1843 2781 1918 jugum
2812 1844 3052 1902 domitus
3077 1853 3134 1901 et
3161 1844 3338 1901 victus
3361 1842 3654 1915 acceperit.

581 1945 833 2002 mamque
859 1931 1056 2002 Opibus
1080 1930 1244 1986 totius
1269 1929 1438 1998 orbis,
1474 1930 1692 1986 invasit.
1724 1931 1747 1963 ⁸
1774 1929 1991 1985 Darium
2019 1944 2175 1997 vero,

578 2038 699 2079 cum
737 2038 767 2078 a
809 2023 1128 2094 propinquis
1167 2022 1280 2078 suis
1321 2023 1564 2077 vinctum
1609 2021 1965 2093 compedibus
1990 2023 2177 2078 aureis

580 2115 752 2172 teneri
794 2117 1194 2186 comperisset,
1236 2116 1490 2187 persequi
1535 2116 1746 2172 statuit.
1793 2115 1982 2187 Itaque
2024 2116 2177 2185 jusso

576 2211 597 2241 ’³
631 2216 693 2262 ut
727 2207 1154 2278 subsequeretur
1198 2208 1471 2274 exercitu,
1501 2206 1622 2277 ipse
1649 2222 1772 2263 cum
1804 2222 1904 2263 sex
1935 2207 2178 2263 millibus

580 2300 819 2371 equitum
849 2300 1129 2372 prolectus
1157 2300 1367 2356 invenit
1393 2301 1444 2355 in
1473 2298 1671 2357 itinere
1696 2301 1872 2357 solum
1899 2302 2174 2370 relictum,

581 2392 766 2449 multis
803 2393 1116 2450 confossum
1155 2393 1503 2464 vulneribus,
1544 2405 1602 2452 et
1637 2403 1880 2452 extrema
1915 2395 2041 2452 vita:
2077 2411 2176 2467 per

582 2483 809 2542 vulnera
840 2484 1138 2543 efﬂantem.
1171 2487 1330 2560 186
1359 2486 1514 2543 Hunc
1535 2495 1812 2544 mortuum
1837 2487 1983 2544 inani
2007 2489 2174 2546 mise-

2847 1995 3075 2055 CAPUT
3112 1994 3304 2053 XVIII.

2278 2110 2371 2186 De,
2379 2113 2533 2186 bellis
2560 2113 2742 2186 Agidis
2770 2115 2906 2185 regis
2940 2114 3348 2185 Spartanorum,
3380 2113 3670 2186 Alegandri
3703 2113 3881 2186 Epiri,

2351 2184 2924 2258 lepyrionisrprwfecti
2951 2184 3062 2242 :de
3091 2187 3301 2258 populis
3328 2196 3441 2256 post
3470 2184 3624 2240 Darii
3659 2184 3881 2258 mortem

2353 2257 2416 2310 ab
2445 2257 2744 2312 Alexandro
2777 2257 3008 2312 subactis
3026 2299 3042 2324 ,
3073 2257 3284 2328 ejusque
3313 2258 3367 2311 in
3393 2272 3516 2312 suos
3545 2257 3880 2314 crudelitate.

2353 2397 2368 2429 ¹
2396 2396 2465 2452 Ει
2492 2411 2561 2452 ne
2589 2395 2728 2452 forte
2754 2409 2898 2451 nunc
2916 2394 3199 2468 quisquam
3211 2393 3486 2466 opinetur,
3501 2393 3584 2449 vel
3597 2393 3880 2450 Orientem

2277 2489 2451 2544 solum
2463 2488 2759 2545 Alexandri
2773 2487 2979 2544 viribus
2991 2486 3295 2555 subactum,
3310 2485 3396 2542 vel
3410 2485 3620 2542 Italiam
3638 2494 3880 2542 tantum-

1858 2645 2311 2704 HAVERCAMPI
2349 2645 2581 2704 NOTAE.

650 2781 709 2837 Ω.
735 2780 906 2856 Δᾼριιίί
947 2779 1168 2856 Tarsum
1212 2782 1345 2839 bello
1391 2783 1626 2856 apponit.
1668 2783 1784 2840 Non
1825 2792 1954 2855 putu
1997 2783 2164 2838 ullum

584 2868 705 2910 esse
735 2851 976 2926 historia:
1017 2854 1353 2922 studiosum,
1382 2851 1488 2926 cui
1529 2855 1622 2912 hic
1661 2851 2168 2926 locus'scrupulum

589 2941 697 2980 non
740 2924 964 2997 injiciat,
997 2939 1117 2997 cum
1148 2925 1451 2996 prmsertim
1479 2941 1668 2982 omnes
1705 2924 2015 2997 loquantur,
2042 2925 2170 2982 ulti-

583 3011 732 3051 mum
760 2994 863 3051 hoc
893 2994 1307 3065 prtelium'inter
1337 2998 1702 3053 Alexandrum
1729 2994 1790 3054 ett
1808 3000 2030 3054 Darium
2059 3014 2169 3054 non

581 3067 633 3122 in
662 3065 874 3141 Cilicia,
911 3067 1000 3122 ubi
1032 3067 1241 3141 Tarsus
1262 3076 1368 3135 est,
1408 3068 1505 3141 sed
1548 3070 1602 3125 in
1639 3069 1860 3141 Assyria
1907 3070 2164 3141 commis-

584 3137 917 3212 sum_fuiss_e,
937 3148 989 3192 et
1009 3147 1187 3194 tamen
1207 3138 1458 3212 Orosium
1480 3140 1550 3195 ita
1573 3137 1834 3212 scriptum
1858 3140 2167 3212 reliquisse,

588 3196 1071 3282 testimonio'sunt
1109 3223 1298 3282 omnes
1342 3211 1485 3282 libri.
1531 3196 1850 3282 Quid'ergo
1894 3196 2174 3267 dicemus?
2201 3196 2248 3260 Ο

589 3279 793 3334 Vereor
817 3278 1069 3350 equidem
1102 3295 1172 3336 ne
1199 3280 1393 3336 Oresio
1438 3278 1640 3340 lustin.
1683 3278 1843 3350 quem
1881 3294 2165 3337 auctorem

585 3350 1263 3423 scquitur,_imposnerit:
1295 3367 1528 3423 cumque
1559 3355 1652 3409 ille
1698 3355 1915 3409 Darium
1957 3353 2009 3407 in
2045 3352 2171 3422 fuga

591 3431 808 3495 pontem
855 3419 1026 3495 Cydni
1082 3421 1324 3495 ﬂuminis
1355 3419 1535 3495 (quod
1581 3425 1810 3480 Tarsum
1843 3419 2172 3495 perlabitur)

587 3491 868 3565 trajecisse
899 3493 1200 3565 scripserit,
1219 3493 1306 3548 hic
1321 3491 1461 3565 apud
1485 3494 1704 3550 Tarsum
1727 3491 2022 3564 pugnatum
2049 3491 2172 3550 esse

587 3561 902 3618 crediderit.
932 3563 1038 3617 Sed
1069 3563 1169 3617 hoc
1198 3561 1441 3633 praelium
1473 3561 1826 3622 commissum
1857 3568 1955 3621 luit
1987 3567 2038 3619 in
2072 3569 2174 3620 As-

592 3634 735 3707 syria
775 3645 923 3707 trans
954 3634 1154 3707 Lycum
1184 3635 1240 3691 in
1271 3637 1475 3691 Aturiac
1520 3640 1728 3707 campis
1753 3639 1818 3692 ad
1861 3637 2038 3695 vicum
2077 3653 2175 3692 no-

592 3703 737 3759 mine
781 3703 1130 3776 Gaugamela,
1177 3716 1402 3763 auctore
1447 3703 1716 3765 Strabone
1763 3709 1904 3764 libro
1958 3709 2175 3763 decimo

591 3787 768 3850 sexto.
799 3777 1132 3850 Quamquam
1158 3779 1302 3834 enim
1327 3779 1616 3850 Dionysius
1645 3781 2087 3850 Halicarnasseus
2107 3780 2176 3835 ad

590 3849 890 3928 Ammaznm
923 3847 1063 3904 hanc
1095 3864 1322 3928 pugnam
1345 3855 1435 3911 τὴν
1457 3847 1515 3928 iu
1534 3853 2015 3928 ‘Apé’riiotgpuxnv,
2040 3849 2176 3906 Cur-

593 3921 698 3972 tius
728 3919 970 3989 prwlium
997 3920 1138 3990 apud
1163 3920 1351 3976 Arbela
1373 3919 1635 3983 nominet,
1661 3937 1721 3990 et,
1755 3919 2020 3978 Diodorus
2054 3937 2178 3976 nar-

593 3989 856 4068 I'atiouem
889 3991 1005 4068 ejus
1034 3989 1111 4068 ita
1157 3992 1464 4068 concludat,
1502 3996 1532 4053 ἠ
1557 3997 1647 4068 μέν
1682 3989 1768 4049 οὖν
1797 3997 1924 4068 περί
1944 3991 2178 4068 ’Ἄρϐηλος

593 4063 830 4142 γενομένη
858 4065 1144 4142 πᾳράταξις
1170 4070 1402 4142 τοιοῦτρν
1420 4063 1567 4137 ἔσχέ
1584 4067 1640 4120 τὸ
1666 4068 1827 4142 πέρας
1856 4063 1876 4122 Ξ
1897 4063 2176 4142 Plutarchi

597 4145 776 4186 tamen
810 4134 864 4209 in
898 4133 1211 4209 Alexandro
1242 4137 1406 4209 verba
1435 4133 1582 4209 sunt,
1616 4133 1798 4194 ΤήνἙέ
1829 4137 2047 4209 μεγάλην
2075 4139 2175 4209 μά-

595 4225 701 4286 χηγ
743 4207 875 4278 πρὸς
920 4212 1122 4286 Aupsiov
1156 4208 1246 4261 οὐκ
1283 4208 1334 4260 ἐν
1362 4208 1636 4286 ’ῥρϐήλοιςῖ
1678 4207 1857 4286 ᾧσπερ
1901 4207 1952 4286 :oi
2002 4207 2180 4286 πολλοῖς

590 4277 1043 4352 γράφογσιίνε-ἀλλά
1076 4280 1126 4332 ἐν
1154 4277 1504 4352 Γαυγαμῄἷᾳις
1529 4281 1762 4352 γενέσθαι
1791 4277 2091 4352 cursura-au,
2126 4281 2178 4334 id

593 4347 712 4420 cst,
730 4347 932 4420 Accidit
961 4359 1013 4420 ut
1037 4347 1288 4420 maguum
1318 4347 1450 4402 illud
1479 4347 1715 4418 pra'littm
1745 4367 1863 4403 cum
1890 4349 2055 4409 Dario
2079 4368 2180 4404 non

593 4417 647 4468 in
679 4416 901 4493 Arltelis,
941 4419 1084 4493 sicut
1099 4416 1328 4489 plerique
1348 4416 1732 4493 scribuntnscd
1761 4423 1814 4474 in
1846 4421 2178 4493 Gaugamelis

593 4488 1013 4543 committeretur.
1046 4488 1182 4542 Cum
1217 4488 1486 4546 Strabone
1515 4501 1571 4544 et
1608 4490 1898 4548 Plutarcho
1927 4488 2050 4550 facit
2079 4499 2182 4549 Ar-

595 4557 779 4630 rianns
809 4558 944 4615 libro
968 4560 1147 4630 tertio,
1170 4561 1261 4614 ubi
1295 4561 1478 4626 tradit,
1508 4560 1726 4616 Darium
1753 4573 1928 4617 castra
1962 4567 2013 4620 in
2038 4566 2167 4621 Gau-

589 4628 916 4706 gantelt's‘ad‘
953 4628 1252 4706 Butnadutn
1301 4632 1542 4706 ﬂuvium,
1585 4633 1654 4687 ab
1697 4634 1914 4706 Arbclis
1964 4637 2169 4706 oppido

590 4699 764 4774 stadia
788 4701 1006 4758 circiter
1019 4719 1087 4760 ιι
1101 4703 1364 4772 posuisse.
1388 4703 1530 4774 Lege
1552 4704 1802 4760 eumdem
1827 4707 1965 4762 libro
1987 4699 2167 4764 sexto.

593 4770 1178 4849 l"ann.-71liattit'est‘us
1215 4783 1298 4830 est
1334 4770 1491 4849 error
1528 4775 1732 4844 Orosii,
1769 4778 1859 4849 qui
1896 4780 2172 4835 Justinum

595 4843 681 4896 hic
711 4847 1044 4914 negligenter
1071 4847 1269 4915 legisse
1295 4847 1530 4902 videtur.

662 4915 720 4970 5.
745 4916 1069 4974 Ceciderunt.
1097 4918 1342 4974 Perizon.
1368 4934 1472 4974 non
1497 4918 1660 4986 male,
1679 4919 2034 4975 conciderunt.
2054 4920 2178 4978 Mox

588 4985 642 5040 in
671 4997 915 5060 potestate
942 4989 1030 5046 ed.
1063 4993 1202 5060 Aug.

661 5056 717 5132 4.
746 5056 1259 5132 Acceperint.-Ltigd.
1284 5061 1426 5120 Batt.
1454 5069 1582 5128 tres,
1609 5076 1732 5118 cum
1752 5061 1890 5120 Coll.
1910 5062 2176 5131 Gronov.,

589 5130 902 5206 acciperent.
937 5133 1035 5206 Ed.
1070 5130 1325 5206 August"
1357 5143 1685 5206 acceperunt.

663 5202 714 5257 5.
750 5203 1039 5259 Alexander
1059 5205 1129 5260 54
1149 5202 1403 5259 coutinuis
1427 5202 1625 5260 diebus.
1649 5204 1791 5261 ldcm
1819 5221 2075 5262 numerus
2097 5215 2183 5263 est

590 5274 729 5340 apud
760 5275 1053 5342 lustinum,
1086 5277 1138 5330 in
1169 5291 1292 5330 meo
1325 5278 1694 5345 tuanuscripto
1719 5285 1774 5332 et
1798 5277 2018 5332 Roherti
2053 5278 2178 5334 Ste-

590 5345 753 5411 phani
784 5347 1050 5415 impresso
1080 5347 1240 5411 libro,
1271 5362 1394 5402 cum
1429 5348 1589 5414 vulgo
1620 5351 1672 5402 in
1703 5347 1826 5404 aliis
1857 5350 1944 5416 40,
1975 5351 2028 5403 in
2058 5349 2178 5404 aliis

591 5417 660 5470 83
694 5418 919 5487 legatur.
952 5417 1119 5475 Fann.
1145 5446 1214 5457 -—
1237 5417 1292 5489 In
1327 5419 1495 5487 Lugd.
1526 5418 1671 5474 Batt.
1705 5435 1789 5489 pr.
1818 5427 1873 5474 et
1891 5431 2084 5489 quarto
2107 5422 2175 5476 37

587 5489 847 5542 continuis
877 5489 1079 5546 diebus.
1111 5488 1266 5554 Apud
1299 5489 1549 5546 Vincent.
1584 5488 1793 5548 Benev.
1823 5488 2042 5558 Speculi
2088 5491 2179 5546 lli-

589 5568 724 5629 s_tor.
753 5560 846 5613 lib.
876 5575 930 5626 ν,
961 5575 1081 5629 cap.
1113 5561 1204 5626 5'7,
1237 5560 1422 5614 itidem
1453 5562 1520 5614 57
1552 5561 1729 5615 diebus
1760 5561 1979 5629 legitur.
2013 5560 2175 5628 Ibid.,

593 5626 916 5700 Persepolin,
961 5626 1114 5699 caput
1161 5629 1354 5685 Persici
1394 5632 1538 5700 regni
1577 5632 1775 5697 urbem,
1818 5626 2178 5689 multis'annis

590 5699 863 5773 illustrem,
897 5701 1244 5773 refertamque
1275 5702 1410 5773 orbis
1439 5699 1716 5766 terrarum,
1749 5711 1857 5758 etc.

592 5770 716 5835 ..δ-6,
756 5769 1116 5845 Persepolim,
1155 5769 1309 5845 caput
1352 5772 1550 5828 Persici
1586 5773 1748 5844 regni.
1795 5775 1872 5830 Dc
1909 5773 2178 5845 Persepoli

589 5849 742 5906 capta
767 5849 824 5896 et
850 5841 1060 5912 direpta
1094 5859 1107 5899 :
1139 5843 1364 5915 ejusque
1391 5841 1672 5903 immensis
1698 5845 1894 5916 Opibus
1915 5841 2178 5917 legendus

2272 2783 2542 2839 Diodorus
2573 2781 2626 2836 in
2653 2779 2958 2852 posteriore
2981 2781 3125 2837 libro
3151 2779 3365 2838 decimo
3387 2782 3718 2851 septimo,ct
3745 2782 3884 2840 Cur-

2273 2857 2380 2982 tius
2397 2855 2534 2910 libro
2555 2854 2764 2925 quinto.
2782 2853 3023 2909 Meminit
3045 2853 3242 2910 Strabo
3266 2853 3410 2908 libro
3427 2854 3640 2909 decimo
3662 2857 3880 2926 quinto.

2325 2943 2446 2982 ann.

2325 2943 2446 2982 ABR.

2343 3000 2405 3056 7.
2440 2997 2629 3053 Urbem
2678 2996 3102 3057 famosissimum.
3150 2994 3341 3052 Delent
3379 2995 3556 3051 urbem
3585 3011 3724 3052 mss.
3754 2997 3885 3055 Floo

2272 3070 2470 3124 rentini
2503 3078 2647 3142 tres,
2669 3067 2807 3142 Ultr.
2834 3108 2849 3134 ,
2871 3067 3012 3124 Coll.
3036 3068 3278 3124 Gronov.
3305 3108 3320 3134 ,
3345 3067 3498 3123 Meus
3522 3075 3577 3123 et
3598 3067 3884 3142 Herium,

2277 3151 2439 3208 atque
2470 3156 2536 3196 ex
2565 3139 2726 3194 editis
2758 3140 2984 3209 August.

2352 3214 2406 3268 8.
2436 3211 2655 3284 Darium
2683 3227 2818 3275 vero,
2849 3208 2970 3264 cum
2991 3227 3024 3263 a
3051 3209 3381 3282 prOpinquis.
3400 3208 3634 3284 Darium
3670 3211 3725 3284 in_
3757 3212 3883 3284 fuga

2278 3281 2465 3337 Bessus
2494 3293 2541 3336 et
2571 3282 2903 3337 Nabttrsanes
2932 3279 3224 3336 vittxerunt
3253 3279 3461 3347 aureis,
3490 3290 3549 3335 ut
3575 3279 3799 3338 Curtius
3822 3279 3886 3339 et

2273 3354 2516 3409 Justinus
2547 3353 2798 3409 scribunt
2835 3351 3208 3420 compedibus,
3242 3353 3538 3424 multisque
3564 3355 3884 3410 confossum

2274 3426 2594 3480 vulneribus
2639 3425 2691 3479 in
2734 3425 2820 3478 via
2864 3424 3223 3492 reliquerunt,
3251 3439 3363 3492 quo
3393 3424 3462 3480 de
3499 3424 3725 3492 cotiiosc
3756 3425 3886 3480 Dio-

2275 3495 2475 3621 tllprtts,
2520 3494 2880 3561 Plutarchus,
2921 3495 3184 3552 Arrianus
3210 3535 3225 3561 ,
3269 3493 3490 3551 Curtius
3529 3504 3581 3550 et
3607 3493 3882 3555 Justinus.

2324 3584 2446 3621 ann.

2324 3584 2446 3623 ABR.

2347 3641 2400 3692 9.
2430 3637 2476 3693 U
2481 3648 2498 3692 ι
2522 3637 2928 3709 subsequeretur.
2955 3637 3044 3693 Sic
3066 3644 3211 3692 recte
3237 3635 3407 3692 edidit
3429 3635 3731 3704 Fabricius,
3751 3655 3885 3696 mss.

2276 3719 2331 3765 ct
2359 3709 2486 3767 cdd.
2513 3711 2764 3764 meliores
2797 3717 3035 3764 secutus.
3058 3709 3238 3763 .lustin
3263 3709 3355 3761 ιιι».
3384 3724 3436 3762 xt
3459 3724 3580 3777 cap.
3612 3710 3885 3776 l3,_Jusso

2276 3782 2448 3850 itaque
2471 3782 2693 3835 exercitu
2713 3780 2974 3849 subsequi,
3001 3795 3117 3832 cum
3139 3795 3229 3833 sea:
3249 3780 3476 3832 millibus
3497 3781 3757 3849 equitum,
3776 3791 3884 3838 ctc.

2277 3852 2415 3907 Male
2456 3852 2508 3905 in
2555 3851 2872 3918 quibusdam
2905 3859 3318 3919 persequeretur,
3345 3862 3668 3920 sequeretur,
3699 3862 3759 3906 ct
3788 3853 3882 3905 sub

2277 3939 2332 3977 se
2357 3932 2673 3994 sequeretur.
2706 3922 2844 3977 Male
2877 3925 2930 3976 in
2973 3922 3164 3976 iisdem
3197 3937 3312 3975 cum
3341 3922 3484 3975 mille
3512 3922 3739 3977 militum
3768 3941 3887 3992 pro-

2304 4005 2464 4048 ecltts.

2280 3997 2464 4120 facile?
2509 4063 2704 4133 E/ferri
2731 4073 2776 4116 ct
2808 4063 2861 4116 in
2891 4062 3135 4136 sepulcris
3167 4063 3420 4136 majorum
3451 4064 3659 4136 sepeliri
3689 4081 3882 4136 prame-

2279 4137 2375 4208 pit.
2421 4135 2925 4208 Vulgnres._referri
2967 4135 3021 4208 in
3067 4134 3326 4208 sepulcra,
3376 4135 3628 4190 barbare.
3662 4134 3882 4203 Colum,

2280 4205 2452 4274 efferri
2494 4210 2548 4261 in
2583 4206 2845 4272 sepulcra,
2882 4205 3024 4259 untle
3063 4205 3205 4272 quod
3232 4205 3281 4259 iu
3313 4215 3460 4260 textu
3491 4216 3576 4260 est
3604 4208 3828 4276 reposui
3864 4225 3876 4258 :

2281 4294 2381 4332 nec
2413 4295 2545 4334 sane
2583 4277 2776 4346 Apollo
2805 4276 3170 4332 Consulendus
3198 4287 3377 4331 utrum
3409 4277 3562 4332 bene.
3601 4275 3785 4333 Laur.
3815 4305 3885 4318 —-

2282 4349 2422 4403 Etltl.
2455 4352 2654 4419 prima,
2681 4352 2934 4416 August.,
2965 4346 3140 4419 Paris.
3171 4357 3221 4401 et
3248 4347 3489 4419 Veneta;
3513 4418 3518 4419 γ
3539 4350 3730 4418 referri
3756 4360 3804 4402 et
3829 4352 3879 4402 in

2283 4417 2530 4489 sepulcris
2573 4419 2827 4489 majorum
2869 4418 3076 4488 sepeliri
3117 4419 3379 4489 pra't'epit.
3425 4417 3650 4489 Vulgata
3699 4432 3880 4474 autem

2283 4488 2440 4545 lectio
2471 4493 2522 4545 in
2553 4488 2688 4546 mss.
2721 4500 2832 4554 e5t;
2861 4498 2936 4556 at,
2966 4490 3008 4543 si
3039 4488 3586 4544 Latinins’auctorem
3618 4490 3767 4559 loqui
3798 4507 3887 4546 ve-

2200 4587 2252 4647 ι)
2285 4561 2384 4647 Ιὶς»,⁸
2405 4561 2487 4616 sic
2515 4560 2949 4647 locutnielingc,
2983 4559 3164 4647 inferri
3192 4560 3573 4647 βωμοῖς-,μμ
3606 4562 3886 4647 sepulcris)

2277 4631 2887 4706 majorum,sepe_lirique
2910 4630 3174 4706 prwcepit.
3189 4631 3389 4686 Confer
3409 4630 3656 4706 Tacitum
3679 4631 3878 4706 Annal.

2279 4701 2370 4770 in,
2388 4706 2445 4772 4,
2475 4705 2654 4772 ιγ,44;
2682 4701 2911 4759 Sueten.
2934 4703 2988 4758 in
3010 4705 3252 4773 Augusto
3275 4717 3395 4773 cap.
3423 4703 3519 4758 101
3545 4701 3676 4758 etin
3697 4703 3885 4760 Tiber.

2281 4776 2520 4842 cap.15.
3733 4775 3742 4780 ’

2288 4882 2290 4884 τ
2358 4847 2444 4902 ll.
2467 4843 2749 4903 Relinebul.
2771 4844 2896 4901 llaec
2921 4858 3051 4902 mss.
3070 4843 3311 4900 omnium
3339 4843 3504 4902 lectio
3527 4852 3633 4902 est.
3655 4844 3739 4901 Ex
3761 4844 3884 4902 edd.

2285 4918 2554 4987 qutedam,
2586 4916 2870 4972 detinebat.

2363 4989 2452 5044 12.
2503 4988 2633 5045 Ante
2663 5003 2845 5045 annos.
2895 4986 3067 5058 Lugd.
3114 4987 3257 5043 Batt.
3303 5001 3388 5058 pr.
3435 4995 3492 5044 et
3535 4993 3750 5060 quart.,
3797 5002 3886 5058 per

2288 5076 2477 5116 annos.
3387 5102 3396 5111 .

2361 5131 2447 5186 l3).
2495 5131 2719 5186 Addicto
2757 5131 2843 5186 sit.
2889 5128 3134 5186 Florent.
3175 5145 3262 5198 pr.
3305 5128 3424 5184 sive
3452 5127 3576 5185 cod.
3610 5129 3887 5199 Longob.,

2285 5202 2434 5258 Mens
2463 5211 2518 5258 et
2543 5201 2719 5273 Lugd.
2751 5201 2868 5256 Bat.
2905 5209 3032 5261 tert.
3063 5216 3186 5258 cum
3217 5200 3354 5258 Coll.
3387 5199 3634 5260 Grondv.
3659 5242 3677 5270 ,
3707 5201 3890 5255 addita

2284 5275 2372 5326 sit.
2405 5273 2590 5339 Forte,
2617 5273 2817 5400 a{(licta
2846 5274 2938 5327 sit.

2355 5345 2485 5400 Car.
2517 5343 2636 5399 XVI
2693 5343 2863 5399 .-—l.
2897 5341 2938 5396 Ε

2355 5345 2485 5402 Car.
2517 5341 2863 5400 XVlll.-—i.
2897 5341 2962 5396 Et
3002 5359 3064 5399 ne
3105 5347 3236 5414 forte
3277 5359 3432 5414 nunc.
3461 5342 3594 5404 Mss.
3622 5351 3736 5402 tres
3766 5341 3891 5414 Flo-

2282 5418 2505 5484 rentini,
2550 5427 2660 5471 tres
2697 5417 2824 5471 item
2868 5414 3040 5485 Lugd.
3071 5413 3212 5481 llat.,
3257 5413 3425 5479 Meus,
3460 5414 3717 5472 Perizon.
3753 5413 3889 5470 Coll.

2286 5488 2530 5544 Gronov.
2559 5496 2615 5543 ct
2638 5487 2729 5543 ed.
2759 5491 2894 5557 Aug.
2925 5486 3170 5542 scribunt
3197 5487 3513 5557 tunc,rquod
3556 5488 3701 5543 tueri
3731 5501 3890 5541 suum

2285 5560 2463 5614 locum
2507 5561 2708 5628 nequit,
2753 5556 2876 5627 quia
2921 5572 3042 5612 mox
3071 5556 3308 5612 occurrit
3348 5556 3401 5612 in
3431 5557 3541 5612 illis
3582 5567 3709 5611 tunc
3736 5559 3890 5611 etiam

2285 5629 2497 5685 bellum.
2541 5627 2645 5686 Pro
2699 5644 2764 5684 eo
2809 5629 2968 5698 igitur
2999 5643 3184 5682 vocem
3225 5644 3362 5681 nunc
3417 5630 3665 5696 reposuit
3694 5627 3889 5683 Fabri-

2284 5704 2423 5757 cius.
2454 5702 2561 5757 Sed
2606 5703 2806 5755 rectius
2849 5701 3099 5754 videntur
3130 5699 3255 5755 cdd.
3284 5709 3415 5756 vett.
3449 5702 3646 5768 prima,
3682 5701 3885 5764 Paris.,

2287 5773 2529 5835 Venetae,
2564 5772 2844 5840 Bolsuing.
2886 5782 2939 5826 et
2972 5770 3208 5840 llittorp.
3237 5771 3512 5836 omisisse,
3541 5787 3665 5842 qua:
3693 5783 3886 5827 omnes

2288 5844 2477 5914 edunt,
2511 5842 2580 5898 Et
2609 5859 2672 5898 ne
2696 5843 2828 5915 forte
2851 5842 3123 5912 quisquam
3148 5842 3410 5914 opinetur,
3440 5850 3549 5898 etc.
