4046 6344
152 241 241 306 833

1141 243 1615 307 IIISTOBIARUM
1656 244 1864 305 LIBER
1904 244 1996 307 III.
2034 245 2188 308 CAP.
2230 249 2420 308 XVIII.

3322 254 3430 318 854

151 365 297 425 modo
347 378 578 423 romana
628 363 1004 438 inquietudine
1046 368 1203 440 187
1243 367 1550 440 fatigatam,
1604 377 1730 426 tunc
1757 368 1879 433 A“
1925 369 2198 436 Parimas,
2249 369 2688 441 Parapamenos,
2739 368 3028 444 Adaspios,
3076 375 3236 449 188
3272 388 3437 435 caete-

151 460 294 517 etiam
319 459 530 516 bellum
552 459 765 532 Agidis,
797 461 1188 532 Spartanorum
1220 464 1386 534 regis,
1412 463 1463 519 in
1494 463 1734 534 Gra‘cia,

150 551 426 610 Alexandri
453 552 598 623 regis
622 553 772 624 Epiri
799 553 852 609 in
875 553 1134 622 Lucania,
1155 554 1476 627 Zopyrionis
1499 555 1738 627 praefecti

152 646 195 700 in
223 644 444 717 Scythia
466 645 788 717 gerebatur:
820 647 840 678 ⁸
864 661 1094 718 quorum
1121 645 1247 716 Agis
1272 646 1735 714 Lacedaemonius,

153 739 375 796 excitata
403 749 459 795 et
487 739 785 795 rebellante
826 754 1014 796 secum
1054 740 1307 795 universa
1349 738 1580 804 Graecia,
1612 755 1736 796 cum

152 831 409 902 Antipatri
433 829 744 888 fortissimis
771 832 945 902 copiis
969 846 1313 902 congressus,
1345 832 1487 887 inter
1515 846 1739 902 magnas

153 933 494 994 utrorumque
517 933 726 994 strages
741 933 796 979 et
818 923 966 993 ipse’
984 923 1741 994 procubuit.‘AIexanderau-»

153 1025 246 1071 tem
272 1014 330 1070 in
364 1013 520 1070 Italia
543 1014 1124 1072 all‘ectansOccidentis
1141 1016 1453 1087 imperium,
1475 1017 1739 1072 :emulaus

151 1109 508 1164 Alexandrum
538 1111 811 1182 Magnum,
845 1119 968 1181 post
996 1127 1287 1167 numerosa
1316 1112 1571 1183 etgravia
1596 1111 1737 1167 bella

151 1200 338 1257 ibidem
389 1212 570 1273 gesta,
621 1219 651 1258 a
689 1202 911 1259 Bruttiis
939 1203 1279 1276 Lucanisque
1316 1214 1602 1275 superatus
1629 1212 1736 1274 est,

150 1295 170 1328 '
193 1309 498 1368 corpusque
522 1296 641 1366 ejus
669 1297 735 1352 ad
762 1296 1100 1368 sepulturam
1128 1297 1429 1354 venditum.
1461 1297 1737 1370 Zopyrion

147 1404 262 1446 vero
285 1390 583 1461 praefectus
611 1392 787 1458 Ponti,
816 1391 1053 1448 adunato
1075 1391 1292 1462 triginta
1324 1391 1553 1448 millium
1581 1407 1740 1447 exer-

148 1485 262 1551 citu,
310 1484 534 1558 Scyahis
582 1485 781 1542 bellum
813 1485 1023 1543 inferre
1053 1486 1074 1518 ⁸
1101 1503 1265 1544 ausus
1312 1496 1396 1543 est
1429 1497 1522 1543 :et
1564 1502 1738 1558 usque

146 1579 202 1634 ad
246 1579 690 1636 internecionem
713 1595 910 1647 exesus,
942 1580 1182 1635 funditus
1212 1595 1334 1634 cum
1363 1579 1617 1636 omnibus
1646 1595 1738 1636 co-

149 1671 238 1741 piis
300 1671 422 1727 suis
485 1673 714 1728 abrasus
757 1684 860 1729 est.
923 1672 1087 1744 Igitur
1133 1673 1444 1730 Alexander
1487 1673 1734 1744 Magnus,

1843 480 2043 535 rosque
2084 468 2316 539 populos
2362 468 2451 540 qui
2501 468 2552 522 in
2599 467 2782 525 radice
2811 471 3035 526 Caucasi
3063 473 3436 545 morabantur,

1841 559 2074 632 subegit,
2125 561 2260 616 urbe
2297 559 2366 616 ibi
2396 560 2725 617 Alexandria
2767 576 2932 631 super
2961 577 3180 620 amnem
3204 564 3433 620 Tanaim

1840 653 2155 708 constituta.
2205 652 2314 709 Sed
2364 667 2464 708 nec
2510 653 2687 709 minor
2717 653 2835 724 ejus
2867 655 2918 709 itt
2964 670 3094 712 suos
3119 656 3442 724 crudelitas,

1841 760 2002 816 quam
2049 744 2102 800 in
2146 745 2358 800 hostem
2390 745 2572 800 rabies
2609 744 2736 800 l’uit.
2773 746 2818 777 “
2848 747 3058 802 Doceat
3103 746 3205 803 hoc
3237 751 3441 820 Amyn-

1841 847 1924 892 tas
1952 838 2312 894 consobrinus
2342 838 2578 907 occisus,
2606 853 2839 896 noverca
2869 838 3174 911 fratresque
3194 841 3314 911 ejus
3345 858 3446 896 nc-

1840 930 1968 996 cati,
2017 929 2306 986 Parmenio
2347 940 2403 986 et
2434 929 2674 986 Philotas
2704 931 2982 1000 trucidati,
3006 932 3240 997 Attalus,
3269 933 3443 1006 Eury-

1842 1021 2055 1090 lochus,
2112 1023 2408 1078 Pausanias
2459 1024 2725 1095 multique
2782 1025 3113 1082 Macedonia:
3169 1027 3441 1097 principes

1841 1117 2138 1172 exstincti:
2185 1117 2230 1148 ¹³
2267 1115 2436 1171 C!itus
2479 1132 2698 1188 quoque
2746 1119 2904 1173 annis
2947 1118 3154 1189 gravis,
3206 1121 3443 1175 amicitia

1840 1218 2018 1275 vetus,
2049 1207 2256 1264 nefarie
2289 1209 2626 1266 interfectus.
2658 1211 2759 1278 Qui
2791 1225 2913 1265 cum
2946 1211 2998 1267 itt
3025 1213 3274 1268 convivio
3307 1214 3444 1269 ftdu-

1841 1299 1924 1355 cia
1963 1298 2218 1354 amicitiae
2241 1302 2401 1372 regia:
2431 1301 2692 1357 adversus
2721 1317 2923 1372 regem,
2977 1318 3073 1358 sua
3101 1319 3266 1375 opera
3305 1307 3444 1376 patri

1842 1392 2091 1465 Philippo
2136 1404 2566 1465 praeponenlem,
2614 1399 2932 1452 memoriam
2977 1399 3145 1468 patris
3175 1409 3444 1468 tueretur,

1844 1485 1887 1516 ¹⁶
1916 1485 1986 1541 ab
2034 1486 2246 1542 offenso
2297 1486 2496 1542 frustra
2548 1503 2674 1558 rege
2721 1490 2762 1520 ¹⁷
2803 1489 3070 1546 venabulo
3097 1494 3444 1562 transfossus,

1840 1591 2130 1634 commune
2151 1578 2459 1635 convivium
2481 1581 2524 1611 ¹⁸
2541 1581 2778 1636 moriens
2800 1585 3121 1638 cruentavit.
3143 1583 3251 1640 Sed
3279 1586 3442 1640 Alex-

1842 1671 2013 1728 ander
2056 1673 2278 1728 humani
2323 1675 2604 1743 sanguinis
2638 1676 2678 1707 '9
2711 1675 3109 1738 insalurahilis,
3159 1665 3272 1731 sive
3322 1678 3448 1733 hos-

146 1771 254 1833 post
303 1761 456 1818 Darii
506 1775 757 1832 mortem,
787 1765 808 1796 ’⁷
837 1764 1118 1836 Ilyrcanos
1147 1774 1204 1820 et
1231 1764 1446 1820 Mardos
1480 1765 1692 1835 subegit
1723 1781 1736 1820 :
1772 1769 1816 1830 Β
1847 1766 1978 1820 tium
2022 1765 2136 1822 sive
2165 1767 2329 1833 etiam
2371 1767 2670 1833 Sociornm,
2723 1779 2996 1824 recentem
3030 1779 3210 1826 tamen
3233 1787 3449 1842 semper

147 1857 221 1912 ubi
259 1856 436 1912 etiam
487 1857 640 1912 illum
664 1857 842 1914 adhuc
881 1858 1028 1914 bello
1059 1858 1357 1924 intentum,
1390 1860 1411 1891 ⁸
1436 1857 1739 1914 Thalestris

145 1949 243 2006 sive
285 1947 587 2006 Hinothzea
612 1954 634 1984 ’
663 1951 874 2022 regina,
921 1951 1152 2007 excitata
1188 1950 1548 2022 suscipiendae
1577 1950 1647 2006 ab
1672 1965 1740 2007 co

148 2039 341 2096 sobolis
389 2041 604 2112 gratia,
661 2057 785 2098 cum
837 2043 1102 2098 trecentis
1153 2041 1478 2098 mulieribus
1529 2056 1735 2113 procax

146 2132 377 2188 Amazon
435 2133 664 2191 invenlt.
732 2135 864 2190 Post
931 2135 1048 2190 haec
1115 2133 1440 2191 Parthorum
1507 2149 1738 2206 pugnam

147 2226 187 2257 ¹⁰
216 2240 508 2298 ilEgressus
539 2243 556 2282 :
585 2242 723 2299 quos
774 2227 865 2284 diu
895 2227 1201 2285 obnitentes
1229 2227 1428 2284 delevit
1456 2243 1746 2299 propemo-

145 2322 256 2379 dum
302 2331 604 2394 antequam
633 2322 781 2381 vicit.
823 2324 863 2356 “
891 2322 1022 2382 Inde
1050 2323 1316 2396 Drangas,
1350 2324 1394 2356 ¹¹
1422 2322 1741 2395 Evergetas,

1846 1857 1893 1888 ¹⁰
1922 1857 2138 1913 sitiebat
2169 1873 2445 1915 cruorem.
2481 1860 2664 1930 Itaque
2695 1862 2960 1930 pertinaci
2994 1864 3196 1931 impetu
3225 1865 3276 1919 in
3309 1865 3448 1920 bella

1847 1964 2196 2020 procurrens,
2239 1952 2280 1982 “
2308 1949 2638 2008 Chorasmos
2669 1961 2724 2007 et
2747 1952 2924 2009 Dahas
2971 1953 3290 2009 indomitam
3317 1971 3449 2024 gen-

1846 2051 1955 2098 tem
1981 2043 2034 2098 itt
2059 2043 2387 2100 deditionem
2412 2046 2624 2116 accepit
2642 2045 3114 2102 :"Callisthencm
3136 2050 3294 2121 189
3324 2051 3444 2118 phi-

1849 2136 2136 2209 losophum
2160 2180 2175 2204 ,
2198 2138 2409 2210 sibique
2439 2138 2578 2211 apud
2611 2139 2960 2198 Aristotelem
2989 2143 3444 2216 condiscipulum,

1848 2247 1971 2287 cum
2021 2231 2271 2303 plurimis
2319 2233 2443 2290 aliis
2489 2234 2846 2304 principibus,
2897 2235 3042 2306 quod
3079 2253 3224 2304 eum,
3275 2237 3446 2308 depo-

1847 2326 1952 2381 sito
1975 2324 2249 2382 salutandi
2278 2340 2451 2395 more,
2478 2337 2538 2382 ut
2569 2326 2736 2384 Deum
2769 2342 2877 2384 non
2907 2327 3187 2398 adoraret,
3219 2329 3448 2386 occidit.

1417 2454 1858 2514 IIAVEBCAMPI
1899 2455 2135 2514 NOTE.

205 2575 260 2632 2.
300 2574 554 2658 Quorum.
591 2573 714 2658 Agis
743 2571 1185 2658 Lacedantonius.
1217 2571 1331 2628 Hoc
1346 2571 1569 2658 bellum.
1593 2570 1744 2658 (Ira;-

148 2641 341 2702 corum'
365 2662 494 2702 cum
527 2641 812 2717 Antipatro
830 2688 846 2714 ,
878 2645 1204 2717 Macedoniae
1231 2642 1508 2711 praefecto,
1537 2641 1743 2717 deseri;

149 2727 316 2788 pserat
363 2717 615 2788 pluribus
652 2711 841 2772 verbis
880 2716 1096 2772 Curtius
1141 2715 1282 2788 libro
1325 2713 1647 2788 sexto,gse_d‘
1673 2711 1740 2768 ad

149 2783 234 2844 nos
276 2783 496 2860 tan-tum
543 2788 727 2860 praelii,
764 2785 1561 2860 eventus“pervenituScribit
1599 2783 1740 2860 idem

151 2870 336 2929 prater
388 2857 667 2916 Justinum
709 2859 978 2915 Diodorus
1006 2859 1132 2918 libr.
1159 2874 1292 2917 xvu.
1324 2857 1572 2914 Meminit
1601 2857 1741 2912 Pau-

148 2934 313 2987 sanias
340 2931 473 2987 libr.
508 2946 585 2985 ttt.
616 2931 783 2987 Faen.
1506 2965 1518 2992 ο

207 3003 258 3058 5.
301 3001 620 3057 Procubuit.
645 3002 748 3056 Ed.
773 3001 1025 3071 Attgusl.,
1041 2999 1306 3071 occubuit.

212 3073 264 3128 4.
304 3073 609 3128 Alexander
651 3069 894 3126 autemin
939 3069 1121 3142 Italia.
1182 3071 1256 3126 De
1285 3071 1446 3128 rebus
1475 3070 1644 3142 gestis
1671 3069 1741 3127 ab

148 3144 452 3201 Alexandro
479 3144 627 3213 Epiri
651 3159 778 3212 rege
799 3143 1059 3213 legendus
1079 3141 1196 3198 Liv.
1220 3142 1315 3198 lib.
1337 3159 1453 3200 vnt.
1479 3141 1535 3199 et
1553 3142 1736 3200 Strab.

150 3231 178 3269 v
202 3225 253 3270 ct
278 3231 383 3272 nos
424 3212 580 3285 supr.
623 3231 673 3270 c.
706 3215 794 3270 11.
822 3212 988 3270 ΡΑιιιι.

1925 2570 2016 2656 ll.
2058 2567 2395 2656 Bacenthooc
2421 2570 2726 2656 Amyntas.“
2751 2571 2851 2656 De‘
2878 2571 2964 2628 his
3007 2586 3199 2655 omnes
3237 2575 3325 2656 qui
3358 2591 3446 2631 res

1853 2640 2143 2716 Alexandri
2195 2640 2626 2716 descripserunt.
2691 2643 2766 2716 De
2811 2642 3171 2716 Parmenione
3218 2640 3446 2716 ejusque

1851 2711 1963 2787 filio
2009 2711 2222 2787 Philota
2251 2713 2551 2787 interfectis
2585 2713 2858 2787 Diodorus
2887 2714 3030 2787 libro
3059 2711 3271 2787 decimo
3316 2711 3442 2787 sep-

1853 2783 1986 2852 timo
2027 2785 2348 2852 pOSteriore,
2399 2783 2718 2839 Plutarchus
2749 2786 2801 2838 in
2835 2786 3153 2850 Alcxaudr.,
3185 2783 3443 2841 Arrianus

1849 2851 1992 2910 lliiro
2019 2851 2098 2919 ιιι,
2122 2855 2337 2910 Curtius
2361 2854 2498 2930 libro
2516 2870 2571 2930 _vt
2591 2864 2646 2930 gl
2664 2872 2756 2911 vtt.
2783 2855 2857 2912 De
2878 2857 3199 2912 Alexandria
3221 2856 3447 2930 [Egypti

1848 2939 1972 2996 sup.
2025 2937 2272 2996 extremo
2315 2941 2434 2994 cap.
2469 2927 2557 2981 16.
2590 2925 2755 2982 ΡΑΒιι.

1917 2997 2005 3052 15.
2035 2995 2215 3069 Clitus
2254 3012 2463 3069 quoque
2482 2999 2632 3052 annis
2659 2998 2851 3069 gravis.
2881 2997 3070 3055 Crtrce
3099 3009 3178 3054 est
3209 3001 3433 3063 nisime:

1845 3070 1987 3139 male
2031 3067 2196 3138 igitur
2239 3066 2398 3138 vulgo
2423 3066 2630 3139 Clytum
2651 3066 2912 3125 scribunt.
2965 3069 3042 3124 De
3070 3071 3237 3135 Clito,
3286 3073 3440 3127 Cttrt.

1843 3138 1939 3194 lib.
1973 3154 2087 3204 vttt,
2118 3139 2239 3195 Arr.
2273 3155 2346 3208 tv,
2379 3138 2559 3194 Cicer.
2588 3140 2748 3195 Tusc.
2781 3157 2854 3205 tv,
2887 3141 3183 3195 Alexander
3208 3158 3300 3197 rex
3321 3160 3438 3198 cum

1847 3211 2182 3266 interemisset
2228 3211 2419 3265 Clitum
2460 3211 2773 3282 fanciliarem
2811 3228 2983 3279 suum,
3018 3214 3105 3267 vix
3128 3229 3159 3266 a
3180 3229 3234 3269 se
3260 3231 3444 3271 manus

212 3288 263 3342 ὅ.
301 3281 613 3353 Corpusque
643 3289 813 3365 ejus.‘
843 3285 1014 3356 Lugd.
1065 3285 1206 3365 Ball.
1231 3292 1382 3365 ilert.
1427 3299 1553 3340 cum
1596 3281 1738 3340 Coll.
1767 3301 1814 3365 ς
1846 3283 2116 3365 abstinuit.
2149 3282 2317 3365 Fagn.

148 3356 334 3430 Gron,
383 3375 575 3428 corpus
604 3356 717 3430 ejus
744 3357 813 3411 ad
841 3372 986 3428 sep.;
1020 3357 1158 3428 prim
1187 3364 1246 3412 et
1273 3370 1411 3426 sec.,
1456 3371 1743 3428 corpusque

149 3429 485 3556 adtifeﬁonsus
506 3510 580 3556 est
605 3515 622 3554 :
646 3508 715 3556 et.
750 3499 878 3555 Mss.
912 3495 1091 3569 Lugd.
1124 3497 1270 3554 Ball.
1293 3513 1402 3568 pr.,
1423 3513 1563 3567 sec.,
1590 3508 1743 3563 tert.,

149 3569 333 3640 Heus,
383 3572 640 3627 Perizon.
688 3585 809 3626 cum
854 3570 992 3627 Coll.
1037 3569 1278 3626 Gronov.
1313 3570 1745 3640 eted.August.

150 3643 326 3712 legunt
374 3643 571 3698 bellum
612 3643 801 3714 inferre
838 3658 1024 3707 ausus,
1069 3657 1226 3712 usque
1253 3640 1323 3694 ad
1350 3642 1744 3697 internecionem
1827 3690 1830 3692 .

149 3729 320 3779 casus,
349 3725 462 3770 etc.

216 3787 268 3838 7.
314 3785 599 3856 Hyrcanos
638 3793 686 3840 et
729 3782 942 3840 Mardos
983 3784 1203 3855 subegit.
1242 3783 1331 3856 De
1373 3781 1743 3856 Hyrcanorum

149 3866 196 3928 et
226 3855 543 3912 Mardorum
587 3867 751 3928 gente
789 3856 987 3928 contini
1022 3855 1325 3928 Hyrcania:
1341 3858 1588 3923 subacta,
1621 3855 1748 3910 Dio-

150 3927 309 3982 dorus
343 3945 459 3994 xvt,
491 3925 753 3984 Arrianus
781 3943 888 3993 ιιι..
913 3925 1132 3983 Curtius
1157 3941 1250 3981 vtt.
1285 3925 1417 3980 Fac.

213 3999 266 4054 8.
305 3998 605 4054 Thalestris
642 4001 748 4054 sive
797 3996 1100 4053 Minatium.
1134 3995 1282 4052 Hanc
1311 3997 1552 4066 reginam
1578 3996 1746 4054 Ama-

150 4085 338 4126 zonum
392 4069 664 4144 Diodorus
702 4071 1010 4144 Θὰᾎηστριν,
1063 4067 1276 4144 Curtius
1311 4066 1620 4144 Thalestrim
1649 4085 1750 4123 no-

153 4144 314 4196 minat
351 4159 368 4198 :
402 4141 568 4211 hique
595 4156 712 4211 eam
741 4140 808 4196 ad
850 4138 1212 4211 Alexandrum
1247 4140 1464 4194 venisse
1506 4138 1746 4211 tradunt,

151 4215 314 4268 secuti
352 4209 616 4268 nimirum
659 4210 1023 4279 Clitarchum,
1066 4209 1422 4280 Polycritam,
1468 4210 1746 4265 Onesicri-

150 4292 278 4353 tum,
326 4284 656 4354 Antigenem
707 4291 762 4338 et
800 4282 1016 4338 Istrum.
1060 4284 1132 4336 At
1166 4281 1528 4354 Arjstohulus,
1562 4281 1747 4354 Ptolo-

152 4352 334 4419 ηιατυς,
389 4364 448 4409 et
473 4352 671 4410 'caiteri
703 4355 1020 4425 scriptores,
1066 4367 1204 4425 quos
1228 4352 1550 4425 Plut_archus
1578 4353 1750 4408 nomi-

150 4437 256 4488 nat,
285 4426 398 4480 hoc
423 4421 856 4480 commentitint'n
884 4440 1006 4478 esse
1025 4421 1296 4480 dixerunt.
1327 4421 1493 4478 Fann.

213 4498 269 4552 9.
315 4497 541 4568 Regina.
587 4497 755 4568 Abest
789 4495 856 4551 ab
886 4495 1136 4568 omnibus
1181 4510 1319 4568 mss.
1345 4509 1522 4568 neque
1552 4493 1751 4568 habent

151 4579 280 4624 vett.
330 4565 465 4624 ed'd.
510 4576 638 4622 ante
687 4567 917 4624 llittoro.
967 4565 1113 4622 Bols.
1147 4565 1595 4622 elFabricianas.
1627 4566 1748 4622 lllox

151 4582 280 4624 vett.
330 4582 465 4624 ead.
510 4582 638 4622 ante
688 4582 917 4692 tttttorp:
967 4582 1113 4622 DOIS.
1147 4582 1202 4622 et

148 4642 377 4693 excitata
403 4653 502 4707 pro
527 4638 695 4694 excita
726 4649 835 4692 tres
915 4637 1038 4706 ugd.
1070 4638 1211 4692 Batt.

216 4713 311 4766 10.
349 4701 661 4783 Aggressus.
701 4701 1051 4783 _Qttidam"ex
1079 4723 1210 4764 mss.
1241 4706 1413 4780 Lugd.
1464 4708 1632 4776 Batt.,
1656 4725 1747 4781 ag-
1774 4701 1828 4764 D

148 4799 354 4852 gressus
384 4779 481 4849 ea,
524 4796 651 4852 quos
675 4780 767 4834 diu
794 4779 1118 4852 obsistentes,
1136 4787 1257 4852 etc.

217 4854 309 4909 11.
358 4852 499 4908 Inde
524 4849 928 4924 Drangas._Sic
959 4861 1106 4924 recte
1135 4849 1224 4907 hic
1243 4858 1358 4924 est,
1393 4849 1535 4924 male
1570 4860 1751 4924 autem

148 4924 198 4978 in
239 4925 489 4995 vulgatis
529 4919 732 4995 Justini
775 4922 929 4995 libris
973 4919 1174 4977 Dracas
1204 4937 1223 4976 :
1252 4921 1382 4995 Nam
1411 4929 1464 4975 et
1493 4922 1756 4977 Arrianus

148 4995 292 5064 ipsos
324 4993 566 5072 Ᾱρὰγκας
594 5003 658 5072 e_t_
675 4993 941 5050 Diodorus
965 5008 1154 5049 eorum
1180 4993 1562 5065 regionemjrr‘w
1593 5006 1758 5072 Δραγ-

147 5073 288 5140 γινήν
321 5064 588 5140 aiﬂiellat.
621 5064 784 5140 Fuit}.

221 5140 312 5193 19..
362 5133 666 5207 Euergetas.
718 5136 832 5191 Hoc
858 5150 1054 5192 nomen
1086 5134 1335 5192 beneficii
1387 5150 1518 5206 ergo
1556 5151 1586 5190 a
1617 5133 1760 5207 Cyro

147 5206 447 5266 Persarum
495 5206 626 5278 rege
665 5217 1010 5277 acceperunt,
1059 5223 1181 5263 cum
1212 5209 1360 5273 prius
1404 5206 1672 5278 Ariaspw,
1703 5215 1760 5262 ut

147 5292 229 5336 est
258 5282 315 5335 in
353 5277 579 5336 Arriani
598 5288 652 5350 et
675 5278 843 5334 Curtii
869 5278 1041 5350 libris.
1081 5294 1177 5335 seu
1208 5279 1488 5350 Arimaspi,
1513 5277 1571 5334 ut
1601 5277 1761 5335 habet

149 5351 453 5418 Diodorus,
482 5349 913 5406 nominarentur.
949 5349 1114 5405 Fann.

216 5425 315 5478 15.
365 5421 636 5492 Parimas,
693 5419 1114 5492 Parapamenos,
1148 5421 1425 5492 Adaspios.
1454 5419 1529 5475 Ila
1561 5419 1675 5475 htec
1706 5419 1761 5475 in

149 5493 550 5564 manuscriptis
583 5491 760 5546 Orosii
783 5491 846 5564 et
875 5492 1074 5547 .lustini
1106 5493 1254 5548 libris
1282 5491 1519 5564 invenio,
1554 5508 1652 5564 nec
1684 5500 1766 5545 ta-

149 5581 272 5621 men
306 5563 550 5634 amplius
576 5564 720 5634 quod
763 5563 830 5617 dc
875 5564 978 5618 illis
1006 5565 1179 5618 dicant
1206 5563 1401 5618 habeo.
1435 5563 1512 5634 De
1537 5563 1766 5617 Alexan-

147 5639 266 5691 dria
288 5633 466 5705 super
487 5633 702 5690 amnem
734 5635 961 5705 Tanaim
993 5636 1230 5704 condita,
1266 5643 1464 5705 praeter
1490 5633 1760 5690 Justinunt

148 5707 294 5766 lihro
351 5703 717 5784 dimdccimo,
767 5703 986 5769 Curtius
1041 5707 1180 5767 libro
1219 5703 1487 5784 septimo,
1541 5705 1760 5768 Arrian.

146 5790 377 5857 quarto.
416 5778 580 5840 Fuit.

1923 3353 2009 3408 16.
2051 3350 2376 3426 Alte/Temo
2427 3355 2623 3422 frustra
2671 3369 2810 3424 rege.
2860 3352 3062 3411 Sensus
3105 3355 3245 3411 hanc
3273 3357 3446 3426 poscit

1849 3424 2348 3498 transpositioncm,
2395 3427 2694 3479 memoriam
2742 3429 2906 3491 patris
2961 3435 3187 3480 tueretur
3224 3424 3442 3498 frustra,

1848 3496 1912 3578 ab
1953 3495 2149 3578 o/fenso
2189 3512 2328 3564 rege,
2378 3507 2510 3565 etc.,
2553 3498 2656 3552 nisi
2710 3498 2907 3566 [rustra
2937 3495 3442 3570 signiticetiniquo,

1850 3575 2143 3622 immerito.

1923 3637 2010 3690 l7.
2066 3635 2326 3691 Venabula
2355 3637 2692 3706 transfossus.
2727 3638 2888 3694 IIasta
2911 3639 3281 3695 Alexandrum
3312 3641 3372 3694 Cl
3403 3643 3437 3694 ti

1852 3707 1992 3762 latus
2018 3707 2358 3762 lranslixisse
2383 3708 2601 3764 Curtius
2631 3709 2840 3763 scribit.
2869 3711 3084 3764 Arrian.
3112 3712 3273 3765 tradit
3311 3712 3446 3766 alios

1889 3779 2153 3858 rodidisse
2187 3779 2406 3858 Clitum
2451 3779 2693 3858 occisum
2743 3781 2931 3853 λόγχῃ,
2995 3783 3133 3836 alios
3179 3786 3440 3858 copiosa;

1895 3850 1992 3904 Iul.
2027 3852 2224 3920 αξχμήν
2250 3860 2428 3905 vocat.
2471 3849 2635 3904 Fsun.
2792 3884 2794 3886 τ

1925 3921 2014 3975 18.
2057 3919 2286 3975 Moriens
2313 3923 2617 3976 cruentavit.
2655 3921 2832 3986 Meus,
2863 3931 3026 3977 morte
3051 3924 3352 3978 cruentavit.

1923 3992 2013 4048 19.
2059 3989 2445 4045 Insaturabilis.
2501 3991 2574 4046 lla
2608 3993 2660 4046 in
2694 3993 2944 4048 omnibus
2970 3994 3147 4048 inveni
3183 4009 3312 4050 mss.
3343 3995 3445 4048 nisi

1850 4062 1993 4134 quod
2020 4062 2330 4134 insatiabilis
2359 4064 2428 4117 sit
2459 4062 2512 4116 in
2539 4062 2708 4132 Lugd.
2744 4063 2864 4117 Bal.
2894 4070 3090 4134 primo.
3120 4065 3186 4119 Et
3212 4065 3284 4118 ita
3315 4081 3448 4134 quo-

1852 4132 1957 4205 que
1997 4147 2188 4188 omnes
2217 4132 2417 4205 habent
2463 4134 2614 4200 editi,
2660 4132 2908 4202 excepta
2933 4136 3162 4205 Augu~t.
3209 4132 3450 4204 quaeha-

1851 4204 1945 4260 bet
1993 4203 2442 4268 inexsaturabilis,
2495 4214 2656 4274 prout
2721 4203 3039 4260 ediderunt'
3069 4203 3347 4260 Fabricius
3395 4217 3452 4260 et

1857 4277 2091 4331 Scottus.
2117 4275 2308 4330 Cicero
2345 4275 2493 4330 Orat.
2529 4290 2625 4344 pro
2655 4275 2716 4330 P.
2750 4277 2938 4332 Sextio
2968 4294 3086 4346 cap.
3116 4275 3176 4331 5|
3216 4293 3232 4330 :
3266 4275 3448 4331 bibi-lii

1852 4363 1946 4418 pro
1977 4347 2094 4419 vino
2119 4347 2274 4419 etiam
2300 4363 2435 4416 sirpe
2461 4348 2954 4419 Oppignerabantur,
2983 4347 3219 4402 manebat
3249 4349 3450 4403 insatu-

1852 4417 2014 4472 rabile
2038 4418 2310 4481 abdomen,
2358 4419 2522 4488 copia:
2551 4417 2878 4488 deﬁciebant.

1923 4489 2293 4563 QQ._Sitiebat
2342 4505 2597 4563 cruorem.
2667 4489 3013 4563 Epigramma
3057 4490 3112 4546 in
3164 4489 3442 4547 Tiberium

1852 4559 1997 4631 apud
2025 4559 2250 4616 Sucton.
2279 4574 2399 4631 cap.
2433 4559 2502 4616 59
2535 4578 2549 4615 ε

1976 4704 2182 4757 Fastidit
2206 4706 2370 4757 vinum
2393 4707 2506 4770 quia
2527 4704 2625 4769 jam
2645 4706 2746 4757 sitit
2770 4705 2866 4757 iste
2887 4717 3133 4757 cruorem.

1927 4852 2020 4908 91.
2062 4851 2371 4910 Chorasmos
2417 4863 2465 4906 et
2496 4849 2696 4906 Dahas.
2750 4853 2926 4910 Dahas
2955 4871 3060 4912 non
3091 4853 3265 4913 Ducas
3288 4866 3370 4913 est
3399 4857 3451 4913 in

1866 4927 2247 4993 manuscriptis
2276 4925 2453 4980 Orosii
2492 4932 2546 4979 et
2576 4923 2769 4979 .lustini
2805 4928 2956 4982 libris
2989 4944 3002 4980 :
3036 4944 3138 4983 nec
3169 4931 3328 4984 aliter
3358 4945 3454 4983 eos

1860 4998 2099 5051 nominat
2150 4995 2366 5052 Curtius
2415 4995 2510 5049 lib.
2537 5011 2608 5049 vtl
2638 5006 2692 5051 et
2720 5012 2834 5053 vttt.
2870 4998 3045 5052 (ἔταξθὶ
3074 5001 3210 5061 Δάας
3238 5011 3451 5054 vocant.

1862 5069 2012 5129 Ouns
2064 5078 2247 5123 autem
2305 5066 2548 5121 Justinus
2596 5075 2650 5121 et
2704 5068 2926 5123 Orosius
2976 5067 3309 5136 Chorasinos,
3358 5086 3454 5123 eos

1862 5137 2008 5217 Arri.
2052 5137 2149 5217 lib.
2180 5153 2258 5206 tv,
2291 5137 2588 5217 etSt-rabo.
2632 5138 2724 5194 lib.
2770 5139 3455 5217 Xt_pratau§~t_oo'ogappel-

1864 5210 2008 5271 laut,
2045 5208 2121 5280 ad
2159 5224 2296 5278 quos
2320 5210 2685 5280 Spitamenes
2719 5208 3062 5280 confugerat;
3083 5212 3220 5266 Plin.
3253 5208 3355 5265 lib.
3383 5227 3453 5276 \l,

1863 5295 1916 5336 c.
1948 5279 2038 5344 16,
2073 5279 2126 5333 hi
2158 5289 2276 5334 sunt
2301 5279 2610 5333 Chorasntii.
2645 5280 2807 5334 FABR.

1952 5350 2046 5404 22.
2105 5349 2472 5405 Callisthenem
2512 5351 2896 5421 philosOphum.
2960 5354 3040 5408 De
3107 5351 3453 5406 Callisthenis

1865 5421 2105 5492 Olynthii
2154 5421 2375 5477 interitu
2419 5425 2638 5492 COpiose
2682 5425 2803 5477 Arr.
2835 5425 2927 5478 lib.
2973 5440 3044 5486 tv,
3071 5423 3211 5478 Plut.
3247 5425 3297 5476 in
3327 5423 3456 5477 Alu-

1868 5492 2089 5558 xandr.,
2134 5493 2352 5548 Curtius
2385 5493 2481 5548 lib.
2541 5509 2652 5547 vnt.
2699 5494 2772 5548 De
2803 5495 2992 5549 eodem
3020 5494 3088 5548 Μ.
3125 5493 3331 5548 Tullius
3363 5512 3460 5560 pro

1869 5563 2092 5618 Rabirio
2144 5563 2436 5620 l'osthttmo
2467 5581 2478 5618 :
2513 5563 2901 5629 Callisthenem,
2948 5566 3150 5618 doctum
3177 5564 3458 5630 hominum,

1871 5635 2108 5688 comitem
2138 5634 2318 5708 Magni
2347 5636 2649 5708 Alexandri,
2695 5638 2760 5692 ab
2789 5635 3087 5695 Alexandro
3114 5646 3347 5694 necatum
3373 5653 3459 5693 ac-

1872 5708 2122 5782 cepimus.
2154 5707 2322 5769 FABB.
