4046 6344
566 288 675 348 859

1962 281 2170 347 rsum
2207 281 2432 344 onosu
3708 289 3793 355 ειο

560 421 691 465 vero
737 405 878 478 apud
923 405 1296 479 Babyloniam,
1326 419 1453 462 eum
1493 404 1674 462 adhuc
1704 404 2025 476 sanguinem
2075 406 2151 462 si-
2175 404 2230 466 Α
2253 402 2469 473 utrique
2502 400 2797 457 infeliciter
2827 410 2988 458 notus
3014 399 3254 468 Oceano,
3287 406 3342 459 et
3369 408 3537 460 tamen
3562 412 3658 462 tam
3686 411 3787 465 vio-

567 501 731 570 tiens,
755 499 897 556 male
924 500 1187 571 castigata
1215 498 1496 565 aviditate,
1521 498 1753 554 ministri
1777 498 1993 555 insidiis
2020 500 2043 532 '
2061 516 2155 558 ve-

567 608 770 650 nenum
795 600 1059 662 potasset,
1093 591 1322 647 interiit.
1352 590 1397 646 0
1418 591 1555 647 dura
1589 605 1743 647 mens
1774 592 2079 662 hominum,
2103 604 2160 651 et

566 702 664 743 cor
684 700 904 758 semper
925 684 1311 741 inhumanum!
1338 683 1453 756 Ego
1480 684 1599 755 ipse
1625 685 1719 756 qui
1745 684 1862 740 hrcc
1889 699 1989 756 pro
2013 701 2162 743 asse-

566 779 738 837 renda
782 780 1027 835 omnium
1075 787 1381 849 temporum
1432 777 1454 809 τ
1508 777 1781 833 alternata
1842 778 2153 833 calamitate

576 888 896 947 percenseo,
928 873 981 928 in
1019 872 1197 929 relatu
1230 871 1363 927 tanti
1394 870 1548 937 mali,
1578 886 1687 941 quo
1712 871 1800 928 vel
1834 881 2011 928 morte
2033 873 2150 942 ipsa

570 969 660 1027 vel
708 962 997 1024 formidine
1045 966 1239 1023 mortis
1280 975 1505 1037 accepta
1548 973 1699 1022 totus
1728 966 1963 1022 mundus
1988 966 2160 1023 intre-

570 1064 736 1129 muit,
769 1060 1030 1132 numquid
1069 1060 1404 1132 illacrymavi
1443 1059 1657 1116 oculis?
1699 1060 1962 1132 numquid
1992 1060 2161 1118 corde

569 1153 862 1212 eondolui?
898 1151 1163 1223 numquid
1213 1152 1506 1209 revolvens
1557 1152 1697 1221 baac,
1746 1161 1970 1224 propter
2008 1168 2161 1208 com-

581 1261 801 1303 munem
848 1244 1067 1301 vivendi
1117 1253 1346 1312 statum,
1381 1244 1648 1315 majorum
1709 1244 1960 1301 miserias
2007 1258 2160 1300 meas

569 1339 710 1396 feci?
736 1353 859 1397 cum
909 1347 1089 1394 tamen
1137 1337 1185 1393 si
1233 1338 1454 1407 quando
1497 1336 1569 1394 de
1611 1338 1824 1409 meipso
1868 1337 2073 1407 refero,
2105 1346 2163 1393 ut

571 1432 785 1503 ignotos
828 1430 1063 1501 primum
1107 1428 1376 1485 barbaros
1412 1428 1664 1499 viderim,
1691 1427 2023 1486 utinfcstos
2068 1428 2165 1485 de-

569 1522 907 1591 clinaverim,
931 1532 989 1579 ut
1017 1522 1429 1579 dominantibus
1458 1522 1480 1556 ⁸
1500 1522 1811 1578 eblanditus
1840 1523 1966 1589 sim,
1993 1529 2054 1577 ut
2079 1520 2165 1577 in-

571 1617 761 1674 ﬁdeles
816 1615 1189 1687 pmeaverim,
1230 1622 1290 1670 ut
1335 1613 1657 1671 insidiantes
1702 1612 2154 1684 subterfugerim,

576 1718 854 1782 postremo
876 1718 932 1764 ut
959 1716 1350 1780 persequentes
1385 1708 1438 1763 in
1471 1708 1632 1775 mari,
1665 1722 1728 1764 ac
1759 1707 1948 1764 saxis“
1971 1709 2157 1779 spicu-

2261 497 2422 555 lentae
2463 499 2804 555 necessitatis
2847 500 3134 569 memoria,
3164 499 3249 555 vel
3287 498 3549 558 oblivione
3584 503 3783 573 defecit,

2261 592 2346 648 vel
2393 592 2548 648 viluit
2576 600 2871 648 vetustate.
2903 591 2970 647 Et
3011 607 3111 647 nos
3160 602 3432 663 perpetua:
3477 596 3796 655 recordationi

2264 684 2541 741 haesurum
2568 694 2844 755 putamus,
2861 685 3004 757 quod
3028 684 3259 756 plurima
3282 685 3429 742 orbis
3453 698 3786 761 partesecura,

2262 794 2430 834 unum
2481 780 2739 851 angulum
2789 778 2953 850 fugax
2997 780 3137 835 latro
3184 778 3403 835 violavit
3445 798 3457 834 :
3496 783 3639 853 quasi
3686 800 3795 840 vero

2265 870 2570 928 Gothorum
2595 881 2652 928 et
2671 870 2978 928 Suevorum
3006 873 3218 943 pacem,
3244 882 3304 926 ut
3338 885 3443 927 non
3479 872 3639 929 dicam
3664 889 3795 932 versa

2263 966 2384 1022 vice
2431 964 2597 1021 Indus
2650 975 2707 1021 et
2754 964 3034 1037 Assyrius,
3077 963 3175 1021 sed
3227 963 3392 1019 etiam
3429 964 3508 1020 vel
3556 966 3678 1036 ipse,
3725 969 3799 1038 qui

2270 1058 2483 1115 hostem
2532 1057 2756 1128 patitur,
2804 1058 3080 1130 llispanus
3136 1057 3397 1116 oraverit.
3431 1062 3471 1094 ιι
3506 1057 3573 1114 At
3614 1073 3726 1115 vero
3766 1061 3803 1115 si

2262 1150 2706 1209 illa‘Alexandr-i
2759 1161 3012 1224 tempora
3069 1151 3340 1208 laudanda
3389 1153 3562 1223 potius
3613 1160 3802 1223 propter

2264 1245 2540 1311 virtutem,
2595 1259 2702 1315 qua
2754 1251 2900 1299 totus
2946 1244 3099 1301 orbis
3149 1245 3195 1276 η
3240 1244 3498 1301 obtentus
3541 1253 3641 1312 est,
3672 1260 3804 1316 quam

2262 1334 2579 1392 detestanda
2612 1344 2836 1405 propter
2864 1335 3105 1404 ruinam,
3136 1348 3244 1407 qua
3271 1342 3419 1391 totus
3450 1333 3595 1391 orbis
3618 1348 3806 1391 eversus

2263 1439 2367 1498 est,
2393 1428 2706 1502 iudicantur
2731 1448 2746 1485 :
2779 1429 3128 1485 invenientur
3152 1428 3198 1461 ¹³
3231 1439 3287 1486 et
3312 1427 3479 1485 modo
3505 1428 3807 1498 plurimi,qui

2264 1522 2381 1577 hare
2411 1520 2678 1576 laudanda
2701 1529 2982 1588 censeant,
3007 1519 3155 1591 quod
3177 1519 3345 1575 multa
3370 1518 3624 1586 vicerunt,
3651 1526 3700 1573 et
3722 1519 3808 1573 mi-

2263 1614 2437 1670 serias
2475 1613 2707 1670 aliorum
2753 1612 3069 1668 felicitatem
3116 1627 3270 1668 suam
3318 1620 3587 1683 reputent.
3627 1609 3723 1667 Sed
3743 1610 3811 1665 di-

2263 1717 2353 1765 cat
2389 1705 2436 1742 "
2459 1707 2744 1780 quisquam
2773 1725 2788 1763 :
2843 1706 2938 1762 lsti
2959 1706 3007 1738 “
3030 1705 3217 1762 hostes
3254 1705 3530 1761 Romaniae
3564 1713 3697 1760 sunt.
3721 1702 3809 1757 lle-

572 1804 752 1876 lisque
798 1811 1137 1875 appetentes,
1183 1802 1437 1858 manibus
1472 1802 1632 1875 194
1656 1802 1817 1858 etiam
1855 1816 1999 1873 pene
2041 1802 2150 1872 jam
2190 1818 2240 1881 Β
2265 1801 2655 1872 spondebitur:
2678 1801 2796 1858 Hoc
2833 1811 2887 1857 et
2924 1809 3053 1857 tunc
3084 1800 3182 1855 toti
3211 1797 3424 1855 Orienti
3451 1797 3520 1855 de
3543 1797 3811 1853 Alexandro

572 1895 1069 1968 apprehendentes,
1090 1896 1373 1966 repentina
1404 1896 1601 1951 nebula
1630 1894 1997 1952 circumfusus
2028 1911 2156 1953 eva-

572 1991 761 2057 serim,
793 1997 1025 2045 cunctos
1065 1989 1352 2045 audientes
1390 2004 1501 2055 me,
1533 1990 1586 2045 in
1614 1990 1888 2063 lacrymas
1915 2005 2159 2047 commo-

570 2087 691 2144 veri
728 2087 893 2143 velim
937 2098 995 2143 et
1038 2086 1237 2142 tacitus
1286 2085 1357 2142 de
1404 2067 1513 2142 ιιόιι
1556 2084 1869 2143 dolentibus
1919 2085 2187 2153 doleam,-

573 2189 833 2251 reputans
856 2178 1115 2235 duritiem
1139 2192 1351 2243 eorum,
1383 2178 1501 2249 qui,
1532 2177 1676 2249 quod
1696 2192 1802 2234 non
1830 2179 2159 2248 sustinuere,

571 2286 684 2327 non
725 2272 976 2327 credunt.
1007 2270 1053 2303 ¹⁶
1084 2270 1356 2340 Hispanus
1380 2278 1435 2326 et
1468 2268 1713 2341 Morinus
1743 2268 1813 2325 ad
1840 2271 2160 2341 supplican-

571 2365 701 2421 dum
738 2363 1047 2420 Alexandro
1078 2363 1430 2435 Babyloniam
1468 2362 1627 2433 adiit,
1650 2372 2047 2435 cruentumque
2075 2362 2162 2420 ul-

574 2466 660 2513 tro
689 2456 991 2523 dominum,
1022 2470 1094 2512 ne
1141 2455 1358 2513 hostem
1403 2455 1700 2527 exciperet,
1733 2470 1833 2526 per
1877 2457 2160 2527 Assyriam

564 2550 887 2622 Indiamque
924 2549 1177 2624 quasivit
1220 2566 1233 2605 :
1285 2557 1553 2607 terrarum
1594 2556 1769 2606 metas
1812 2547 2053 2605 lustrans
2098 2558 2156 2607 et

2265 1893 2548 1949 videbatur
2576 1908 2591 1946 :
2619 1891 2862 1964 talesque
2882 1901 2938 1948 et
2969 1889 3199 1948 Romani
3229 1891 3353 1946 aliis
3379 1889 3479 1945 visi
3513 1890 3657 1962 195
3683 1897 3807 1955 sunt,

2263 1986 2392 2043 dum
2433 1984 2590 2041 bellis
2621 1984 2837 2056 quietos
2886 1985 3210 2056 ignotosque
3258 1982 3585 2055 petiverunt.
3623 1980 3719 2038 Sed
3750 1981 3812 2036 illi

2265 2078 2553 2151 acquirere
2573 2092 2761 2149 regna,
2780 2077 2868 2133 isti
2899 2086 3148 2133 evertere
3174 2074 3416 2132 student.
3441 2075 3688 2144 Separat:
3706 2081 3812 2129 sunt

2266 2172 2440 2229 hostis
2469 2170 2702 2237 excidia,
2733 2178 2790 2227 et
2828 2170 3036 2241 judicia
3078 2171 3305 2226 victoris
3336 2186 3351 2224 :
3382 2169 3645 2241 siquidem
3675 2176 3723 2223 et
3751 2168 3813 2222 illi

2270 2265 2419 2337 prius
2440 2279 2535 2321 eos
2563 2263 2724 2321 bellis
2746 2263 3079 2333 afﬂixerunt,
3112 2278 3252 2335 quos
3283 2272 3476 2334 postea
3504 2264 3611 2320 suis
3633 2260 3811 2333 legibus

2237 2361 2591 2418 ordinarunt
2631 2376 2646 2415 :
2690 2365 2749 2415 et
2797 2356 2854 2413 hi
2898 2372 3043 2414 nunc
3074 2357 3119 2389 “
3149 2357 3426 2415 hostiliter
3471 2356 3679 2412 turbant
3717 2367 3816 2424 qute

2266 2452 2433 2528 (quod
2453 2468 2561 2509 non
2589 2450 3085 2523 permiseritDeus)
3109 2451 3155 2507 si
3186 2450 3432 2507 edomita
3462 2452 3505 2483 ¹⁷
3525 2449 3817 2512 obtinerent,

2264 2549 2374 2606 ritu
2418 2562 2518 2606 suo
2569 2560 2902 2620 componere
2950 2545 3297 2617 molirentur,
3340 2544 3563 2603 dicendi
3613 2540 3814 2617 posteris

1866 2728 2318 2790 llAVERCMIPI
2351 2729 2585 2790 NOTE.

642 2872 697 2932 6.
725 2871 855 2930 Cum
884 2886 1131 2929 uenenum
1152 2872 1401 2942 potuisset,
1422 2864 1641 2942 interiit.
1671 2865 1917 2924 Justinus
1943 2875 1999 2922 et
2022 2865 2157 2942 Gro-

571 2947 686 3004 sius
727 2955 1025 3015 sequuntur
1047 2938 1169 3015 eos,
1194 2941 1285 3010 qui
1321 2938 1689 3015 {alexandrum
1721 2953 1933 3015 veneno
1959 2938 2153 3015 subla-

572 3029 685 3074 tutn
728 3006 1086 3087 scripserunt.
1114 3006 1408 3087 Plutarcho
1449 3017 1506 3065 et
1529 3009 1761 3087 _A_rriano
1782 3006 1871 3087 hic
1897 3009 2150 3087 interitus

574 3104 682 3144 non
712 3079 909 3156 placet,
927 3088 1224 3157 quosglege.
1252 3080 1417 3136 Fun.
1440 3110 1512 3120 -—-
1532 3079 1818 3157 Venenum
1848 3079 2156 3157 Alexandro

574 3150 750 3215 luisse
789 3150 972 3211 datum
1015 3150 1192 3211 fabula
1240 3161 1344 3215 est,
1385 3166 1544 3221 quam
1573 3150 1824 3207 nonnulli
1860 3152 2157 3222 scriptores

576 3228 727 3285 varie
754 3236 1108 3284 exornarunt.
1136 3223 1458 3279 Plutarchus
1490 3222 1543 3277 in
1570 3224 1727 3279 Alex.
1751 3237 1806 3293 p.
1825 3221 1927 3277 707
1957 3222 2157 3287 liquido

578 3280 1020 3361 ιἰῑᾱὲηἰόιὶέίτᾱι
1034 3280 1207 3366 neque
1229 3294 1337 3349 ulla
1354 3294 1423 3351 de
1442 3308 1655 3349 veneno
1679 3280 1916 3366 sitspicio
1928 3280 2158 3366 exstitit,
2190 3280 2236 3345 C

578 3372 891 3442 priusquam
938 3368 1076 3442 hanc
1122 3363 1469 3442 calumniam"
1506 3367 1828 3442 excogitavit
1874 3363 2152 3442 Oiympias

578 3432 772 3495 contra
794 3439 1014 3496 domum
1045 3437 1319 3508 Antipatri
1347 3445 1402 3508 et
1430 3432 1741 3503 Cassandri,
1773 3450 1913 3508 quos
1943 3432 2156 3508 mulie-

580 3513 661 3568 hri
694 3512 1005 3580 impotentia
1035 3505 1411 3580 oderat.Vide
1434 3523 1540 3580 non
1575 3523 1680 3561 uno
1713 3508 1763 3561 in
1790 3504 1926 3562 loco
1973 3504 2158 3561 Histo«

580 3586 715 3639 riam
737 3576 806 3637 de
832 3582 951 3638 Vita
980 3579 1270 3635 Alexandri
1304 3594 1331 3630 a
1361 3576 1521 3632 nobis
1547 3586 1882 3633 contextam.

652 3656 705 3710 7.
740 3651 1009 3707 Alternata
1035 3651 1347 3705 calamitate.
1379 3647 1519 3703 Cod.
1550 3648 1831 3712 Perizon.,
1858 3646 2163 3702 alternatim

580 3724 892 3780 calamitate.
943 3722 1114 3793 Lugd.
1150 3721 1300 3793 ,Batt.
1332 3727 1563 3790 quatuor
1606 3736 1730 3777 cum
1763 3720 1883 3777 Meo
1925 3729 1979 3774 ct
2016 3717 2158 3774 Coll.

482 3804 490 3810 ’
584 3797 848 3857 ϐτοιιον..
878 3792 1159 3849 alternanti
1188 3792 1503 3846 calamitate.

654 3870 707 3923 8.
741 3865 1053 3920 Eblanditus
1089 3865 1208 3918 sim.
1255 3860 1391 3917 Cod.
1445 3860 1687 3932 Longob.
1726 3870 1782 3916 et
1834 3859 2007 3931 Lugd.
2038 3859 2161 3914 Bal.

582 3945 791 4005 quart.,
822 3937 1089 3992 blanditus
1108 3949 1242 3989 sum.
1268 3932 1386 3988 Non
1425 3942 1599 4005 mulo,
1628 3948 1751 3987 nam
1796 3932 2165 4005 c_blandiri__e_st

582 4002 862 4064 blanditiis
884 4008 1085 4064 elicere
1111 4013 1168 4060 et
1198 4005 1514 4075 impetrare.
1544 4002 1737 4075 Cicero
1766 4003 1835 4059 ad
1867 4004 2030 4075 Attic.
2064 4002 2161 4075 lib.

582 4081 684 4136 ult.
699 4096 788 4149 ep.
808 4079 873 4136 l9
894 4096 907 4132 :
930 4077 1209 4149 Nunc,_n_ti
1234 4072 1436 4149 cupito,
1469 4083 1555 4131 etc
1584 4118 1599 4145 ,
1633 4072 1867 4145 elabora,
1890 4073 1967 4129 rel
1994 4072 2165 4145 potius

580 4146 869 4214 eblandire,
899 4150 1071 4221 effice,
1107 4146 1367 4221 Platonis,
1402 4153 1507 4201 etc.

655 4223 711 4279 9.
741 4214 1098 4293 Spicul'i’sque.
1146 4218 1221 4273 lta
1272 4231 1462 4293 omnes
1514 4214 1891 4293 mss.'et_edd.
1934 4225 2161 4293 excepta

584 4286 814 4363 August'.
864 4292 917 4346 in
983 4286 1088 4360 qua
1136 4289 1475 4363 speratisque.
1524 4288 1686 4354 Quasi
1736 4286 2164 4363 de_i_nsidiis_’ex

584 4357 803 4435 Specula
836 4357 1018 4418 sermo
1047 4371 1216 4422 esset,
1254 4358 1397 4428 quod
1437 4375 1541 4435 nn_n
1581 4368 1739 4435 puto;
1780 4357 1947 4411 llabet
1974 4357 2165 4435 eadem

585 4427 674 4489 ed.
705 4434 997 4487 adnitentes
1028 4446 1127 4500 pro
1156 4437 1470 4501 appetentes.
1500 4428 1673 4501 Lugd.
1704 4428 1822 4482 Bal.
1864 4427 2168 4501 guart._ad-

585 4505 787 4568 dentes,
820 4502 914 4558 sed
950 4498 1043 4571 pr;
1065 4511 1125 4571 ct
1149 4498 1271 4555 tert.
1312 4498 1483 4567 Lugd.
1517 4499 1659 4553 Batt.
1695 4498 1997 4571 cumHCQAll.
2029 4498 2167 4571 Gro-

588 4591 715 4629 nov.
745 4567 1083 4629 attendentes.
1112 4570 1165 4625 In
1193 4571 1255 4624 iis
1286 4585 1405 4640 qum
1432 4576 1732 4640 sequuntur
1765 4567 2056 4623 adluditad
2088 4568 2167 4625 fa—

584 4646 766 4701 bulam
815 4644 1157 4700 llonicricam
1197 4642 1265 4696 de
1312 4640 1518 4705 Aﬂnea,
1547 4641 1870 4697 circumfusa
1917 4640 2165 4695 nebulaa

586 4718 691 4772 diis
717 4732 782 4772 cx
816 4715 1050 4771 hosﬁum
1080 4712 1330 4769 manibus
1352 4721 1560 4779 erepto.

660 4790 750 4844 ill.
786 4785 1052 4859 Hispanus
1087 4782 1384 4859 Maurinns.
1421 4781 1477 4838 In
1525 4781 1724 4859 nostris
1775 4780 2161 4859 ati_tit_|uis_es_l,

587 4859 860 4930 Hispanus
886 4851 937 4930 'et
974 4856 1228 4910 marinus.
1260 4853 1724 4930 Fann._--_Miror
1765 4868 1796 4907 a
1824 4851 2072 4930 Fabricio
2112 4854 2163 4906 in

587 4922 722 4987 mss.
748 4945 855 4985 non
888 4928 1160 4983 inventam
1203 4941 1388 4980 veram
1435 4925 1722 4981 lectionem
1756 4925 1840 4980 vel
1873 4924 1942 4978 ab
1969 4922 2164 4978 eodem

586 5002 943 5069 excogitatam
977 4998 1168 5069 fuisse.
1212 4996 1348 5061 Quid
1381 4998 1523 5069 enim
1577 4995 1849 5069 Hispanus
1890 4992 2168 5069 Maurinus

586 5016 720 5057 θκοο
762 5016 943 5054 ttatam
977 5016 1168 5054 IIIISSB.
1212 5016 1348 5061 υιιια
1381 5016 1523 5051 ειιιιιι
1577 5016 1849 5069 Hispanus
1890 5016 2168 5049 maurmus

586 5076 672 5128 vel
696 5016 976 5126 Agat-inus?
999 5068 1234 5125 Omnino
1256 5068 1568 5140 legendum,
1596 5065 2052 5140 quemadmodum
2075 5080 2173 5120 ex-

586 5154 695 5199 stat
728 5145 781 5198 in
806 5143 894 5198 ed.
927 5143 1153 5212 August.
1180 5138 1471 5212 etin'mss:
1490 5138 1662 5209 Lugd.
1694 5140 1836 5212 Batt.
1868 5147 2021 5212 pr._et
2040 5147 2164 5212 ._tcr—

589 5216 688 5279 tio,
721 5215 775 5268 in
806 5214 942 5280 Meo,
968 5208 1249 5277 Peritum,
1274 5209 1410 5280 Coll.
1432 5208 1698 5276 Gronov.,
1731 5210 1902 5264 tribus
1932 5208 2167 5280 denique

588 5276 942 5351 Florentinis,
966 5276 1242 5354 Hispanus
1260 5289 1308 5334 et
1334 5279 1597 5354 Marinus,
1624 5281 1748 5337 licet
1770 5280 2015 5354 Longob.
2040 5276 2164 5333 cad.

588 5358 706 5413 sive
755 5350 1183 5425 Flursprimns,
1220 5353 1425 5407 scribat
1474 5350 1741 5425 Morcnus.
1792 5352 1997 5425 Morini
2043 5358 2169 5425 apte

589 5443 713 5483 cum
750 5418 1007 5496 llispanis
1033 5423 1458 5496 coniunguntur.
1492 5423 1702 5496 longius
1728 5424 1892 5479 etiam
1944 5421 2011 5496 ab
2038 5418 2170 5474 Asia

588 5498 784 5567 dissiti,
830 5491 919 5567 qui
973 5491 1191 5550 extrerm'
1245 5494 1511 5548 hominum
1567 5492 1790 5566 Virgilio
1829 5491 2170 5564 appellantur

587 5569 684 5625 lib.
715 5566 980 5634 IEn.'vtn,
1008 5567 1110 5621 727
1137 5582 1150 5621 :

647 5668 973 5733 Extremique
995 5668 1248 5720 hominum
1271 5665 1447 5717 lict-ini
1472 5664 1787 5740 Rhenusque
1810 5666 2044 5718 bicornis.

583 5774 669 5847 Ad
693 5773 878 5835 Celtas
906 5772 1039 5837 olim
1078 5772 1137 5836 hi
1161 5772 1533 5855 pertinebant,
1562 5770 1748 5835 Celtas
1765 5790 1897 5836 vero
1922 5773 2066 5839 inter
2093 5774 2170 5847 le-

2263 2876 2418 2938 gatos
2446 2880 2665 2939 quoque
2700 2881 2767 2923 eo
2797 2873 3049 2937 tempore
3092 2864 3241 2922 visos
3282 2865 3456 2923 fuisse
3485 2864 3676 2939 antiqui
3711 2861 3827 2939 scri-

2264 2936 2780 3009 ptores'afllrmant,
2810 2936 2975 3009 prout
2999 2939 3181 3008 colligi
3216 2947 3398 3007 potest
3426 2953 3495 2996 ex
3525 2936 3746 3005 Arriani,
3775 2950 3828 2988 eo

2263 3008 2423 3079 quem
2462 3008 2845 3072 indicavimus.
2894 3008 3040 3064 loco.
3093 3010 3274 3076 Quare
3320 3011 3490 3065 etiam
3535 3009 3827 3079 legationem

2264 3077 2627 3151 Hispanorum
2656 3090 2713 3135 et
2739 3079 3043 3151 Gallorum,
3074 3081 3127 3136 id
3164 3092 3249 3136 est
3285 3077 3604 3143 Celtarum,
3633 3077 3831 3151 conjun-

2263 3153 2340 3221 git
2365 3147 2500 3220 'ipse
2554 3151 2780 3223 Orosius
2834 3151 2932 3209 lib.
2978 3147 3055 3220 vr,
3083 3166 3136 3208 c.
3175 3152 3272 3220 2i,
3304 3161 3368 3207 ut
3401 3158 3553 3223 patet
3581 3165 3647 3207 ex
3672 3147 3831 3204 verbis

2269 3237 2431 3291 supra
2465 3240 2523 3278 ιι.
2545 3223 2580 3278 5
2612 3221 2814 3277 allatis.

2339 3293 2430 3349 ll.
2461 3294 2528 3348 At
2555 3308 2673 3348 vero
2724 3293 2768 3348 si
2802 3293 2919 3349 illa.
2962 3292 3269 3350 Florentini
3305 3301 3453 3362 tres,
3483 3293 3601 3351 Meo
3629 3304 3834 3348 consen-

2263 3364 2456 3432 tiente,
2489 3365 2554 3419 At
2588 3380 2709 3419 vero
2745 3365 2792 3419 si
2831 3366 2964 3419 ulla.

2336 3436 2424 3490 l2.
2444 3430 2710 3491 VObtentus
2736 3443 2834 3491 est.
2852 3436 3002 3491 Mens
3028 3434 3153 3491 cod.
3176 3449 3300 3491 cum
3332 3435 3590 3491 Perizon.
3616 3430 3832 3488 ettribns

2265 3505 2437 3577 Lugd.
2463 3508 2610 3590 llatt.
2642 3516 2718 3561 est
2750 3507 2851 3562 hoc
2884 3506 3086 3563 inloco
3109 3506 3278 3576 delet,
3293 3507 3425 3578 quia
3456 3506 3635 3563 statim
3663 3505 3831 3559 iterum

2263 3588 2497 3634 OCCIII‘l'll
2509 3618 2525 3634 .

2338 3649 2426 3705 15.
2455 3648 2521 3702 Et
2563 3647 2718 3703 modo
2761 3647 2993 3715 plurimi.
3044 3646 3523 3719 Quatuor'Lugd.
3566 3646 3828 3719 Ball.cuut

2263 3718 2380 3775 Col.
2398 3720 2665 3785 Gronov.,
2682 3719 2963 3773 admodum
2978 3719 3210 3787 plurimi.
3239 3718 3347 3775 Sed
3371 3727 3594 3788 prmstal
3620 3718 3830 3788 vulgata.

2303 3791 2387 3845 uia
2409 3784 2713 3860 prmeessit,
2745 3790 2791 3843 si
2816 3790 2911 3862 illa
2932 3784 3225 3862 Alexandri
3250 3784 3528 3862 tempora,
3548 3799 3656 3862 etc.
3698 3784 3821 3862 Etlit.

2314 3854 2493 3932 ugu'st.
2526 3871 2812 3930 utramque
2858 3860 3148 3917 lectionem
3175 3854 3406 3919 exhibet
3445 3854 3542 3931 ita,
3584 3854 3836 3913 admodum

2264 3931 2343 3988 vel
2366 3931 2531 3987 modo
2556 3932 2790 4002 plurimi.

2342 4003 2429 4060 14.
2463 3997 2772 4072 Quisquam.
2804 4001 2882 4058 Ita
2917 4016 3109 4060 omnes
3139 4017 3311 4065 mss.:
3339 4003 3444 4061 sed
3475 4000 3696 4075 vulgati,
3716 3997 3837 4071 quis-

2266 4091 2443 4145 quam.

2342 4146 2430 4200 15.
2470 4143 2663 4200 Hostes
2695 4145 2966 4201 ﬂamonia:
2993 4154 3147 4216 sunt.
3170 4144 3408 4216 Scripsit
3439 4146 3530 4216 hic
3559 4140 3833 4216 Fabricius,

2271 4216 2523 4271 Romanis
2570 4226 2724 4287 s_un_t,
2768 4217 3013 4287 territus,
3063 4211 3667 4287 Opinor,'absurditate
3710 4211 3839 4267 vocis

2219 4327 2226 4335 .
2272 4285 2689 4342 Iiomaniw.Srd
2733 4302 2854 4343 cum
2898 4285 3114 4343 Colon.‘
3157 4288 3299 4344 liber
3349 4290 3437 4344 sic
3488 4288 3700 4352 habeat,
3744 4297 3837 4337 non

2269 4359 2476 4429 veritus
2496 4373 2613 4413 sum
2634 4373 2729 4427 pro
2757 4358 3022 4414 Orosiano
3043 4372 3374 4429 agnoscere;
3408 4361 3705 4429 pransorqu
3724 4367 3829 4429 cum

2272 4428 2367 4484 lib.
2393 4445 2462 4485 vn
2476 4423 2651 4503 etiam
2676 4431 2756 4485 sic
2781 4430 3032 4503 loquatur
3066 4423 3102 4503 ξ
3116 4423 3369 4503 Εδεᾳιᾳιιέ
3387 4423 3445 4503 rit
3475 4423 3844 4503 uulgariterlo-

2269 4516 2426 4572 quar,
2464 4498 2678 4565 Gothia,
2709 4498 3132 4572 quod'Romania
3163 4498 3366 4571 fuisset.
3392 4498 3841 4572 Lauri—Optime

2271 4564 2517 4637 Lautius,
2548 4564 2778 4641 eamque
2810 4571 3102 4627 lectionem
3154 4564 3486 4628 conﬁrmant
3543 4579 3653 4627 tres
3696 4564 3839 4622 codd.

2193 4665 2247 4726 Β
2272 4640 2773 4726 lt'loren‘littihqttos
2791 4641 2950 4726 inter
2992 4652 3079 4698 est
3104 4642 3342 4726 optimus
3369 4653 3430 4699 et
3460 4640 3840 4699 vetustissimus

2271 4713 2697 4784 Langobardicis
2724 4714 2922 4768 litteris
2943 4713 3312 4784 conscriptus.

2343 4778 2431 4858 lli.
2474 4783 2749 4858 Ilostilt'ter
2789 4784 3036 4858 turbant,
3087 4778 3203 4858 qua:
3231 4784 3405 4858 (quod
3441 4800 3568 4858 non
3583 4778 3847 4858 permiserit

2270 4853 2440 4925 Deus)
2467 4855 2511 4908 si
2531 4854 2753 4910 edomita
2773 4854 3075 4910 obtinerent.
3102 4855 3178 4911 Ita
3200 4853 3427 4911 omnino
3441 4854 3537 4911 hic
3556 4856 3709 4912 locus
3728 4853 3846 4906 Uro-

2270 4926 2334 4981 sii
2362 4926 2620 4997 legendus
2650 4936 2814 4996 atque
2850 4926 3321 4997 interpungendus
3353 4934 3464 4982 est.
3520 4925 3843 4997 Intrusernnt

2267 4995 2677 5068 regnalqttidam
2705 4995 2758 5051 in
2788 5012 2922 5052 mss.
2953 5007 3008 5051 ct
3037 4995 3200 5053 editis
3229 4998 3505 5068 legentes,
3540 4995 3746 5052 turbant
3771 5009 3844 5047 re-

2268 5076 2393 5138 yna.
2433 5067 2638 5123 Verum
2685 5082 2863 5137 neque
2907 5077 3138 5138 vetusta:
3182 5067 3480 5137 editiones.
3516 5081 3696 5138 neque
3722 5077 3841 5118 mss.

2269 5128 2575 5211 Florentini
2601 5148 2734 5211 tres,
2761 5128 2936 5203 Meus,
2957 5137 3208 5196 Perizon.
3241 5148 3297 5195 et
3314 5136 3496 5211 Lugd.
3528 5128 3651 5194 Bai.
3678 5142 3841 5211 quat}.

2267 5208 2573 5281 cumColl.
2620 5208 2861 5265 Gronov.
2909 5223 3099 5281 vocem
3153 5211 3311 5281 istam
3359 5205 3847 5281 agnoscuntIDein

2271 5296 2371 5352 pro
2400 5280 2560 5353 (quod
2586 5298 2689 5353 non
2711 5279 3336 5353 permiseritDeuslqure
3366 5277 3542 5353 verba
3575 5277 3850 5353 parenthe-

2271 5349 2546 5408 seos'nota
2574 5349 2829 5421 distingui
2860 5366 2889 5405 a
2922 5349 3401 5423 reliquis'debent,
3436 5351 3655 5421 legunt,
3680 5349 3735 5404 in
3762 5362 3853 5417 quo

2274 5440 2422 5491 non,
2470 5431 2579 5479 etc.
2608 5464 2623 5490 ,
2674 5423 2921 5493 plerique
2955 5436 3101 5493 mss.
3155 5423 3410 5479 videlicet
3460 5424 3646 5493 Florr.
3698 5425 3855 5493 pr._et

2275 5488 2416 5567 ιρι-ιζ
2454 5488 2618 5567 (nam;
2652 5488 2763 5567 sec.
2804 5488 3000 5567 delet),
3048 5493 3222 5561 Mens,
3272 5494 3481 5561 Periz.,
3532 5488 3851 5567 Ultr.,’Coll.

2276 5562 2520 5621 Gronov.
2548 5605 2565 5632 ,
2597 5564 2764 5634 Lugd.
2797 5564 2917 5620 Dat.
2945 5579 3059 5633 pr.,
3092 5574 3243 5631 tert.,
3272 5573 3488 5633 quart.,
3522 5579 3655 5620 nam
3684 5562 3737 5617 in
3779 5574 3855 5630 pr.

2278 5635 2617 5693 desideratur
2666 5650 2771 5691 una
2819 5636 3025 5705 pagella
3046 5674 3063 5702 ,
3110 5635 3353 5704 adeoque
3384 5650 3528 5693 mss.
3562 5647 3772 5703 omnes,
3805 5638 3857 5690 ul

2276 5717 2334 5767 et
2357 5707 2450 5764 ed.
2482 5707 2796 5776 Augustana
2822 5723 2835 5761 :
2864 5720 3055 5761 omnes
3084 5706 3297 5762 vitiose.

2316 5856 2321 5861 ί
2351 5779 2440 5851 t7.
2484 5778 2802 5843 Obtiuereut.
2835 5777 2939 5843 Ed.
2970 5777 3113 5857 Aug.
3143 5777 3501 5846 Obtinurriut,
