4092 6346
283 285 387 345 8H

1299 291 1775 357 IIISTORIARUM
1816 296 2022 356 LIBER
2061 295 2149 359 ill.
2190 291 2343 360 CAP.
2386 296 2554 360 XXII.

3467 311 3575 372 84?.

291 403 475 498 magni
504 417 685 476 reges,
713 403 806 478 qui
836 417 982 464 nunc
1009 405 1053 442 ¹⁸
1080 407 1236 466 nobis
1261 410 1546 466 suavissimi
1581 411 1765 469 hostes
1784 412 1879 468 ad-
1905 421 1956 478 Α
1985 418 2156 487 partis
2205 426 2444 490 stragem
2494 418 2712 477 tandem
2761 421 2906 478 vicit.
2956 419 3035 480 Eo
3065 425 3257 496 proelio
3283 427 3304 458 ⁸
3333 433 3569 498 quadra-

270 497 618 570 judieantur.
654 500 697 533 ¹⁰
741 499 997 567 Quolibet
1039 510 1218 560 autem
1268 514 1422 575 gesta
1473 506 1602 562 talia
1653 506 1877 563 nomine

278 602 632 660 censeantur,
665 594 768 650 hoc
791 601 898 663 est,
924 596 1041 651 sive
1062 595 1317 652 dicantur
1344 597 1600 663 miseriae,
1626 600 1739 654 sive
1761 598 1877 654 vir-

277 695 456 757 tutes,
501 695 731 759 utraque
772 687 1048 758 prioribus
1089 700 1404 762 comparata
1432 691 1478 724 ¹⁰
1512 692 1565 747 in
1604 691 1710 749 hoc
1741 702 1878 748 tem-

286 795 420 851 pore
465 783 676 838 minora
714 791 844 838 sunt
877 801 889 836 :
917 783 960 815 ’ί
989 791 1155 855 atque
1204 785 1277 841 ita
1319 795 1550 858 utraque
1595 802 1694 859 pro
1720 787 1879 844 nobis

283 877 490 934 faciunt
510 877 565 933 in
596 879 1008 948 comparatione
1031 879 1331 936 Alexandri
1359 889 1522 953 atque
1541 881 1829 938 Persarum
1858 900 1875 937 ;

280 971 328 1025 si
355 971 528 1027 virtus
575 985 721 1028 nunc
767 971 1013 1028 vocanda
1041 981 1146 1042 est,
1186 974 1368 1031 minor
1395 983 1480 1032 est
1520 974 1755 1032 hostium
1785 992 1802 1040 ;
1832 975 1879 1032 si

280 1063 528 1133 miseria,
558 1065 738 1120 minor
765 1074 850 1120 est
881 1065 1279 1125 Romanorum.

783 1203 940 1276 193
963 1201 1196 1263 CAPUT
1235 1203 1382 1262 XXI.

281 1319 642 1389 Etruscorum,
672 1321 1009 1388 Umbrorum,
1040 1321 1365 1378 Samnitium
1389 1332 1438 1379 et
1464 1321 1736 1394 Gallorum
1758 1339 1884 1379 cou-

579 1403 660 1450 tra
691 1397 951 1451 Romanos
981 1395 1276 1467 conjuratio
1307 1403 1354 1450 et
1384 1396 1582 1452 clades.

299 1535 303 1540 ’
354 1552 370 1583 ¹
416 1551 578 1607 Anno
605 1551 674 1607 ab
704 1549 847 1609 Urbe
873 1550 1093 1608 condita
1124 1565 1320 1620 occec,
1349 1550 1518 1608 Fabio
1554 1551 1794 1608 Maximo
1827 1566 1882 1620 v,

297 1643 459 1700 Decio
488 1643 637 1701 Mure
663 1661 716 1701 tv
742 1645 1080 1711 consulibus,
1113 1657 1348 1717 quatuor
1373 1645 1658 1701 fortissimi
1683 1645 1888 1700 ﬂoren-

294 1735 604 1806 tissimique
645 1735 818 1791 Italia:
861 1738 1052 1807 populi
1085 1737 1136 1791 in
1179 1752 1346 1791 unttm
1380 1751 1574 1808 agmen
1598 1735 1887 1806 foedusque

1979 510 2126 579 ginta
2157 509 2331 564 millia
2360 510 2687 566 Samnitium
2720 511 2835 568 sive
2866 513 3144 569 Gallorum
3174 530 3336 582 caesa,
3367 518 3571 576 Roma-

1982 616 2178 658 norum
2227 617 2357 658 vero
2405 610 2612 674 septem
2661 605 2827 661 millia
2856 649 2870 673 ,
2919 621 2986 662 ex
3017 607 3163 664 Decii
3195 614 3571 670 tantummodo

1980 705 2160 768 parte,
2190 698 2280 768 qui
2309 698 2527 754 occisus
2557 707 2668 768 est,
2697 702 2972 756 exstincta
3005 703 3334 760 referuntur.
3381 707 3571 764 Fuisse

1981 802 2159 846 autem
2190 791 2559 863 absque197
2593 793 2836 850 Etruscis
2862 804 2916 850 et
2950 795 3204 865 Umbris,
3238 813 3373 869 quos
3399 803 3421 834 ⁹
3448 810 3573 858 astu

1982 880 2212 938 Romani
2259 883 2406 938 bello
2426 896 2827 954 avocaverunt,
2871 887 3147 944 Gallorum
3171 901 3225 946 et
3249 892 3574 950 Samnitium

1985 974 2028 1005 ὀ
2058 974 2296 1046 peditum
2327 983 2548 1032 centum
2574 978 2929 1050 quadraginta
2951 982 3116 1036 millia
3149 987 3372 1040 trecenti
3395 997 3449 1042 et
3480 989 3575 1043 tri-

1982 1067 2155 1138 ginta,
2189 1067 2432 1137 equitum
2459 1084 2594 1126 vero
2618 1072 2975 1144 quadraginta
3005 1084 3241 1146 quatuor
3270 1078 3457 1149 millia,
3484 1082 3577 1136 Li-

1983 1161 2103 1216 vius
2141 1158 2352 1217 refert:
2400 1169 2456 1217 et
2497 1165 2874 1233 carpentarios
2920 1166 3072 1222 mille
3108 1169 3162 1223 in
3189 1171 3356 1225 armis
3385 1183 3579 1229 contra

1985 1253 2160 1308 aciem
2186 1253 2408 1310 stetisse
2434 1253 2760 1312 Romanam.
2790 1258 2896 1314 Sed
2915 1300 2929 1325 ,
2960 1268 3021 1314 ut
3059 1274 3206 1331 saepe
3233 1261 3433 1320 dictum
3467 1275 3571 1334 est,

1986 1359 2210 1416 semper
2258 1344 2634 1402 Romanorum
2682 1356 2775 1403 aut
2820 1349 3172 1406 domesticam
3212 1354 3449 1424 quietem
3479 1373 3575 1414 ex-

1988 1439 2196 1495 traneis
2225 1439 2386 1495 bellis
2420 1440 2839 1510 interpellatam,
2875 1443 2916 1474 ¹¹
2949 1452 3040 1499 aut
3064 1456 3321 1504 externos
3344 1465 3581 1520 proven-

1989 1541 2074 1588 tus
2124 1531 2332 1588 morbis
2395 1532 2750 1588 iuterioribus
2809 1544 3170 1605 aggravatos,
3223 1547 3471 1611 tantum,
3522 1551 3584 1598 ttt

1992 1625 2034 1656 ¹¹
2064 1624 2394 1680 omnimodis
2437 1625 2689 1696 ingentes
2733 1628 2902 1682 animi
2929 1627 3310 1701 undecumque
3353 1650 3575 1703 preme-

1991 1728 2204 1786 rentur,
2231 1717 2274 1748 ¹³
2307 1717 2447 1775 hanc
2485 1727 2766 1774 cruentam
2815 1721 3139 1794 tristemque
3168 1726 3455 1782 victoriam
3485 1744 3581 1800 pe-

287 1828 560 1884 coiemm.
625 1826 870 1898 Namque
928 1829 1186 1897 Ειτυεεί,
1236 1828 1462 1898 Umbri,
1515 1829 1792 1886 Samnites
1834 1823 1965 1884 et];
1993 1811 2233 1868 stilentia
2278 1812 2512 1868 civitatis
2558 1815 2847 1882 oneravit,
2893 1824 2948 1871 et
2980 1817 3336 1889 triumphales
3357 1837 3585 1892 pompas

294 1919 434 1977 Galli
462 1961 480 1989 ,
515 1935 627 1976 uno
677 1922 894 1992 agmine
923 1923 1306 1992 conSpirantes
1329 1962 1347 1990 ,
1379 1921 1658 1978 Romanos
1699 1920 1888 1978 delere

292 2017 476 2069 conati
506 2023 656 2070 sunt.
683 2013 728 2068 Τ
731 2013 1012 2070 remefaeti
1036 2014 1142 2070 hoc
1179 2013 1328 2070 bello
1353 2014 1724 2070 Romanorum
1770 2013 1890 2068 aui-

291 2105 366 2162 mi
393 2149 409 2175 ,
439 2107 462 2137 ²
491 2115 546 2162 et
595 2104 920 2161 labefactata
962 2102 1158 2162 ﬁducia
1199 2115 1320 2161 est:
1367 2121 1469 2162 nec
1515 2105 1634 2162 ausi
1662 2105 1683 2137 ³
1713 2115 1886 2162 ιοιυηι

293 2211 520 2269 sperare
565 2197 634 2254 de
686 2197 915 2266 viribus,
949 2197 973 2230 ⁸
1017 2198 1144 2254 dolo
1191 2199 1428 2255 divisere
1474 2201 1684 2267 hostes,
1716 2199 1889 2256 tutius

293 2292 398 2347 rati
429 2291 678 2364 pluribus
704 2307 766 2349 se
799 2292 958 2349 bellis
985 2292 1267 2364 implicare
1286 2308 1448 2365 quam
1471 2293 1748 2364 gravibus.
1783 2292 1890 2348 lta-

291 2401 398 2458 que
427 2401 552 2443 eum
580 2428 598 2455 ,
639 2386 962 2459 quibusdam
1011 2387 1126 2443 suis
1167 2385 1233 2442 ad
1282 2386 1622 2458 populandos
1658 2385 1888 2443 hostiles

291 2494 456 2551 agros
477 2525 492 2549 ,
524 2480 577 2535 in
606 2479 884 2536 Umbriam
919 2480 1302 2551 Etruriamque
1353 2479 1682 2552 praemissis,
1713 2481 1734 2512 ⁸
1763 2479 1890 2537 Um-

291 2573 517 2629 brorum
554 2573 1023 2645 Etruscorumque
1058 2574 1360 2629 exercitum
1405 2573 1584 2630 redire
1612 2573 1678 2628 ad
1709 2572 1890 2629 tuitio-

291 2680 418 2721 nem
448 2679 671 2722 suorum
713 2667 1026 2738 coegissent
1051 2708 1068 2734 ,
1121 2681 1244 2722 cum
1273 2666 1606 2723 Samnitibus
1633 2673 1688 2723 et
1715 2665 1892 2723 Gallis

291 2761 313 2792 ⁸
336 2760 540 2816 bellum
571 2759 709 2815 inire
750 2768 1068 2831 properant.
1120 2759 1179 2816 In
1217 2775 1326 2832 quo
1367 2760 1510 2816 bello
1540 2775 1662 2815 cum
1695 2759 1884 2815 Gallo-

289 2870 414 2910 rum
459 2853 665 2926 impetu
703 2853 936 2910 Romani
982 2864 1386 2925 premerentur,
1418 2854 1438 2885 τ
1473 2852 1669 2910 Decius
1691 2852 1886 2908 consul

290 2945 508 3005 occisus
558 2954 662 3004 est.
723 2945 924 3003 Fabius
975 2954 1156 3002 tamen
1202 2955 1328 3017 post
1358 2960 1609 3018 magnam
1634 2944 1886 3001 Deciana:

1989 1906 2164 1962 obvia:
2217 1915 2564 1962 mortuorum
2607 1907 2883 1980 exsequiae
2928 1910 3259 1980 polluerunt.
3323 1913 3434 1970 Nec
3465 1925 3584 1972 erat

1989 1999 2076 2056 cui
2124 1999 2193 2056 de
2235 2001 2517 2073 triumpho
2544 2001 2587 2033 ¹⁸
2611 2001 2867 2073 gaudium
2912 2004 3256 2074 suaderetur,
3304 2023 3428 2065 eum
3475 2017 3590 2065 tota

1991 2095 2180 2151 civitas
2212 2102 2306 2149 aut
2330 2093 2490 2164 tegris
2518 2097 2840 2166 suspiraret,
2869 2105 2965 2153 aut
2991 2099 3245 2158 mortuis.

2566 2228 2794 2288 CAPUT
2837 2231 3004 2292 XXII.

1993 2345 2215 2400 Romani
2252 2361 2285 2398 a
2313 2341 2637 2400 Samnitibus
2664 2344 2784 2398 victi
2813 2346 3020 2401 eosdem
3059 2348 3307 2406 vincunt:
3339 2353 3590 2410 intolera-

2062 2417 2180 2471 bilis
2214 2417 2472 2471 Romanos
2505 2416 2792 2488 pestilentia
2817 2419 3028 2488 afﬂigit.
3076 2420 3300 2476 Rursum
3334 2426 3594 2482 Samnites

2061 2497 2328 2554 superant,
2352 2496 2400 2541 et
2422 2487 2633 2541 cadunt.
2653 2487 2844 2542 Curius
2871 2487 3054 2544 consul
3082 2492 3269 2547 bellum
3291 2497 3342 2549 iu
3371 2497 3595 2552 Sabinos

2067 2558 2285 2641 feliciter
2313 2559 2467 2641 gerit.
2501 2558 2725 2641 Romani
2753 2577 2786 2613 a
2814 2558 2982 2617 Gallis
3006 2565 3262 2636 sociisque
3300 2583 3474 2623 eorum
3501 2571 3595 2641 fa:-

2065 2629 2186 2685 tlam
2209 2629 2407 2685 cladem
2429 2630 2710 2700 accipiunt.

2068 2746 2085 2777 ¹
2107 2743 2364 2816 Sequitur
2379 2758 2574 2814 annus,
2600 2758 2707 2816 quo
2730 2743 2982 2815 Romani,
3005 2748 3305 2808 instaurate
3329 2770 3359 2808 a
3381 2752 3596 2812 Samni-

1996 2839 2138 2896 tibus
2155 2838 2318 2906 bello,
2339 2837 2464 2893 victi
2485 2847 2630 2907 sunt,
2651 2849 2810 2910 atque
2828 2839 2882 2895 in
2911 2851 3088 2898 castra
3108 2843 3378 2917 fugerunt.
3398 2849 3594 2907 Postea

1993 2949 2126 2990 vero
2155 2931 2428 2990 Samnites
2454 2933 2475 2964 ²
2507 2948 2704 2988 novum
2745 2934 2907 3006 198
2936 2935 3206 3008 habitum,
3239 2942 3591 3018 animumque

1587 3076 2038 3139 IIAVERCAMPI
2078 3073 2310 3133 NOTAE.

369 3200 460 3256 18.
500 3196 690 3254 Nobis.
740 3196 914 3270 Lugd.
966 3197 1086 3254 Bat.
1139 3205 1266 3254 tert.
1302 3203 1360 3254 et
1387 3204 1565 3270 quart.
1599 3211 1724 3254 cum
1750 3194 1888 3252 Coll.
1921 3192 1968 3257 C
2000 3205 2118 3247 rum
2147 3187 2406 3270 incitasse
2434 3185 2625 3270 Gicero
2656 3188 2710 3244 in
2741 3184 2948 3270 Catone
2993 3189 3088 3256 ait,
3118 3191 3287 3270 Filius
3311 3195 3455 3270 enim
3487 3213 3588 3266 pa-

295 3279 489 3338 Gron.,
519 3287 552 3324 a
577 3270 742 3325 nobis.

371 3337 755 3414 l9.’Quolibet
777 3341 884 3396 lucc
919 3351 1084 3414 gesta.
1139 3339 1214 3396 lta
1267 3341 1488 3409 reposui
1539 3355 1603 3396 ex
1637 3337 1890 3414 Floreat.

292 3414 494 3481 tribus,
523 3413 696 3482 Lugd.
727 3412 870 3468 Batt.
903 3412 1131 3467 totidem
1153 3421 1209 3468 et
1239 3413 1466 3482 reliquis
1499 3413 1754 3468 omnibus
1781 3453 1795 3470 .
1831 3421 1895 3466 ιιι

293 3497 352 3542 et
378 3495 510 3540 vett.
541 3484 667 3558 edd.
702 3498 806 3554 pro
835 3485 1076 3558 vulgato,
1106 3484 1331 3558 quolibet
1360 3494 1529 3538 autent
1555 3492 1720 3558 gesta.
1771 3482 1892 3537 Mox

295 3558 392 3612 tali
420 3570 521 3625 pro
546 3555 673 3610 talia
698 3570 838 3610 unus
865 3565 920 3609 et
951 3556 1092 3610 alter
1120 3570 1190 3608 ex
1218 3555 1432 3611 iisdem.

375 3624 468 3683 20.
511 3625 575 3692 In
624 3628 723 3681 hoc
762 3637 1011 3696 tempore.
1064 3627 1320 3681 Perizon.
1362 3635 1420 3681 et
1446 3633 1582 3682 velt.
1609 3624 1762 3689 cdd.,
1798 3624 1896 3678 hoc

299 3711 549 3772 tempore.
629 3697 738 3754 Sed
783 3697 1012 3754 Orosius
1057 3697 1193 3752 illud
1238 3698 1293 3752 in
1334 3697 1534 3768 sarpius
1578 3696 1898 3752 interseruit

290 3770 528 3826 orationi
559 3784 692 3824 sua).

370 3843 465 3896 2t.
507 3841 758 3912 Atqueita
777 3851 1014 3912 utraque.
1048 3838 1141 3897 Sic
1162 3854 1292 3895 mss.
1318 3854 1530 3897 omnes.
1561 3838 1701 3894 EdtI.
1729 3847 1893 3904 vett.,

294 3924 454 3984 atque
482 3929 576 3983 pro
602 3911 755 3966 nobis
784 3914 859 3984 ita
881 3911 1101 3984 utraque
1130 3913 1351 3981 faciunt.
1390 3912 1553 3980 Aug..
1577 3919 1622 3964 et
1645 3913 1725 3984 ita
1754 3919 1896 3964 utra-

293 3981 396 4054 que
425 3981 566 4054 p.'n.
600 3987 667 4054 ι’..
693 3998 812 4051 qum
846 3983 1032 4054 inepte
1064 3983 1121 4038 in
1175 3984 1280 4038 line
1317 3999 1442 4054 cap.
1475 3985 1602 4053 legit
1637 3981 1896 4037 Romano-

292 4073 414 4126 rum
441 4054 922 4126 quantiPersarum.

369 4123 500 4182 Cain
527 4125 670 4181 XXI.
701 4156 770 4166 -—
801 4127 852 4180 1.
889 4125 1037 4179 Auno
1061 4125 1121 4178 ab
1152 4124 1288 4180 Urbe
1316 4125 1523 4180 condita
1555 4139 1740 4179 ceccc.
1798 4123 1897 4176 llic

295 4213 480 4252 annus
520 4213 627 4262 quo
671 4198 774 4264 Qu.
825 4195 1024 4251 Fabius
1071 4196 1334 4251 Maximus
1373 4197 1662 4250 Rullianus
1689 4212 1718 4247 v
1750 4203 1803 4248 et
1831 4195 1891 4248 P.

302 4271 502 4325 Decius
533 4269 647 4324 Mus
679 4285 730 4322 tv
759 4269 1016 4324 consules
1043 4267 1260 4322 fuerunt
1287 4311 1302 4335 ,
1340 4273 1389 4321 in
1421 4267 1598 4322 Fastis
1629 4265 1895 4334 Capitoli-

305 4341 394 4395 nis
441 4349 529 4395 est
569 4341 636 4395 ab
684 4338 752 4395 υ.
785 4355 835 4394 c.
884 4353 1105 4394 CDLVIII.
1143 4339 1296 4393 Livio
1344 4338 1488 4393 ident
1519 4348 1626 4407 est,
1656 4352 1895 4394 cccccvtt

308 4412 403 4483 qui
435 4413 530 4483 lib.
563 4428 595 4466 χ
629 4412 731 4465 Itoe
761 4409 1273 4483 bellutudescribit.
1301 4411 1471 4483 Facit.

373 4484 429 4537 2.
472 4482 539 4536 Et
562 4483 880 4552 labefactata
908 4481 1102 4552 ﬁducia
1125 4492 1221 4538 est.
1255 4483 1396 4537 Coll.
1430 4482 1692 4545 Gronmu,
1729 4489 1777 4534 et
1817 4479 1896 4534 la-

2000 3273 2136 3337 trem
2163 3261 2425 3337 i_mit_atus,
2449 3260 2513 3337 in
2536 3270 2728 3337 quarto
2755 3263 3042 3337 consulatu
3069 3278 3129 3318 se
3157 3267 3409 3337 devovit,
3447 3260 3592 3325 libro

1997 3349 2035 3389 tt
2069 3333 2136 3388 de
2165 3331 2409 3406 Finibus.
2441 3331 2597 3406 Quod
2634 3347 2764 3406 vero
2790 3333 2942 3406 idem
2976 3334 3141 3391 Tusc.
3171 3352 3188 3390 ι
3214 3331 3438 3406 scribit,
3484 3343 3591 3396 De-

1997 3407 2134 3458 cium
2163 3402 2333 3472 ﬁlium
2359 3418 2474 3456 cum
2507 3401 2742 3457 Etruscis
2763 3404 3104 3460 decertantem
3132 3424 3186 3462 se
3215 3401 3442 3464 hostium
3466 3415 3579 3467 telis

1997 3477 2284 3548 olsjecisse.
2335 3474 2389 3548 in
2426 3488 2492 3528 eo
2518 3474 2873 3548 dissentitiab
2899 3477 3043 3541 aliis,
3073 3479 3165 3547 qui
3198 3481 3418 3538 Decium
3443 3485 3590 3540 hunc

1995 3545 2120 3603 etim
2150 3547 2317 3603 Gallis
2345 3545 2658 3600 decertasse
2692 3547 2956 3601 scribunt.
2988 3545 3152 3604 ΡΑιὶιι.

2067 3623 2122 3674 8.
2162 3617 2533 3698 Quadraginta
2574 3616 2965 3698 milliaLLugd.
2997 3621 3114 3674 Bal.
3163 3631 3288 3679 tert.
3318 3634 3369 3681 et
3401 3637 3586 3698 quart.

1997 3705 2124 3746 eum
2156 3689 2298 3744 Coll.
2330 3688 2596 3749 Gronov.,
2627 3704 2658 3742 ι.
2685 3690 2874 3744 millia.

2068 3763 2120 3817 9.
2154 3761 2302 3833 Astu.
2337 3759 2505 3828 Lugd.
2535 3758 2677 3833 Batt.
2700 3771 2833 3833 tert.
2859 3771 2911 3815 et
2935 3761 3076 3816 Coll.
3104 3763 3370 3833 Gronov.,
3402 3779 3591 3826 astute.

2072 3834 2158 3890 I0.
2186 3830 2426 3903 Peditum
2449 3846 2556 3903 est.
2577 3831 2743 3885 millia
2771 3847 3032 3898 ecccxxx,
3067 3839 3294 3903 equitum
3324 3830 3440 3895 vero
3471 3859 3593 3897 xcv:

1997 3905 2182 3959 millia.
2209 3902 2284 3956 Ita
2310 3903 2424 3957 btec
2445 3902 2693 3971 leguntur
2713 3903 2766 3957 in
2788 3904 2996 3970 eptitno
3019 3902 3155 3959 libro
3174 3908 3409 3966 Cornelii
3433 3911 3598 3968 Gual-

1998 3978 2135 4030 teri:
2168 3975 2417 4044 idemque
2444 3988 2710 4044 numerus
2739 3985 2820 4030 est
2847 3991 2874 4026 a
2903 3974 3057 4031 Livio
3087 3992 3152 4032 ex
3187 3980 3415 4037 aliorum
3463 3985 3596 4039 seri-

1999 4057 2212 4117 ptorum
2257 4043 2540 4117 annalibus
2576 4044 2799 4117 relatus.
2837 4045 3001 4101 Faeu.
3042 4049 3406 4110 —Numerus
3453 4055 3597 4110 idem

1999 4115 2052 4173 in
2084 4118 2258 4173 tribus
2289 4115 2640 4189 Florentinis,
2670 4116 2786 4170 Meo
2814 4133 3027 4189 quoque
3057 4128 3112 4174 et
3150 4121 3398 4182 Perizon.
3443 4127 3600 4182 inve-

2000 4195 2166 4256 nitur,
2201 4199 2259 4244 ut
2288 4199 2340 4244 et
2368 4187 2542 4261 Lugd.
2575 4187 2692 4261 Rat.
2723 4187 2917 4257 primo,
2943 4187 3054 4244 nisi
3097 4193 3238 4261 quod
3281 4195 3429 4250 Meus
3473 4213 3596 4254 cum

1999 4261 2250 4316 Perizon.
2283 4269 2338 4314 et
2368 4259 2540 4329 Lugd.
2574 4259 2722 4340 Batt..
2746 4274 2857 4315 sec.
2886 4271 2940 4316 et
2969 4259 3125 4320 Coll.
3159 4263 3400 4322 Gronov.
3445 4273 3602 4340 equi-

2001 4342 2112 4387 tum
2143 4341 2387 4387 numerct
2418 4346 2559 4384 xcvtt
2592 4330 2778 4385 millia.

2078 4405 2161 4484 11ἲ
2206 4406 2316 4484 Aut
2348 4411 2586 4484 extentos
2622 4415 2917 4474 proventus.
2966 4409 3073 4468 Τὰς
3120 4406 3302 4484 ἒξῳοεν
3340 4412 3600 4484 εὐτυχίας

2000 4477 2403 4552 καὶνεὺημερίαςῂ.
2438 4474 2895 4552 \iulgokeventus,
2918 4490 3104 4533 contra
3141 4481 3298 4552 tidem
3337 4474 3599 4539 librorum

302 4555 585 4642 befnctati:
632 4544 763 4642 mss:
792 4544 988 4642 'L'ugd.
1033 4552 1150 4642 Rat.
1178 4568 1324 4636 Osee.
1376 4560 1432 4642 et
1476 4552 1726 4642 Perizun;
1771 4567 1892 4633 cum
1926 4581 1976 4642 υ
2001 4544 2344 4642 antiquorum
2377 4544 3100 4642 legi.l.ur...Pest'ileutiw,lgna
3146 4551 3231 4605 hic
3261 4567 3436 4610 annus
3475 4572 3602 4626 graa

304 4627 437 4751 ἕψε.
472 4635 631 4692 vett.,
657 4633 706 4679 ct
731 4624 990 4695 labefacta
1027 4623 1222 4692 ﬁducia
1255 4636 1353 4680 est.
1382 4625 1680 4694 Utrumque
1706 4623 1899 4678 Latine

347 4708 533 4751 tettur.

347 4708 533 4751 ICIllll‘.

375 4770 431 4823 3.
470 4766 660 4821 Totum
715 4781 944 4838 sperare.
991 4764 1160 4835 Lugd.
1227 4768 1372 4821 Batt.
1428 4775 1541 4822 tres
1588 4781 1712 4822 cum
1759 4765 1898 4821 Coll.

305 4839 546 4964 Grolt’tov.
579 4849 635 4894 et
660 4839 915 4894 Perizon.
945 4877 960 4903 ,
989 4853 1082 4891 nec
1105 4838 1222 4892 ausi
1251 4848 1370 4893 sunt
1402 4846 1566 4891 totum
1600 4854 1806 4907 sperare
1838 4838 1902 4892 de

307 4927 404 4964 turi
449 4927 528 4964 us.

307 4927 528 4966 υινιυιη.

377 4980 436 5038 4.
479 4981 614 5036 Dolo
647 4981 860 5036 divisere
900 4979 1092 5035 hostes.
1128 4979 1269 5036 Edd.
1316 4980 1513 5050 prima,
1555 4989 1606 5035 et
1641 4980 1787 5034 illam
1817 4994 1905 5034 se-

307 5063 474 5120 cutae,
507 5053 630 5108 dolo
657 5053 884 5108 dividere
915 5052 1084 5106 hostes
1116 5053 1280 5106 tutius
1300 5052 1423 5114 rati,
1453 5051 1688 5122 pluribus
1717 5066 1770 5104 se
1798 5051 1903 5105 bel-

309 5127 374 5178 lis
405 5125 728 5196 implicauere
771 5139 921 5194 quem
968 5124 1232 5196 gravibus.
1285 5125 1390 5196 Pro
1417 5124 1578 5196 tutius
1596 5123 1732 5196 liud.
1761 5122 1906 5196 Lon-

310 5196 440 5267 gob.
477 5193 638 5267 baba
665 5196 844 5261 totius,
871 5193 1112 5267 proque
1142 5196 1324 5262 potius
1356 5195 1406 5248 in
1436 5193 1837 5267 edd._Venctis.

383 5267 440 5322 5.
484 5263 894 5336 Umbrorumqué
918 5263 1360 5336 Etruscorumque
1381 5281 1540 5320 exere.
1573 5265 1756 5319 Livius
1783 5274 1904 5318 tau-

315 5347 430 5392 tum
465 5337 710 5392 Etruscos
758 5337 1127 5407 populationis
1156 5337 1295 5391 fama
1323 5336 1390 5392 ad
1421 5351 1548 5392 suos
1573 5337 1707 5391 lines
1747 5347 1906 5390 tuen-

312 5409 416 5464 dos
443 5409 621 5464 redire
645 5406 864 5462 coaetos
877 5406 1087 5461 scribit.
1119 5409 1356 5463 Umbros
1381 5415 1562 5463 tamen
1587 5407 1775 5478 prmlio
1800 5423 1906 5464 non

314 5479 630 5550 interfuisse
659 5494 723 5534 es
752 5479 1346 5550 eodemieognoscitur.
1381 5479 1546 5534 FABR.

386 5552 443 5606 6.
485 5549 692 5606 Bellum
716 5550 867 5604 inire.
919 5548 1273 5604 Hoc'bellum
1323 5561 1532 5619 gestum
1564 5551 1663 5604 fuit
1693 5549 1746 5604 in
1779 5565 1912 5620 agro

314 5622 622 5748 ﬁniunt?
656 5623 704 5676 ἐν
819 5629 920 5678 τῶν
940 5628 1235 5678 Σεντινατῶν
1264 5626 1442 5698 χώρᾳ,
1465 5631 1523 5676 ut
1552 5622 1626 5676 ait
1650 5621 1912 5693 Polybius

345 5711 356 5742 Ι
405 5709 466 5748 ΓΟ
490 5710 546 5748 ΙΙ.
622 5708 741 5748 ΑΒΕ.

345 5708 466 5748 ΙΙ)Γο
490 5710 546 5748 Il.
576 5708 741 5748 FABR.

393 5766 450 5821 7.
493 5765 684 5819 Decius
729 5763 912 5818 consul
968 5765 1165 5821 occisus
1195 5775 1289 5820 est.
1338 5763 1437 5820 llic
1466 5771 1550 5820 est
1577 5763 1714 5819 alter
1746 5779 1774 5818 e
1807 5763 1911 5820 De-

319 5836 466 5908 ciis,
518 5852 655 5908 quos
706 5835 775 5891 ad
823 5837 1184 5893 voluntariam
1230 5847 1462 5896 mortem
1492 5851 1711 5896 cursum
1741 5851 1912 5912 equos

610 5933 892 6000 Paraoc.
939 5933 1185 6000 XXXI.

2003 4619 2084 4673 vis
2113 4619 2238 4680 fuit,
2271 4618 2519 4672 meminit
2547 4618 2708 4671 etiam
2737 4617 2942 4677 Livius.
2979 4620 3146 4678 FABR.

2077 4692 2166 4765 I2.
2203 4689 2549 4765 Omnimodis.
2751 4699 2906 4765 vett.,
2941 4693 3254 4765 omnimode.
3299 4694 3606 4765 Utrumque

2005 4761 2198 4817 Latine
2218 4761 2414 4832 dicitur
2435 4770 2489 4814 et
2511 4759 2650 4828 apud
2672 4759 2982 4816 Lucretium
3011 4764 3131 4832 plus
3151 4768 3316 4820 semel
3341 4759 3605 4828 occurrit.

2079 4834 2168 4892 15.
2199 4831 2357 4887 Hauc
2380 4841 2808 4904 cruentam,_etc.
2842 4831 3034 4889 Nullus
3079 4836 3132 4890 in
3178 4841 3608 4904 praecedentibus

2009 4906 2188 4962 verbis
2211 4911 2330 4980 erat
2356 4915 2568 4967 sensus,
2601 4902 2725 4970 quia
2753 4906 2891 4958 male
2919 4902 3403 4980 interpungcbatur
3431 4915 3602 4980 locus,

2009 4976 2260 5046 ponendo
2313 4981 2733 5046 punetumuante
2763 4989 2950 5031 vocem
2991 4975 3146 5034 hanc.
3181 4975 3395 5036 Minima
3431 4975 3608 5037 muta;

2011 5043 2157 5103 tione
2184 5046 2504 5103 medicinam
2533 5043 2610 5098 illi
2638 5044 2882 5115 fecimus,
2911 5050 3148 5118 reposita
3178 5053 3373 5109 minori
3409 5053 3607 5109 distiu-

2005 5120 2206 5174 ctione.

2081 5191 2168 5245 14.
2200 5188 2464 5269 Gaudium
2489 5187 2814 5248 suaderetur.
2843 5189 2982 5247 Edd.
3015 5202 3150 5252 vett.
3180 5193 3445 5265 quaedam,
3477 5213 3609 5269 gau~

2009 5261 2097 5315 dia
2128 5261 2493 5315 suadereutur.

2081 5333 2212 5388 CAP.
2248 5331 2413 5402 XXII.
2441 5361 2512 5372 —--
2539 5333 2592 5386 I.
2618 5331 2870 5402 Sequitur
2895 5352 3082 5392 annus.
3107 5335 3367 5392 Consules
3393 5338 3482 5393 hic
3512 5354 3611 5394 an-

2010 5420 2114 5460 nus
2140 5403 2328 5459 habuit
2356 5401 2418 5457 L.
2452 5401 2785 5477 Postumium
2819 5407 3122 5477 Megellum,
3151 5407 3222 5462 M.
3250 5411 3471 5464 Atilium
3506 5412 3610 5466 Re-

2054 5477 2198 5554 ulum
2223 5474 2614 5554 :__estqttejllius
2636 5474 3411 5554 parum_eonstansmemoria,
3439 5482 3612 5554 inquit

2063 5548 2203 5604 ivius
2231 5547 2325 5601 lib.
2359 5546 2614 5618 x.rQuem
2644 5547 2780 5618 lege.
2814 5548 2980 5606 Ἐλωί.

2087 5621 2143 5676 2.
2178 5619 2386 5673 Novum
2413 5617 3016 5692 ltabitumganimumque.
3050 5621 3278 5679 Habitus
3297 5634 3612 5692 armaturre,

2016 5694 2335 5762 animusque
2366 5703 2582 5762 paratus
2605 5689 2673 5745 ad
2701 5691 3063 5747 dimicandum
3097 5695 3182 5749 hic
3214 5697 3448 5752 breviter
3475 5689 3615 5752 indié

2015 5775 2208 5892 (ἒιιυιιε
2243 5759 2337 5820 sed
2387 5759 2570 5822 Livius
2614 5763 2792 5821 omnia
2836 5765 3055 5835 copiose
3100 5766 3240 5825 libro
3267 5783 3296 5826 κ
3343 5777 3613 5834 extremo.

2063 5849 2181 5892 ABR.
2319 5883 2329 5892 .

2063 5849 2181 5893 ABR.

2304 5883 2329 5908 Ι
