4046 6344
456 232 564 292 855

1876 223 2087 284 PAULI
2123 225 2353 286 OROSII

3620 234 3710 295 850

467 348 601 405 llaec
637 344 906 402 sententia
945 341 1116 401 semel
1152 349 1278 415 apte
1306 341 1456 410 ficta,
1489 353 1704 414 semper
1731 338 1837 396 vim
1862 337 1948 396 sui
1977 339 2074 396 tri-
2097 343 2156 404 Α
2178 340 2514 400 mollissimis
2537 341 2726 399 stratis
2755 339 3116 414 cubiculoque
3142 342 3508 413 percommode
3530 351 3718 407 matuti.

472 441 668 510 plicem
695 439 717 470 ³
745 436 1136 494 diversissimis
1179 433 1460 492 effectibus
1485 432 1675 498 refert,
1705 447 1828 487 cum
1855 439 1911 487 et
1939 447 2077 502 prte-

474 533 635 590 terita
664 540 817 588 tanto
838 533 1074 602 gratiora
1105 530 1370 586 habentur
1399 529 1452 583 itt
1481 525 1686 593 verbis,
1720 532 1924 595 quanto
1945 539 2072 596 gra-

472 631 626 684 viora
653 629 966 683 referuntur
992 625 1045 680 in
1073 624 1244 695 gestis
1277 641 1292 680 :
1323 630 1376 677 et
1406 621 1606 690 futura,
1641 619 1768 675 dum
1797 617 2079 675 desidera-

477 720 608 776 bilia
637 718 853 774 fastidio
880 714 1230 788 praesentium
1260 715 1416 780 fiunt,
1448 727 1667 784 semper
1695 711 1923 787 meliora
1949 725 2076 768 cre-

477 813 682 868 duntur
709 829 723 864 :
750 809 887 880 ipsis
922 817 1101 864 autem
1130 807 1494 878 praesentibus
1520 807 1682 879 212
1705 805 1776 861 ob
1799 803 1904 861 hoc
1928 801 2079 860 nulla

480 907 534 962 in
562 915 716 978 parte
739 904 1082 961 miseriarum
1105 903 1250 972 justa
1267 899 1864 973 comparatiopdhiberi
1880 906 2075 971 potest,

480 999 606 1070 quia
630 998 799 1054 multo
821 997 1025 1068 majore
1037 995 1288 1052 molestia
1307 992 2084 1065 afﬁciunt,quantulacumque

481 1094 612 1162 sint,
639 1095 738 1150 ista
761 1109 882 1165 quae
903 1101 1052 1160 sunt,
1074 1108 1237 1164 quam
1259 1093 1373 1158 illa,
1397 1107 1518 1164 qua:
1540 1091 1656 1147 sive
1675 1097 1949 1146 transacta
1967 1089 2084 1145 sive

481 1195 740 1254 ventura,
767 1187 872 1242 etsi
900 1203 1090 1258 magna
1119 1185 1396 1253 dicuntur,
1425 1185 1642 1240 interim
1664 1183 1685 1214 ⁸
1705 1182 1928 1239 omnino
1955 1190 2086 1237 tunc

479 1294 594 1335 non
619 1286 749 1334 sunt
775 1294 790 1333 :
815 1278 982 1334 veluti
1007 1278 1052 1332 si
1074 1279 1195 1350 quis
1219 1277 1499 1333 nocturnis
1521 1274 1787 1346 pulicibus
1811 1273 2081 1340 titillatus,

484 1380 648 1442 atque
695 1385 764 1427 ex
813 1384 879 1427 eo
923 1370 1119 1441 vigiliis
1161 1369 1384 1435 anxius,
1426 1369 1560 1423 alias
1599 1366 1770 1433 forte,
1818 1379 1953 1437 quas
1987 1364 2090 1421 ali-

487 1462 706 1536 quando
737 1477 811 1519 ex
855 1461 1254 1523 ardentissitnis
1295 1460 1540 1516 febribus
1567 1458 1658 1514 diu
1689 1457 1971 1522 sustinuit,
2001 1455 2086 1512 vi-

488 1558 648 1630 gilias
685 1555 1028 1624 recordetur,
1072 1555 1261 1626 procul
1293 1553 1459 1609 dubio
1501 1553 1872 1623 impatientius
1901 1551 1922 1582 ⁵
1951 1549 2092 1607 feret

485 1651 719 1706 istarum
769 1648 1204 1721 inquietudinem
1230 1689 1246 1716 ,
1295 1662 1455 1718 quam
1499 1645 1712 1701 illarum
1755 1642 2092 1701 recordatioa

2179 452 2281 492 nus
2311 435 2597 507 egrediens
2619 445 2890 494 nocturno
2911 435 3036 508 gelu
3063 436 3083 467 ⁸
3105 435 3410 492 lacunarum
3435 437 3581 495 dorsa
3600 441 3720 499 obri-

2177 531 2369 602 guisse
2410 529 2718 600 herbasque
2757 528 3069 586 incanuisse
3114 528 3274 601 213
3311 530 3645 600 prospiceret,
3680 546 3726 592 ct

2180 623 2460 694 inopinato
2500 622 2619 678 visu
2660 621 2978 679 admonitus
3005 621 3234 691 diceret,
3264 621 3430 692 frigus
3454 633 3533 679 est
3555 625 3723 694 hodie;

2183 715 2274 772 ltic
2298 715 2428 772 mihi
2460 730 2801 788 nequaquam
2826 713 3308 787 reprehendendus
3329 715 3606 783 videretur,
3625 721 3728 788 quia

2182 812 2204 844 ο
2235 808 2321 865 vel
2351 809 2626 866 communi
2657 824 2784 876 usu,
2813 809 2899 864 vel
2931 807 3155 879 proprio
3185 822 3348 863 sensu
3376 808 3573 865 loeutus
3591 823 3727 869 esset.

2182 901 2254 958 At
2293 902 2340 958 si
2383 901 2624 974 trepidus
2669 901 2722 958 in
2767 901 3085 957 cubiculum
3123 915 3444 969 recurrens,
3482 903 3735 975 stratisque

2187 996 2231 1028 ¹⁰
2257 1011 2379 1052 sese
2407 995 2754 1066 adoperiens,
2785 995 2869 1050 vel
2903 995 3078 1066 magis
3109 995 3336 1062 abdens,
3365 994 3608 1053 clamaret
3633 1005 3732 1052 tan-

2187 1099 2301 1145 tum
2343 1088 2568 1144 omnino
2612 1087 2784 1159 frigus
2814 1101 2958 1154 esse,
2987 1096 3245 1158 quantum
3280 1101 3380 1142 nec
3405 1085 3456 1141 itt
3490 1088 3738 1158 Apennino

2188 1181 2483 1254 aliquando
2512 1179 2697 1248 fuerit,
2733 1181 2775 1212 “
2806 1195 2932 1236 cum
2962 1177 3198 1236 Annibal
3223 1178 3556 1250 elephantos,
3576 1197 3736 1252 equos.

2190 1276 2591 1348 plurimamque
2625 1275 2900 1331 exercitus
2935 1274 3022 1330 sui
3064 1283 3296 1344 partem,
3329 1274 3534 1331 nivibus
3560 1275 3743 1333 clausus

2189 1382 2353 1446 atque
2381 1387 2678 1444 oppressus
2699 1372 2918 1438 amisit;
2938 1370 3088 1426 hunc
3110 1385 3213 1443 ego
3234 1370 3530 1442 puerilibus
3549 1369 3745 1428 lieentiis

2191 1475 2568 1533 nauseantem,
2613 1480 2719 1522 non
2760 1464 2923 1520 modo
2962 1464 3233 1520 dicentem
3276 1463 3379 1518 ista
3416 1476 3521 1518 non
3556 1462 3745 1528 ferrem,

2193 1557 2290 1615 sed
2317 1560 2481 1614 etiam
2509 1556 2577 1612 ab
2607 1555 2739 1628 ipsis
2767 1555 2978 1622 stratis,
3007 1555 3108 1612 otii
3136 1555 3219 1611 sui
3253 1553 3504 1624 testibus,
3531 1554 3582 1610 in
3607 1569 3750 1625 popu-

2195 1652 2304 1708 lum
2329 1651 2714 1724 publicumque
2741 1649 3116 1720 protraherem
3143 1667 3156 1703 :
3181 1650 3340 1720 eique
3363 1648 3504 1704 foras
3525 1648 3751 1718 producto

488 1745 641 1798 nem.
682 1741 790 1799 Sed
827 1741 1077 1812 quamvis
1114 1740 1256 1811 apud
1296 1738 1542 1794 omnium
1581 1751 1776 1792 sensus
1816 1750 1916 1806 pro
1938 1743 2095 1806 captu

2205 1741 2434 1799 infantes
2475 1743 2527 1797 itt
2574 1756 2641 1797 eo
2671 1751 2834 1812 atque
2872 1756 2942 1796 ex
2973 1756 3040 1797 en
3068 1741 3194 1812 gelu
3225 1741 3497 1808 ludentes,
3529 1743 3568 1773 ι’
3591 1739 3756 1811 jucun-

492 1847 803 1908 temporum
835 1837 904 1890 ita
950 1835 1123 1892 videri
1161 1844 1360 1907 queat,
1394 1833 1654 1905 numquid
1685 1843 1866 1889 tamen
1896 1832 2097 1904 aliquis

495 1930 718 1998 existet,
748 1928 842 2000 qui
870 1928 955 1986 vel
986 1929 1040 1984 in
1069 1929 1184 2000 ipsa
1213 1927 1489 1983 anxietate
1517 1927 1851 1996 pronuntiet,
1877 1923 2096 1996 gravio-

500 2037 593 2078 res
617 2020 828 2092 pulices
857 2035 980 2077 esse
1007 2034 1170 2092 quam
1198 2018 1422 2076 febres?
1448 2026 1544 2074 aut
1566 2018 1818 2075 acerbius
1844 2018 2098 2088 accipiat,

496 2127 560 2168 se
588 2111 815 2183 vigilare
853 2126 1070 2179 sanum,
1098 2125 1262 2182 quam
1301 2109 1547 2165 dormire
1579 2125 1684 2164 non
1716 2109 1962 2180 potuisse
1986 2122 2102 2163 mo-

500 2202 771 2258 riturum?
801 2205 932 2270 Qua:
961 2217 1086 2258 cum
1128 2200 1205 2256 ita
1235 2203 1366 2267 sint,
1401 2201 1650 2256 delicatis
1680 2201 1798 2256 istis
1817 2209 1872 2256 et
1902 2215 2104 2271 queru-

501 2295 573 2352 lis
600 2296 802 2352 nostris
831 2304 1128 2366 utcumque
1155 2295 1420 2363 concedo,
1453 2306 1512 2352 ut
1538 2295 1673 2371 inec,
1707 2294 1904 2367 quibus
1935 2309 2099 2362 nunc,

503 2385 630 2457 quia
657 2385 737 2441 sic
775 2385 1018 2457 expedit,
1050 2373 1325 2442 interdum
1355 2387 1376 2418 ⁸
1404 2386 1784 2455 admonemur,
1817 2385 2106 2444 sentiendo

504 2479 696 2550 gravia
728 2489 941 2550 putent.
974 2481 995 2512 ⁷
1023 2480 1142 2536 Νοη
1173 2489 1352 2538 tamen
1383 2482 1650 2540 conniveo
1672 2491 1734 2539 ut
1763 2481 1926 2540 etiam
1955 2497 2108 2540 asse-

506 2579 635 2629 rant
661 2571 1028 2644 comparando
1061 2573 1333 2645 graviora.
1364 2575 1832 2643 Quemadmodum
1858 2575 1904 2632 si
1927 2575 2048 2648 quis
2073 2589 2106 2633 e

2197 1835 2412 1900 dantes,
2444 1833 2810 1903 sudantesque
2853 1840 3246 1900 monstrarem;
3277 1841 3339 1890 ut
3366 1833 3588 1889 verbosa
3612 1849 3754 1904 nuga-

2200 1926 2336 1983 citas
2364 1925 2610 1982 dclieatis
2631 1925 2822 1981 vitiata
2844 1927 3189 1982 nutrimentis
3213 1941 3318 1983 non
3345 1928 3400 1983 in
3421 1936 3650 1998 tempore
3667 1928 3760 1983 vio-

2199 2019 2446 2086 lentiam,
2475 2018 2572 2075 sed
2603 2018 2656 2073 in
2685 2032 2745 2074 sc
2771 2034 2895 2074 esse
2926 2018 2970 2051 “
2995 2017 3280 2090 segnitiam
3306 2019 3587 2076 doceretur
3611 2037 3626 2076 :
3649 2030 3696 2075 et
3715 2020 3759 2074 in

2202 2113 2611 2184 comparatione
2637 2127 2822 2167 rerum
2845 2110 3216 2182 dijudicanda,
3240 2127 3349 2168 non
3375 2115 3603 2181 majores
3623 2128 3760 2181 parva

2204 2206 2490 2272 tolerasse,
2519 2203 2614 2260 sed
2642 2219 2702 2260 se
2724 2219 2823 2259 nec
2858 2219 3020 2274 parva
3042 2205 3280 2261 tolerare
3304 2205 3350 2236 "
3371 2205 3636 2272 sufficere,
3659 2219 3766 2273 pro-

2206 2298 2455 2354 baretur.
2495 2295 2651 2364 Quod
2690 2295 3002 2352 evidentius
3041 2295 3176 2367 ipsis
3213 2297 3266 2352 in
3299 2297 3610 2352 memoriam
3639 2310 3772 2352 revo-

2207 2391 2339 2448 lutis
2368 2391 2770 2463 praeteritorum
2801 2389 3073 2458 cladibus,
3101 2389 3416 2461 approbabo
3444 2387 3626 2462 Pyrrhi
3648 2387 3770 2444 bello

2212 2484 2264 2540 in
2305 2482 2517 2554 primis,
2562 2483 2706 2540 sicut
2747 2482 2883 2540 ordo
2921 2491 3029 2551 est,
3073 2482 3291 2557 prodito
3322 2501 3334 2540 :
3367 2483 3523 2556 cujus
3557 2496 3702 2540 causa
3725 2489 3774 2538 et

2175 2655 2178 2658 ἢ
2211 2577 2366 2649 origo
2387 2577 2505 2634 haec
2526 2577 2646 2634 fuit.

1807 2707 1899 2764 HA
1909 2707 2262 2768 VERCAMPI
2299 2709 2534 2769 NOTAE.

513 2826 644 2880 duos
682 2823 928 2879 scribunt
964 2839 1110 2893 suos,
1151 2822 1278 2881 dein
1319 2823 1676 2880 consolaretur
1713 2837 1812 2894 pro
1848 2823 2108 2879 solaretur

511 2897 720 2967 primus
745 2911 812 2950 ex
835 2894 1055 2952 iisdem.
1135 2966 1141 2967 ί
1408 2965 1451 2967 μ

589 2969 643 3023 5.
673 2965 1055 3022 Diversissimis
1085 2966 1366 3035 eﬂ'ectibus.
1399 2965 1490 3022 Sic
1514 2967 1727 3023 restitui
1753 2981 1821 3022 ex
1850 2966 2106 3022 omnibus

513 3053 653 3094 mss.
696 3048 858 3106 atque
899 3037 1025 3093 edd.
1067 3048 1194 3093 ante
1235 3038 1564 3104 Fabricium,
1617 3053 1792 3108 neque
1819 3039 1977 3092 video
2007 3053 2106 3092 cur

514 3109 607 3164 ille
655 3109 723 3164 de
769 3123 868 3164 suo
912 3109 1166 3165 maluerit
1211 3111 1372 3166 edere
1412 3109 1775 3164 diversissimis
1813 3108 2100 3176 affectibus.

516 3179 652 3236 Nam
693 3179 893 3235 diversi
939 3178 1163 3236 affectus
1201 3189 1330 3236 sunt
1365 3179 1522 3235 dolor
1560 3191 1614 3235 et
1653 3181 1910 3249 gaudium
1946 3193 2110 3250 atque

517 3250 752 3324 similia;
783 3251 882 3324 sed
905 3249 1106 3324 diversi
1128 3251 1355 3307 effectus
1379 3262 1527 3320 sunt,
1558 3267 1696 3324 quos
1719 3252 1986 3324 setttimus
2015 3249 2112 3304 au-

518 3321 853 3393 diendogvel
899 3322 1154 3386 videndo,
1199 3323 1470 3393 sperando
1513 3321 1599 3377 vel
1643 3322 1946 3388 sentiendo,
1991 3337 2112 3390 qum

517 3393 680 3460 longe
727 3391 1005 3449 diversum
1053 3391 1257 3451 habent
1295 3396 1347 3449 in
1389 3393 1607 3448 homine
1646 3393 1898 3448 effectum
1925 3435 1940 3459 ,
1986 3393 2115 3448 licet

521 3465 754 3519 multum
797 3464 1172 3534 magnitudine
1215 3481 1310 3520 sua
1351 3465 1682 3534 discrepent,
1711 3465 1792 3519 sic
1824 3474 1882 3518 ttt
1912 3465 2111 3519 malum

521 3549 788 3604 praesens,
831 3535 961 3592 licet
998 3537 1274 3606 exiguum,
1306 3551 1429 3592 eum
1465 3537 1521 3590 in
1555 3535 1712 3592 nobis
1742 3535 2002 3590 sortiatur
2029 3536 2112 3591 cf-

519 3607 748 3675 fectum,
784 3617 840 3662 ut
879 3605 1107 3678 gravius
1139 3608 1377 3662 feramus
1408 3607 1461 3662 id
1487 3607 1685 3678 ipsum,
1717 3605 1842 3677 quia
1870 3620 2114 3678 praesens

522 3687 629 3741 est,
657 3692 818 3748 quam
860 3677 1111 3748 graviora
1154 3679 1258 3734 alia
1288 3677 1449 3742 mala,
1481 3677 1609 3748 quia
1638 3677 2000 3746 praeterierint
2026 3677 2113 3733 vel

518 3748 684 3821 longe
725 3749 916 3804 abesse
959 3749 1260 3806 videantur.
1294 3749 1399 3805 Pro
1435 3760 1556 3821 apte
1584 3749 1729 3820 ﬁcta,
1761 3765 1914 3805 meus
1943 3750 2116 3805 codex

519 3819 721 3892 scribit
739 3832 856 3892 apte
875 3821 1034 3875 dicta.
1402 3891 1405 3892 ν
1472 3819 1480 3821 ’
1520 3845 1523 3848 '

594 3892 648 3963 4.
686 3890 914 3946 Omnino
943 3904 1066 3946 tunc
1095 3909 1196 3947 non
1225 3903 1366 3948 sunt.
1400 3891 1764 3948 Distittctione
1785 3901 1908 3963 apta
1934 3894 2114 3949 locum

521 3961 726 4031 adjuvi,
756 3965 846 4032 qui
875 3972 1033 4018 antea
1064 3974 1179 4019 erat
1201 3964 1508 4020 obscurior.
1532 3964 1592 4018 lit
1621 3979 1742 4019 meo
1764 3961 1886 4019 cod.
1914 3975 1966 4019 ct
1987 3965 2112 4021 cdd.

524 4033 746 4108 yettett.
794 4033 951 4089 abest
992 4044 1115 4108 tunc
1159 4051 1258 4108 pro
1298 4052 1408 4105 quo
1437 4043 1608 4092 tamen
1636 4046 1909 4106 reponunt
1940 4037 2113 4108 Lugd.

523 4103 668 4158 Batt.
699 4103 806 4160 duo
834 4121 958 4160 eum
986 4103 1126 4161 Coll.
1160 4103 1400 4163 Gronov.

596 4176 654 4249 5.
686 4171 863 4249 Feret.
893 4176 1157 4249 Florenti.
1193 4187 1301 4235 tres
1327 4193 1456 4234 cum
1482 4176 1572 4234 ed.
1601 4179 1766 4247 Aug.,
1797 4179 1972 4249 ferret.

597 4247 650 4300 ti.
683 4247 1055 4302 Admonemur.
1087 4248 1165 4304 ita
1205 4265 1338 4306 mss.
1369 4259 1425 4306 et
1450 4249 1576 4304 edd.
1604 4247 1858 4307 meliores
1883 4250 2031 4306 Bois.
2064 4259 2124 4308 et

522 4316 704 4372 liittor
750 4357 763 4371 .
797 4335 1074 4373 movemur.

601 4387 656 4441 7.
685 4333 810 4441 [ean
851 4399 1024 4441 tamen
1063 4412 1074 4441 t

639 4427 656 4443 ο
685 4405 772 4442 1V0

777 4407 810 4464 n_
851 4399 1024 4464 tamen
1063 4391 1332 4444 conniveo.
1354 4390 1459 4464 rSic
1480 4392 1713 4464 omnino
1739 4404 1824 4449 est
1850 4410 2119 4464 reponen-

526 4457 775 4534 dumLet‘
797 4461 864 4513 ita
892 4460 1365 4534 sc_riptutn__iuveni
1392 4463 1446 4534 in
1476 4463 1647 4534 Lugd.
1677 4464 1794 4516 Bat.
1821 4457 2016 4534 primo,
2039 4478 2120 4524 at-

525 4542 633 4606 que
659 4527 801 4606 Edd.
828 4545 913 4606 pr.
935 4527 1111 4586 Paris.
1141 4530 1389 4606 Venetis,
1407 4527 1633 4606 Bolsfet
1655 4527 1893 4606 l-littorp.
1921 4527 2118 4594 Verum
2149 4537 2197 4599 D

527 4599 1038 4674 Aug._lt‘abricianaz
1065 4613 1118 4656 et
1144 4603 1331 4674 ultima
1359 4603 1556 4670 Scotti,
1581 4599 1945 4674 reposuerunt
1973 4611 2118 4665 cohi-

527 4671 637 4725 beo.
675 4671 743 4724 Et
769 4687 898 4750 sane
929 4673 989 4750 id_
1009 4673 1234 4729 verbum
1267 4673 1320 4750 it_t
1352 4677 1624 4750 omnibus,
1647 4671 1828 4748 Lugd.
1861 4680 2001 4735 Batt.
2031 4700 2112 4750 pr.

525 4751 783 4822 excepto,
811 4743 990 4798 inveni
1019 4759 1150 4822 mss.
1174 4761 1189 4810 ;
1219 4745 1316 4800 sed
1337 4746 1613 4822 aftirtnare
1633 4743 1829 4818 ausim,
1855 4743 2119 4822 t‘teque'ab

524 4821 750 4894 auctore
763 4829 904 4894 _esse
926 4815 1247 4894 profectum,
1273 4829 1327 4872 et
1349 4819 1509 4894 plane
1534 4815 1833 4892 repugnare
1854 4815 1972 4891 eju's
1995 4839 2120 4881 sen-

523 4884 729 4939 tentias.
761 4883 952 4953 ltumo’,
981 4902 1107 4965 cum
1136 4883 1826 4965 videatutinjetustissinto
1844 4883 2111 4965 omnium,

521 4965 788 5027 quotquot
826 4969 976 5024 sunt,
1016 4960 1190 5014 Orosii
1227 4960 1388 5018 codd.
1433 4961 1584 5017 Flor.
1625 4978 1709 5032 pr.
1749 4963 1866 5021 sive
1895 4960 2112 5040 Longo;

523 5053 783 5117 bardico,
815 5053 982 5106 scribi
1026 5051 1299 5118 con/libet),
1348 5051 1526 5105 nullus
1571 5048 1792 5116 dubito,
1843 5048 1974 5116 quin
2019 5063 2119 5118 pro

515 5126 793 5248 inguina,
829 5132 884 5176 ut
913 5126 1173 5194 oportuit,
1207 5125 1335 5180 inde
1363 5123 1416 5176 in
1446 5122 1568 5176 aliis
1599 5119 1802 5178 factum
1833 5121 1994 5176 fuerit
2024 5138 2112 5176 co-

559 5214 574 5248 ι
611 5212 703 5248 eo.-

559 5197 703 5250 ibeo.

593 5270 648 5323 8.
681 5266 1018 5322 Lacunarum
1048 5269 1225 5323 dorsa.
1252 5266 1308 5322 In
1333 5265 1578 5336 Vulgatis
1599 5281 1660 5321 ea
1687 5276 1771 5322 est
1799 5267 1984 5333 lectio,
2009 5280 2114 5336 qua

517 5341 759 5407 ineptior
785 5341 838 5393 iu
867 5341 1062 5396 Orosio
1093 5341 1182 5395 vix
1211 5339 1439 5409 reperiri
1467 5346 1665 5408 potest,
1694 5338 1945 5394 videlicet
1967 5340 2116 5392 lacn-

518 5411 723 5464 narium
755 5410 931 5473 dorsa,
965 5427 1088 5465 cum
1118 5420 1298 5466 tamen
1327 5425 1516 5464 omnes
1545 5424 1678 5463 mss.
1701 5425 1824 5464 cum
1852 5419 2117 5479 praestan-

516 5482 728 5537 tissima
759 5485 846 5536 tria
868 5484 955 5553 ed.
981 5483 1213 5553 August.
1237 5481 1532 5536 exhibeant
1556 5482 1882 5553 lacunarum.
1907 5481 1974 5553 Et
1995 5496 2117 5553 qua:

519 5566 706 5623 quaeso
735 5562 862 5607 sunt
888 5550 1218 5608 lacunarium
1247 5553 1403 5607 dorsa
1424 5592 1438 5616 ,
1472 5559 1567 5606 aut
1595 5552 1868 5623 quomodo
1897 5550 2113 5620 aliquis,

521 5622 710 5679 stratis
749 5625 1042 5691 exsiliens,
1090 5635 1147 5680 et
1190 5625 1440 5679 cubiculo
1480 5622 1796 5691 egrediens,
1841 5623 2114 5678 lacunaria

525 5701 772 5763 spectare
819 5695 870 5749 in
919 5697 1018 5748 viis
1067 5705 1161 5750 aut
1201 5692 1662 5766 plateisgpotest?
1701 5693 1771 5766 At
1808 5693 2114 5766 lacunarum

523 5767 702 5832 dorsa,
742 5780 861 5835 qua:
908 5777 1173 5823 nocturno
1211 5763 1526 5837 ‘obriguissc
1552 5764 1697 5835 gelu,
1731 5765 1888 5822 sicuti
1918 5764 2112 5821 herbas

2215 2826 2526 2884 incanuisse
2562 2827 2730 2889 videt.
2773 2836 2902 2883 sunt
2940 2826 3286 2882 summitates
3326 2841 3484 2897 aqua:
3511 2824 3780 2896 stagnantis

2212 2899 2301 2953 vel
2334 2899 2548 2965 pluvia).
2578 2915 2700 2967 qua:
2731 2899 2783 2954 in
2808 2899 2979 2954 foveis
2999 2899 3083 2954 vel
3110 2898 3162 2953 in
3185 2897 3621 2963 depressioribus
3643 2906 3781 2952 terra:

2212 2971 2458 3041 partibus
2495 2970 2772 3027 observari
2802 2971 2964 3028 solet.
2998 2969 3188 3041 Virgil.
3221 2987 3238 3024 ι
3267 2969 3473 3042 Georg.
3498 2969 3599 3024 Ωιτ

2340 3103 2625 3154 Praesertim
2646 3105 2854 3155 incertis
2876 3106 2917 3155 si
2943 3104 3195 3154 mensibus
3212 3104 3371 3154 amnis
3394 3101 3644 3154 abundans

2135 3144 2185 3210 C
2339 3144 3440 3227 ἱῖὶῖἶῖνὲῖὸῑᾶἶιὶὶῖἱῖιιέἱὲἰῖἔῖὄῶἶιῖἕίἰᾘοῗ

2339 3227 2483 3279 Unde
2508 3241 2640 3280 cava:
2662 3229 2832 3293 tepido
2853 3230 3030 3280 sudant
3047 3228 3254 3280 humore
3276 3228 3490 3279 lacunae.

2217 3354 2355 3410 Dum
2381 3368 2514 3410 vero
2543 3355 2698 3410 dorsa
2730 3357 3035 3409 lacunarunt
3063 3353 3216 3417 dicit,
3251 3352 3564 3422 Virgilium,
3593 3367 3692 3405 non
3722 3357 3788 3404 ta-

2217 3442 2340 3482 men
2383 3427 2516 3480 satis
2543 3435 2690 3493 apte,
2722 3427 2984 3481 imitatur.
3019 3426 3151 3480 Nam
3186 3427 3232 3481 is
3259 3421 3474 3480 dorsum
3504 3424 3657 3478 maris
3681 3421 3789 3491 qui-

2215 3499 2338 3553 dem
2367 3497 2536 3564 dixit,
2560 3498 2654 3552 sed
2685 3497 2866 3565 pltrasi
2890 3498 3122 3566 poetica,
3153 3513 3324 3566 neque
3346 3497 3419 3554 de
3441 3507 3790 3566 summaaqtta

2217 3569 2416 3633 tnaris,
2454 3568 2552 3624 sed
2593 3568 2662 3622 de
2689 3564 2986 3637 brevibus,
3017 3579 3074 3624 et
3108 3564 3378 3638 congestis
3405 3564 3790 3638 cnmpactisque

2216 3640 2401 3710 iniquo
2429 3641 2546 3696 loco
2577 3639 2720 3695 inter
2746 3640 2944 3710 fluctus
2971 3641 3169 3705 arenis,
3202 3639 3399 3709 quibus
3431 3640 3476 3693 si
3509 3637 3790 3692 iulia-ream

2217 3709 2446 3782 puppes,
2490 3727 2654 3782 aegre,
2687 3709 2809 3782 nisi,
2830 3721 3079 3766 crescant
3119 3712 3338 3779 fluctus,
3367 3710 3533 3768 avehi
3565 3715 3789 3781 possunt.

2220 3781 2426 3854 Virgilii
2457 3781 2572 3838 loca
2604 3792 2730 3838 sunt
2748 3781 2963 3838 .Eneid.
2997 3798 3034 3852 ι,
3067 3783 3166 3838 ιιι
3193 3798 3207 3838 :

2343 3895 2553 3946 Dorsum
2575 3897 2789 3946 immane
2808 3896 2935 3946 mari
2954 3907 3163 3946 summo.

2219 4014 2272 4062 et
2299 4005 2516 4061 ᾸΞιιοίιΙ.
2531 4007 2534 4010 ’
2547 4022 2577 4060 x
2590 4047 2603 4071 ,
2637 4004 2765 4072 505,

2344 4117 2564 4183 Namque
2588 4119 2770 4170 inﬂicta
2789 4119 2942 4182 vadis,
2963 4118 3110 4170 dorso
3130 4119 3246 4168 dum
3268 4116 3458 4182 pendet
3479 4116 3663 4179 iniquo.
3755 4093 3758 4096 ’

2292 4265 2346 4321 9.
2385 4264 2478 4319 Vel
2502 4265 2761 4318 communi
2793 4282 2908 4320 usu.
2955 4262 3094 4320 Cod.
3145 4263 3419 4334 Longob.,
3447 4260 3541 4334 uel
3576 4274 3794 4334 contrus-

2221 4339 2362 4390 nius.
2395 4337 2488 4392 Sic
2515 4351 2732 4407 quoque
2755 4337 2880 4407 legit
2900 4327 3293 4392 Col|.Gronov'.
3327 4333 3424 4390 sed
3455 4333 3584 4389 dein
3613 4327 3799 4401 repetit

2220 4408 2301 4464 vel
2328 4409 2588 4462 communi
2627 4425 2724 4462 usu
2754 4417 2874 4476 post
2910 4407 3125 4478 praprio
3153 4423 3328 4461 sensu.

2299 4481 2384 4535 10.
2419 4480 2542 4534 Sese
2565 4477 2915 4550 adoperiens.
2938 4477 3108 4548 Lugd.
3141 4479 3290 4534 Batt.
3315 4492 3425 4548 pr.,
3459 4481 3665 4547 quart.,
3695 4483 3805 4526 cum

2223 4552 2360 4626 Coll.
2395 4550 2662 4626 G_r0ttov..
2688 4567 2744 4626 se
2768 4551 3051 4626 adponam.
3160 4621 3193 4626 _
3422 4617 3435 4626 _
3546 4617 3561 4626 .
3663 4613 3696 4626 η
3749 4611 3778 4626 ν

2295 4620 2380 4676 Η.
2415 4620 2541 4676 Cum
2564 4611 2785 4675 Annibal
2811 4611 3130 4692 elephantos.
3160 4621 3239 4676 De
3270 4617 3503 4692 transitu
3523 4611 3807 4692 Annibalis

2306 4692 2536 4818 inrtliam,
2565 4705 2620 4749 et
2647 4687 2973 4748 detrimento
3002 4702 3228 4764 accepto
3271 4691 3486 4747 dicetur
3519 4687 3662 4744 infra
3691 4696 3804 4753 cap.

2301 4805 2313 4817 .
2392 4780 2514 4818 ABR.

2301 4805 2313 4817 .
2349 4780 2514 4818 FABR.

2296 4834 2384 4890 12.
2412 4833 2787 4901 Jucundantes,
2819 4835 3180 4906 sudantesqne.
3209 4831 3673 4906 Iucundantesque
3699 4837 3809 4906 tan-

2222 4917 2337 4964 tum
2366 4907 2624 4964 exhibent
2654 4917 2766 4962 tres
2795 4907 2963 4969 Lugd.
2989 4903 3132 4962 Batt.
3165 4920 3288 4960 cum
3313 4905 3454 4960 Coll.
3482 4903 3723 4958 Gronov.
3750 4905 3800 4951 ct

2224 4980 2279 5033 itt
2310 4979 2560 5034 omnibus
2599 4994 2732 5035 mss.
2778 4978 3032 5034 scribitur
3067 4977 3437 5049 jocundautes.
3483 4978 3554 5027 At
3597 4975 3649 5026 in
3700 4970 3810 5024 Meo

2222 5052 2382 5105 ictum
2407 5052 2607 5117 dantes,
2636 5050 2788 5119 quasi
2820 5049 2960 5120 pilas
2990 5065 3056 5105 ex
3087 5050 3211 5104 nive
3237 5055 3570 5117 compactos,
3601 5056 3810 5099 earum-

2222 5137 2328 5193 que
2356 5122 2551 5190 iactum
2583 5122 2666 5178 vel
2714 5123 2878 5176 ictum
2913 5122 3165 5193 inuueret
3193 5122 3415 5175 Auctor.

2295 5183 2383 5268 15.
2415 5193 2834 5268 Segnitiant._l_ta
2882 5192 3063 5262 plures
3093 5207 3222 5247 mss.
3254 5205 3375 5246 cum
3406 5187 3531 5244 cod.
3567 5183 3809 5257 Longob.

2223 5265 2456 5321 efferunt
2487 5265 2582 5336 pro
2606 5265 2893 5333 segnitiem.
3126 5334 3164 5336 υ
3192 5334 3202 5336 _
3229 5333 3241 5336 _
3379 5331 3391 5336 _
3642 5327 3678 5336 _
3749 5327 3760 5336 .

2295 5327 2708 5410 M.__Sufﬁcere,
2757 5336 3078 5410 probaretur.
3113 5333 3267 5410 _Edd.
3312 5331 3487 5410 prima
3536 5337 3601 5410 et_
3642 5327 3811 5385 Paris.

2221 5403 2638 5478 atqueVenette,
2667 5403 2988 5478 sufﬁcienter
3011 5407 3308 5478 probarent.
3339 5403 3404 5457 Et
3430 5403 3696 5478 qttoniatti
3725 5413 3812 5478 su-

2223 5471 2318 5550 pra
2351 5496 2447 5550 pro
2467 5471 2742 5533 doceretur
2756 5471 2789 5531 ἐ
2817 5489 2863 5533 et
2894 5479 2948 5531 in
2971 5471 3378 5550 comparatione,
3401 5482 3534 5550 etei,
3571 5471 3813 5550 Floreat.

2221 5540 2575 5607 sem-scribit.
2609 5550 2824 5615 docere,
2855 5565 2970 5604 cum
3000 5559 3048 5602 et
3090 5540 3144 5601 in
3192 5564 3385 5616 comp.,
3431 5541 3694 5616 videntur
3743 5540 3815 5593 illi

2218 5622 2378 5677 codd.
2409 5623 2638 5678 innuero
2666 5622 2817 5690 quasi
2847 5621 3076 5687 doceret,
3105 5627 3162 5674 et
3188 5615 3316 5674 dein
3343 5615 3673 5690 sufﬁcienter
3698 5627 3816 5683 pro-

2217 5694 2392 5756 baret,
2449 5694 2589 5750 foret
2661 5686 2986 5762 legendum;
3049 5686 3144 5748 Sed
3213 5705 3314 5762 ego
3370 5686 3652 5757 vulgatam
3711 5692 3816 5740 non

2223 5773 2391 5819 ιιιιιιο.
