4092 6346
555 429 568 436 μ
603 333 709 411 8ὶὶ9

2007 355 2214 416 PAULI
2252 356 2482 418 OROSII

3803 367 3913 429 860

604 469 776 529 odore
818 484 1046 542 graves,
1091 469 1235 528 mole
1263 470 1567 542 terribiles,
1599 479 1659 529 ut
1702 470 1890 530 videre
1937 472 2193 545 Romani,
2223 473 2276 536 Α
2303 474 2364 530 Ει
2389 490 2511 532 eum
2540 489 2572 532 a
2599 477 2764 534 sociis
2784 479 2831 511 ”
2855 478 3254 552 increparetur,
3282 495 3382 539 cur
3423 497 3486 540 se
3517 483 3724 542 victum
3760 485 3920 545 dice-

608 579 754 620 novo
780 564 1055 636 pugnandi
1082 579 1282 637 genere
1326 564 1686 621 circumventi
1716 575 1770 622 et
1798 567 2002 634 territi,
2032 569 2203 637 ‘equis

559 716 562 718 γ
609 659 846 715 maxime
876 659 1243 730 p‘avitantibus
1268 700 1282 726 ,
1316 658 1666 728 diffugerunt.
1700 659 1744 692 ¹⁶
1768 659 1877 716 Sed
1911 671 2200 732 postquam

609 751 901 823 Minucius,
933 762 1141 823 quarta:
1171 753 1402 824 legionis
1432 753 1643 824 primus
1671 753 1948 822 hastatus,
1982 763 2204 826 proten-

608 853 716 899 tam
747 844 800 900 in
831 858 891 899 se
916 859 1134 899 manum
1163 843 1358 899 bellum
1387 844 1566 915 gladio
1590 844 1856 912 desecuit,
1885 854 1941 901 et
1979 854 2205 902 contur-

607 938 788 994 batam
836 937 1028 994 dolore
1065 937 1310 993 vulneris
1352 940 1527 993 averti
1571 938 1714 994 bello
1757 947 1919 1008 atque
1964 940 2018 995 in
2071 955 2202 998 suos

608 1032 803 1087 saevire
824 1030 1108 1100 compulit,
1141 1030 1368 1101 ejusque
1399 1030 1762 1087 immoderato
1802 1031 2049 1088 discursu
2082 1048 2204 1103 per-

610 1121 815 1178 turbari
842 1138 906 1178 ac
936 1124 1254 1194 permisceri
1283 1139 1520 1195 coepere,
1552 1125 1676 1180 linis
1698 1141 1892 1198 pugna:
1920 1127 2084 1182 etiam
2109 1129 2203 1184 he-

607 1216 804 1272 neficio
828 1217 1002 1274 noctis
1034 1217 1322 1288 impositus
1349 1227 1453 1275 est.
1499 1218 1684 1275 Victos
1727 1221 1898 1278 fuisse
1927 1221 2200 1280 Romanos

607 1311 782 1379 turpis
807 1309 928 1383 fuga
958 1312 1217 1382 prodidit,
1244 1328 1477 1384 quorum
1506 1324 1633 1371 tunc
1660 1315 1925 1372 cecidisse
1952 1316 2200 1374 referun-

604 1413 693 1460 tur
723 1405 766 1436 ¹⁷
787 1405 1031 1476 peditum
1059 1407 1475 1478 quatuordecim
1505 1409 1675 1466 millia
1703 1411 2001 1482 octingenti
2031 1423 2085 1468 et
2109 1428 2201 1469 oc-

610 1496 816 1568 toginta
849 1515 862 1551 :
898 1498 942 1530 ’⁸
971 1499 1116 1567 capti
1147 1499 1296 1554 mille
1322 1502 1552 1557 trecenti
1582 1509 1637 1556 et
1663 1501 1885 1559 decem:
1919 1504 1960 1536 ¹⁹
1989 1504 2201 1574 equites

602 1600 785 1647 autem
811 1591 940 1648 caesi
987 1592 1206 1649 ducenti
1255 1593 1610 1665 quadraginta
1643 1594 1783 1663 duo,
1831 1597 1976 1667 capti
2026 1599 2202 1654 octin-

603 1683 750 1754 genti
778 1693 833 1740 et
853 1683 984 1752 duo,
1011 1685 1164 1756 signa
1192 1686 1393 1741 amissa
1421 1686 1612 1758 viginti
1634 1687 1762 1743 duo.
1795 1689 1839 1719 π
1860 1688 1994 1744 Nam
2021 1705 2199 1761 quan-

605 1785 695 1832 tus
725 1791 757 1833 e
786 1776 1008 1834 diverso
1037 1794 1299 1834 numerus
1339 1780 1612 1836 sociorum
1668 1780 1865 1853 Pyrrhi
1912 1782 2073 1839 fuerit
2104 1799 2199 1840 cx-

2307 580 2393 627 ret
2441 573 2532 644 qui
2580 574 2832 642 vicisset,
2883 578 3232 648 respondisse
3280 580 3507 638 fertur:
3556 581 3641 637 Ne
3682 601 3814 656 ego,
3867 586 3918 640 si

2307 664 2494 718 iterum
2534 665 2711 721 eodem
2751 670 2902 724 modo
2949 671 3114 726 vicero
3142 712 3158 738 ,
3203 673 3317 728 sine
3337 675 3444 728 ulla
3491 676 3651 732 milite
3682 676 3916 749 Epirum

2306 770 2554 813 revertar.
2621 757 2834 817 Interea
2897 762 3176 820 Romanus
3247 767 3558 836 exercitus,
3614 779 3916 840 postquam

2303 848 2479 905 victus
2501 849 2640 905 clam
2668 851 2804 921 fugit
2832 867 2863 908 e
2893 853 3110 920 castris,
3137 854 3503 913 miserabilem
3533 859 3664 916 belli
3693 860 3914 917 cladem

2305 943 2646 1012 gravioribus
2675 947 2938 1002 monstris
2979 957 3192 1004 auctam
3241 952 3752 1024 accumulatamque
3786 971 3917 1026 pcr-

2303 1035 2496 1090 seusit.
2521 1033 2657 1091 Nam
2693 1037 3042 1107 pabulatores
3079 1039 3219 1097 forte
3247 1057 3602 1115 progressos,
3629 1046 3784 1101 velut
3813 1048 3916 1101 ho-

2303 1125 2444 1182 stilis
2471 1128 2718 1198 quaedam
2748 1129 2942 1186 oborta
2987 1141 3285 1202 tempestas
3311 1176 3325 1200 ,
3354 1151 3478 1191 cum
3522 1137 3778 1194 horribili
3807 1138 3916 1193 fra-

2304 1237 2436 1289 gore
2490 1221 2614 1278 coeli
2665 1232 2994 1292 correptos,
3066 1224 3200 1282 diris
3255 1226 3573 1286 fulminibus
3621 1231 3839 1287 exussit
3898 1250 3912 1286 :

2305 1310 2351 1342 “
2396 1311 2595 1384 quippe
2638 1314 2685 1345 ⁸⁵
2733 1314 2953 1384 triginta
2991 1323 3047 1371 et
3071 1325 3305 1388 quatuor
3349 1334 3537 1376 eorum
3567 1320 3712 1377 idem
3750 1325 3916 1378 turbo

2305 1405 2595 1472 prostravit
2621 1446 2637 1472 ,
2659 1404 2850 1477 viginti
2874 1416 2932 1463 et
2957 1405 3066 1464 duo
3091 1409 3397 1466 semineces
3419 1411 3632 1481 relicti,
3657 1412 3911 1484 jumenta

2300 1496 2610 1553 exanimata
2669 1508 2725 1556 et
2768 1509 2925 1570 capta
2966 1502 3012 1534 “
3057 1517 3220 1574 quam
3265 1504 3536 1575 plurima,
3587 1516 3647 1562 ut
3707 1508 3913 1564 merito

2299 1591 2597 1660 contigisse
2621 1592 2665 1623 ⁸⁷
2697 1607 2806 1647 non
2835 1592 3050 1664 signum
3081 1596 3408 1652 vastationis
3436 1596 3632 1655 futura:
3665 1599 3766 1656 sed
3816 1615 3912 1655 va—

2299 1682 2461 1737 statio
2483 1681 2598 1753 ipsa
2623 1684 2910 1742 referatur.
2934 1688 2982 1719 ³⁸
2996 1687 3250 1744 Secunda
3272 1689 3415 1746 inter
3435 1690 3703 1764 Pyrrhum
3721 1703 3778 1749 et
3801 1693 3913 1749 Bo-

2300 1789 2488 1830 manos
2517 1776 2776 1834 consules
2809 1794 2986 1850 pugna
3011 1781 3056 1815 ²⁹
3087 1780 3139 1837 in
3168 1780 3382 1854 Apulia:
3407 1782 3604 1840 finibus
3635 1783 3741 1840 fuit
3769 1801 3786 1839 :
3817 1785 3911 1842 ubi

604 1868 838 1927 stiuctus
865 1912 880 1937 ,
911 1873 1190 1927 memoriae
1220 1871 1474 1927 traditum
1504 1888 1612 1928 non
1643 1883 1728 1929 est
1759 1892 1770 1928 :
1804 1876 2038 1933 maxime
2069 1877 2192 1948 quia
2221 1866 2272 1928 B
2297 1871 2480 1928 clades
2515 1870 2647 1930 belli
2682 1873 2748 1931 ad
2777 1884 3065 1948 utrosque,
3095 1878 3191 1934 sed
3223 1880 3460 1936 maxime
3493 1880 3560 1935 ad
3602 1879 3900 1952 Pyrrhum.

603 1963 928 2033 scriptorum
959 1971 1205 2020 veterum
1230 1978 1350 2019 mos
1388 1972 1493 2031 est,
1521 1980 1588 2020 ex
1613 1981 1676 2021 ea
1710 1975 1862 2036 parte
1891 1983 2013 2037 quze
2043 1969 2193 2025 vice-

605 2056 698 2123 rit,
722 2055 1029 2111 occisorum
1055 2054 1164 2112 non
1191 2071 1624 2114 commemorare
1649 2074 1930 2115 numerum
1947 2102 1962 2128 ,
1987 2075 2056 2116 ne
2080 2061 2198 2117 vic-

606 2146 762 2202 toria:
807 2147 1037 2218 gloriam
1084 2147 1359 2205 maculent
1396 2148 1590 2204 damna
1630 2150 1893 2207 victoris:
1927 2152 2030 2208 nisi
2059 2153 2199 2209 forte

604 2254 729 2296 cum
761 2241 900 2296 adeo
926 2240 1086 2312 pauci
1108 2241 1332 2307 cadunt,
1380 2251 1440 2298 ut
1465 2243 1882 2302 admirationem
1908 2255 2200 2303 terrorem-

606 2347 713 2398 que
737 2332 955 2390 virtutis
984 2343 1176 2405 augeat
1209 2335 1453 2403 paucitas
1482 2336 1821 2407 perditorum
1846 2380 1861 2402 .
1895 2339 2040 2396 sicut
2068 2342 2112 2373 “
2142 2341 2197 2399 in

601 2428 762 2499 217
793 2427 964 2496 prima
991 2427 1197 2485 Persici
1225 2428 1358 2486 belli
1379 2433 1769 2504 congressione
1791 2435 1932 2504 apud
1955 2434 2201 2492 Alexan-

599 2519 756 2575 drum
775 2520 1021 2591 Magnum
1038 2521 1169 2579 fuit:
1185 2524 1456 2591 cui,inter
1481 2527 1872 2599 quadringenta
1896 2529 2012 2588 fere
2033 2532 2198 2588 millia

600 2609 837 2668 hostium
866 2611 1186 2680 interfecta,
1221 2630 1422 2672 novem
1457 2621 1838 2677 tantummodo
1873 2621 1926 2679 in
1953 2625 2197 2683 exercitu

596 2701 715 2770 ejus
745 2702 958 2773 pedites
985 2703 1226 2763 defuisse
1267 2706 1598 2766 referuntur.
1629 2712 1738 2768 Sed
1775 2712 2019 2786 Pyrrhus
2050 2725 2198 2775 atro-

593 2795 814 2852 citatem
845 2797 1052 2868 cladis,
1081 2815 1244 2870 quam
1277 2800 1381 2860 hoc
1406 2803 1552 2860 bello
1571 2816 1876 2878 exceperat
1897 2849 1916 2878 ,
1944 2808 2051 2866 diis
2078 2810 2194 2868 suis

597 2887 1020 2962 hominibusque
1094 2901 1332 2950 testatus
1403 2904 1523 2961 est,
1590 2898 1819 2971 affigens
1866 2901 2084 2958 titulum
2143 2903 2199 2960 in

597 2985 806 3058 templo
834 2985 1120 3046 Tarentini
1147 2988 1298 3048 Jovis
1325 3031 1342 3060 ,
1377 2991 1432 3048 in
1465 3009 1574 3066 quo
1604 2997 1721 3052 hzec
1751 2996 1973 3069 scripsit
2003 3015 2019 3054 ε

596 3186 698 3271 Qui
714 3193 831 3271 ante
848 3188 1202 3271 hac
1217 3192 1394 3271 furere
1417 3197 1528 3256 viri,
1553 3202 1900 3271 pateroptime
1919 3204 2132 3271 Olympi,

595 3249 700 3301 llos
724 3263 823 3316 ego
847 3253 897 3303 in
923 3266 1092 3329 pugna
1113 3255 1226 3318 vici,
1250 3249 1919 3323 victusque'sumab'isdem.

2303 1964 2525 2022 victoria
2553 1967 2620 2021 ad
2662 1967 2940 2026 Romanos
2990 1971 3284 2027 concessit.
3313 1972 3446 2027 Nam
3478 1987 3600 2028 cum
3621 1973 3715 2029 diu
3742 1977 3912 2049 218

2299 2055 2499 2113 obnixe
2522 2059 2734 2114 cunctis
2758 2060 2812 2115 in
2850 2071 3091 2117 mutuam
3114 2054 3319 2118 ciedem
3358 2063 3671 2131 ruentibus,
3702 2080 3908 2134 anceps

2299 2149 2432 2205 belli
2465 2151 2731 2222 penderet
2755 2163 2984 2210 eventus
3009 2195 3024 2220 ,
3053 2154 3298 2226 Pyrrhus
3323 2196 3338 2221 ,
3372 2157 3634 2212 transfixo
3684 2157 3911 2214 brachio

2301 2243 2548 2311 saucius,
2578 2244 2728 2314 prior
2754 2245 2922 2302 cessit
2961 2263 2993 2301 e
3022 2246 3229 2317 prmlio.
3263 2247 3372 2304 Sed
3403 2257 3461 2304 et
3509 2248 3798 2307 Fabricius
3826 2251 3906 2306 lc-

2301 2345 2460 2408 gatus
2496 2347 2622 2395 tunc
2663 2339 2977 2396 vulneratus
3020 2349 3126 2397 est.
3169 2342 3458 2412 Elephanti
3498 2343 3675 2415 prima
3724 2361 3904 2416 pugna

2303 2432 2618 2499 vulnerari,
2650 2442 2814 2503 atque
2852 2435 2910 2490 in
2951 2435 3132 2507 fugam
3159 2437 3280 2507 cogi
3314 2451 3475 2508 posse
3515 2434 3854 2509 deprehensi
3889 2454 3906 2498 :

2299 2524 2496 2582 deinde
2517 2525 2777 2597 subjectis
2809 2527 2952 2584 inter
2998 2528 3304 2598 posteriora
3344 2543 3409 2584 ac
3459 2529 3641 2585 mollia
3689 2530 3912 2602 ignibus

2300 2619 2557 2690 exagitati
2581 2659 2598 2687 ,
2625 2620 2882 2677 ardentes
2908 2620 3132 2694 insuper
3153 2621 3437 2678 machinas
3474 2622 3662 2680 furore
3690 2623 3911 2695 trepido

2301 2710 2754 2767 circumferentes
2777 2755 2794 2780 ,
2826 2713 2996 2769 exitio
3027 2714 3142 2770 suis
3182 2713 3356 2770 fuere.
3386 2711 3541 2770 Caesa
3580 2724 3713 2772 sunt
3744 2715 3801 2771 in
3842 2731 3909 2770 ea

2302 2818 2475 2875 pugna
2507 2804 2746 2876 quinque
2769 2806 2939 2862 millia
2966 2806 3333 2863 Romanorum
3363 2806 3467 2863 :de
3494 2807 3748 2864 exercitu
3770 2823 3907 2863 vero

2300 2894 2495 2968 Pyrrhi
2540 2895 2586 2929 ³ο
2619 2897 2803 2967 viginti
2850 2898 3020 2954 millia
3068 2907 3339 2970 prostrata
3363 2908 3512 2955 sunt.
3545 2899 3712 2972 Regis
3750 2901 3908 2972 signa

2299 2991 2476 3047 ablata
2515 2990 2904 3063 quinquaginta
2951 3002 3008 3049 et
3035 2994 3170 3060 tria,
3220 2993 3589 3050 Romanorum
3645 2993 3909 3051 undecim

2300 3084 2500 3141 amissa
2541 3096 2667 3141 sunt
2700 3104 2715 3146 :
2761 3085 3033 3160 Pyrrhus,
3075 3087 3222 3144 bello
3263 3087 3566 3155 fractus,"
3606 3088 3911 3160 Agathocle

2309 3159 2529 3234 mortuo
2550 3193 2682 3248 rege
2735 3159 3081 3251 Syracusano
3099 3179 3202 3248 ,ad
3231 3179 3441 3238 Siciliae
3466 3182 3772 3238 arcessitus
3803 3182 3909 3238 im-

2299 3267 2539 3338 perium,
2569 3270 2870 3342 Syracusas
2895 3271 3194 3330 concessit.

1885 3439 2268 3530 HAVERCAM
2280 3444 2339 3501 PI
2377 3445 2609 3504 NOT/E.

671 3576 1599 3678 iitucin‘sPe
1623 3587 1724 3671 hoc
1755 3589 2061 3678 Floruszg.
2089 3593 2192 3678 illi
2219 3596 2266 3660 C
2368 3599 2461 3678 ξι.
2509 3601 2717 3678 Quippe
2747 3605 2816 3678 55
2841 3622 3043 3678 eorum.
3075 3604 3154 3661 Ita
3185 3607 3395 3676 conieci
3425 3607 3742 3678 legendum,
3767 3609 3904 3664 alio-

598 3650 804 3727 nucius,
838 3659 1037 3727 quartae
1056 3651 1276 3727 legionis
1304 3655 1559 3723 hastatus,
1585 3662 1739 3714 unius
1763 3664 2069 3727 proboscide
2095 3667 2183 3720 ab-

597 3720 761 3794 scissa
789 3722 921 3794 mori
944 3738 1093 3794 posse
1109 3720 1320 3779 'belluas
1349 3720 1662 3785 ostemlerat.
1695 3720 1861 3788 linea.

669 3792 754 3846 17.
791 3790 1036 3846 Peditum
1065 3809 1154 3849 xw
1185 3797 1370 3850 millia.
1403 3799 1500 3854 llic
1529 3816 1786 3858 numerus
1813 3813 1898 3860 est
1928 3805 1982 3860 in
2015 3807 2189 3862 omni-

598 3862 703 3940 bus
732 3863 1135 3940 manuscriptis.
1164 3866 1460 3940 Dionysius
1480 3873 1661 3937 tradit,
1698 3874 2070 3932 Romanorum
2099 3895 2189 3935 ce-

595 3934 794 3988 cidisse
823 3935 981 4018 paulo
1010 3937 1189 4018 minus
1210 3954 1278 3994 xv
1298 3934 1561 4010 millibus,
1581 3934 1948 4018 llierouymus
1979 3934 2188 4006 tantum

595 4006 1024 4074 septemmillia.
1056 4006 1222 4063 FABn.

671 4077 757 4130 18.
788 4073 942 4145 Capti
968 4093 1158 4161 neccx.
1193 4080 1294 4161 llic
1317 4097 1580 4161 numerus
1603 4086 1656 4140 in
1690 4103 1794 4142 uno
1817 4092 2190 4161 manuscripto

598 4145 809 4217 integer
853 4159 980 4232 est:
1013 4151 1065 4203 iu
1096 4152 1311 4232 caeteris
1353 4155 1594 4232 vulgaris
1637 4175 1896 4232 numerus
1934 4145 2191 4232 senuit};

596 4225 708 4300 est,
734 4219 1022 4304 cumhalius
1049 4225 1422 4304 anteanluerit.
1451 4219 1751 4304 Eunomus
1781 4231 1879 4296 ait,
1923 4219 2192 4304 Pyrrhum

596 4290 790 4370 cepisse
839 4289 1064 4345 Roman.
1120 4291 1265 4348 mille
1316 4289 1650 4370 octingentos.
1711 4289 1877 4356 Fanni
1902 4289 2053 4360 -Ἷη
2099 4289 2188 4363 ed.

598 4365 736 4444 Aug.
795 4369 1078 4430 captorqu
1138 4379 1399 4422 numerus
1456 4365 1723 4426 'delinitur
1795 4378 2193 4444 qnatuordecim

599 4431 790 4484 millia.
825 4447 1154 4488 uccccnxxx.
1807 4431 1819 4444 ’
1961 4447 1963 4449 ’

672 4503 758 4556 19.
787 4500 1208 4575 Equitesautem
1238 4508 1357 4562 cwsi
1398 4523 1598 4567 ccxut.
1648 4510 1705 4567 In
1761 4512 2044 4571 Gnaltheri
2093 4519 2189 4575 lib.

599 4582 703 4639 est,
735 4588 946 4628 cchvr.
981 4573 1228 4654 Varietas
1256 4586 1380 4634 nata
1402 4591 1486 4654 est
1511 4597 1579 4654 ex
1607 4598 1672 4638 eo
1700 4586 1844 4654 quod
1878 4603 1915 4641 ιι
1949 4589 2000 4642 in
2029 4605 2060 4642 v
2084 4573 2192 4644 sui;

599 4659 670 4714 pe
699 4654 922 4717 coeunt,
953 4645 1097 4701 sicut
1139 4657 1195 4702 et
1223 4659 1415 4704 contra
1449 4653 1566 4707 licri
1605 4645 1766 4711 siile't.
1797 4656 1963 4713 Faun.
1990 4689 2062 4700 —
2085 4661 2195 4717 Nu-

601 4729 787 4796 tncrus
813 4714 926 4783 ille,
960 4733 1120 4784 quem
1150 4735 1216 4796 ex
1246 4736 1349 4796 ms.
1385 4722 1588 4780 iudicat
1603 4725 1910 4796 Fabricius,
1936 4730 1990 4786 in
2017 4714 2195 4789 omni-

599 4785 869 4865 busﬁqugs
891 4802 991 4858 ego
1016 4791 1264 4846 consului
1299 4808 1430 4865 mss.
1466 4810 1682 4865 quoque
1713 4785 2010 4856 invenitur.

795 4855 948 4911 Nam'
987 4869 1214 4930 quantus
1246 4880 1273 4918 e
1319 4855 1518 4920 direre-0
1574 4855 1835 4924 muneras.
1894 4855 2192 4931 Numerum

597 4928 1297 5008 exstinctorumsociorum
1324 4934 1542 5006 Pyrrhi,
1591 4956 1750 5008 quem
1797 4942 2023 5002 Orosius
2046 4928 2184 5002 'méi

596 5002 784 5054 moria:
812 5001 1072 5090 traditum
1102 4989 2184 5090 non-essejait,l3ioiiy'sius:etvliierony-
2208 4989 2264 5051 Β

596 5085 718 5150 mus
742 5071 1151 5150 prodiderunt”;
1179 5077 1260 5132 illi
1293 5079 1436 5135 enim
1468 5071 1709 5135 tredecim
1738 5083 1928 5150 millia,
1959 5071 2185 5145 hicnon

593 5142 755 5223 plane
771 5152 994 5223 quatuor
1019 5146 1186 5202 millia
1198 5163 1345 5223 caesa
1364 5152 1603 5223 scripsit,
1621 5162 1843 5210 auctore
1867 5142 2182 5217 Plutarcho;

593 5213 761 5269 Faue.
787 5243 858 5254 —-
885 5214 1015 5270 Mss.
1043 5233 1234 5275 omnes
1262 5213 1877 5298 habent'conimendare,
1907 5213 2186 5302 aliquanto

595 5297 739 5354 post,
772 5299 871 5355 pro
898 5302 1316 5346 commemorare.

663 5355 849 5434 2l_._In
877 5361 1046 5429 prima
1073 5360 1271 5434 Persici
1312 5364 1456 5420 belli.
1500 5366 1578 5424 De
1604 5367 1707 5426 hoc
1755 5368 1996 5430 diximus
2043 5373 2187 5434 libro

594 5428 884 5500 superiore
912 5443 1033 5500 cap.
1066 5431 1156 5489 16.
1255 5481 1261 5488 .

592 5567 605 5580 ο
795 5497 1175 5587 Ιιερίειξίιιρενε
1193 5505 1311 5587 uiri.
1339 5507 1565 5587 versus,
1595 5512 1669 5567 uti
1689 5511 1744 5569 in
1769 5523 1917 5587 textu
1937 5517 2180 5587 reposui,

591 5569 812 5653 indubie
837 5569 1073 5629 Enniani
1109 5585 1269 5645 sunt,
1305 5581 1444 5635 male
1469 5569 1623 5650 prius
1645 5599 1768 5640 cum
1799 5569 2026 5653 reliquis
2046 5569 2185 5646 {alii

591 5639 717 5727 fusi.
749 5640 950 5727 [iuvere
969 5658 1150 5727 autem
1174 5639 2184 5727 pro[ueregantiquunqualm—multa

591 5711 874 5795 eleganter
889 5714 970 5795 _in_
983 5718 1098 5772 suis
1117 5711 1423 5791 spicilegiis
1446 5711 1748 5782 Palmerins
1775 5711 2189 5790 nostrised—(ictis:

593 5785 731 5836 sime
759 5785 922 5840 eruit.
951 5785 1122 5843 Laur.

659 5850 753 5908 25.
794 5853 1183 5926 lncrcparetur.
1216 5859 1347 5919 Mss.
1383 5877 1598 5940 omnes,
1631 5867 2048 5945 increpitarclur.

2299 3671 2428 3740 quin
2444 3683 2521 3750 _ut
2550 3671 2775 3730 (lt‘u'sius
2802 3677 3146 3750 intelligatur
3177 3671 3305 3734 lieri'
3325 3695 3430 3733 non
3462 3671 3662 3750 putuit.
3699 3671 3903 3736 Excusi

2295 3755 2350 3798 et
2375 3743 2589 3821 calamo
2609 3747 2853 3821 exarati:
2876 3743 3051 3803 eoru'm
3078 3749 3216 3804 idem
3241 3749 3392 3805 turbo
3417 3743 3713 3821 prostravit,
3740 3753 3903 3806 semi-

2297 3831 2444 3870 neces
2473 3815 2662 3871 relicti.
2711 3817 2884 3874 Laur.

2367 3887 2459 3960 23.
2501 3885 2744 3960 Triginta
2772 3899 2821 3943 ct
2849 3900 3093 3960 quatuor.
3139 3891 3336 3947 Decem
3379 3907 3445 3947 ex
3487 3893 3571 3948 his
3613 3893 3820 3951 absunt
3851 3897 3903 3951 in

2298 3957 2475 4030 tribus
2507 3957 2681 4030 Lugd.
2717 3957 2869 4014 Batt.
2895 3977 3020 4018 cum
3050 3963 3180 4020 coll.
3210 3963 3455 4020 Gronov.
3489 3965 3597 4021 Sed
3631 3981 3766 4022 mss.
3816 3983 3906 4024 re-

2295 4028 2427 4098 liqui
2456 4045 2560 4084 xxx
2591 4028 2636 4085 et
2663 4047 2713 4085 Iv
2739 4033 3003 4088 scribunt.

2366 4099 2673 4178 “laminam
2697 4103 2944 4170 plurima.
2979 4106 3130 4178 Meus
3156 4117 3532 4177 cumquatuor
3559 4107 3730 4178 Lugd.
3754 4109 3904 4166 Batt.

2297 4179 2353 4252 et
2377 4171 2521 4227 Coll.
2551 4172 3216 4252 Gronov.,_complurima.
3247 4171 3354 4234 Pro
3374 4190 3528 4251 capta
3552 4171 3693 4236 forte
3719 4182 3909 4252 legen-

2299 4241 2438 4319 dum
2459 4255 2728 4319 corrupta,
2760 4248 2843 4300 vel
2866 4241 3041 4319 rapta.

2368 4313 2458 4392 $7.
2504 4313 2628 4392 Non
2658 4319 2867 4386 signum
2888 4313 3198 4392 uastationis
3222 4323 3436 4392 futurae.
3471 4321 3744 4388 Perizon.,
3777 4340 3907 4378 con-

2298 4385 2472 4464 tigisse
2493 4385 2730 4464 videatur
2753 4405 2860 4464 n_on
2872 4390 2934 4464 in
2944 4391 3184 4464 signum,
3216 4385 3323 4448 etc.
3353 4393 3503 4449 Meus
3523 4405 3643 4450 cum
3668 4385 3906 4464 quatuor

2299 4455 2472 4526 Lugd.
2508 4456 2649 4539 Batt.
2683 4469 2739 4514 et
2766 4459 2909 4515 Coll.
2944 4455 3225 4532 Perizon.,
3267 4465 3550 4539 contigisse
3583 4455 3704 4522 non.
3729 4466 3788 4521 in
3825 4467 3904 4522 si-

2335 4544 2483 4593 num,
2516 4537 2625 4583 etc.

2299 4545 2483 4653 gnggi’
2505 4545 2751 4676 ἓέἓίιη-άα
2771 4601 2906 4676 inter
2919 4601 3183 4676 Pyrrhum
3205 4615 3253 4661 et
3271 4605 3496 4662 Roman.
3512 4607 3764 4665 Secunda
3785 4607 3909 4666 lucc

2298 4684 2630 4750 pugnacum
2661 4671 2874 4744 Pyrrho
2903 4671 3194 4731 commissa
3235 4686 3320 4734 est
3345 4719 3387 4750 ,_
3410 4679 3470 4734 P.
3504 4678 3740 4750 Sulpitio
3767 4720 3784 4744 ,
3832 4681 3906 4736 P.

2301 4740 2643 4821 Qeci9_l\lttre
2683 4740 2826 4798 coss.
2858 4761 3002 4821 anu_o
3038 4763 3270 4821 conxxtv
3290 4790 3306 4813 ,
3348 4740 3426 4806 'de
3449 4765 3572 4821 _qua
3602 4740 3901 4821 Eutropius

2296 4811 2394 4895 ait:
2414 4809 2478 4892 _M
2481 4812 2572 4866 issi
2598 4823 2717 4895 sunt
2741 4826 2921 4895 contra
2947 4817 3208 4895 Pyrrhum
3227 4809 3408 4895 ducem
3555 4809 3820 4895 sulpitius
3850 4833 3905 4878 et

2298 4879 2491 4937 Decius
2517 4886 2775 4956 consules.
2805 4879 3099 4944 Certamina
3127 4892 3426 4956 commisso,
3459 4879 3696 4956 Pyrrhus
3718 4895 3905 4950 vulne-

2299 4963 2442 5034 ratus
2472 4964 2570 5020 est,
2599 4955 2863 5034 elephanti
2887 4961 3187 5034 interfecti,
3222 4955 3603 5034 uiginlimillia
3635 4981 3774 5020 casa
3803 4966 3908 5020 lio»

2285 5027 2462 5103 stium,
2499 5035 2546 5103 et
2576 5042 2641 5103 ea:
2673 5027 3151 5103 Romanistantum
3172 5027 3402 5103 quinque
3423 5034 3610 5091 millia.
3647 5036 3816 5092 Fauu.

2356 5098 2450 5184 29‘.
2494 5095 3040 5184 lugdpuligﬁnibus.
3069 5095 3328 5184 Puguam'
3361 5107 3709 5184 commissam
3776 5109 3906 5184 rupi

2289 5165 2720 5248 :Aaaglou_§cribjt
2749 5165 3076 5248 Plutarchus
3119 5165 3178 5248 in
3224 5174 3456 5248 Pyrrho,
3485 5186 3540 5233 et
3570 5177 3766 5234 Florus
3793 5165 3898 5246 ita,

2290 5236 2359 5314 in
2387 5237 2582 5305 Apulia
2605 5239 2793 5298 deinde
2820 5245 2962 5314 apud
2982 5244 3233 5302 Asculum
3250 5236 3765 5306 melius'dimicatum
3797 5236 3903 5306 est.

2291 5309 2463 5436 “£3:
2503 5379 2707 5454 Viginti
2731 5385 2922 5461 millia.
2962 5387 3027 5461 _l_n
3060 5387 3306 5444 Florent.
3341 5405 3455 5448 see.
3485 5399 3753 5461 pmterea
3786 5392 3896 5447 tria

2292 5465 2695 5534 agnoscuntur,
2711 5457 2807 5512 sed
2833 5458 3047 5534 vexilla
3071 5457 3520 5529 superscribitur.
3541 5463 3649 5518 Pro
3667 5464 3904 5534 quinque

2291 5524 2465 5606 millia
2489 5524 2578 5579 ed.
2615 5527 2792 5596 prima
2818 5569 2832 5593 ,
2876 5539 2931 5585 et
2972 5524 3367 5590 illam-secutae
3412 5533 3618 5590 habent
3655 5524 3895 5604 quatuor

2293 5593 2786 5746 ῃηὲἶῗιἈθαιΙιρειθ
2815 5682 3042 5746 mortuo.
3077 5673 3209 5742 Quis
3233 5674 3324 5731 hic
3350 5676 3677 5746 Agathocles
3705 5677 3903 5745 fuerit,

2295 5739 2599 5814 quibusque
2631 5741 2735 5797 viis
2765 5742 2832 5798 ad
2864 5739 3453 5814 regnum-ascenderit,
3487 5765 3519 5805 e
3543 5748 3762 5805 Diodori
3795 5739 3892 5805 Si4

2296 5809 2403 5892 culi
2442 5809 2547 5892 lib;
2573 5827 2668 5866 xix
2717 5809 2951 5872 abunde'
2976 5832 3278 5890 cognosces
3311 5838 3322 5875 :
3353 5819 3423 5878 de
3441 5809 3648 5880 eodem
3690 5835 3815 5892 cap.
3863 5820 3903 5877 θ

2299 5880 2474 5952 plura.
2506 5881 2671 5938 Fara.
