4092 6346
193 252 296 310 869

1266 245 1744 308 HISTORIARUM
1781 243 1984 304 LIBER
2026 244 2120 304 IV.
2160 244 2318 305 CAP.
2359 242 2446 302 Vl.

3373 245 3481 306 870

193 387 502 460 piditatem.
533 384 632 443 Cui
672 385 752 442 rei
779 381 1075 442 consilium
1111 381 1250 440 utile
1293 391 1443 439 ratus
1471 391 1578 450 est,
1611 391 1671 438 ut
1713 381 1788 437 si-

1911 380 2068 436 tellas
2097 379 2353 452 scriptas,
2380 378 2424 410 ³⁸
2446 385 2501 436 et
2523 384 2644 450 post
2666 392 2790 435 cera
2810 377 3125 451 superlitas,
3149 384 3485 448 enuntiabat.

197 481 422 540 mulatis
451 480 628 536 unica:
668 478 792 535 lilia:
829 476 1072 549 nuptiis,
1113 490 1306 532 omnes
1338 482 1620 532 senatores
1657 489 1795 546 quo-

194 588 318 631 rum
347 571 672 643 dignitatem
699 571 746 603 ³⁸
767 569 1104 626 obstaturam
1137 567 1370 638 inceptis
1406 567 1519 622 suis
1557 567 1793 622 arbitra-

193 665 378 734 batur,
428 664 575 720 inter
622 661 816 736 pocula
861 675 1075 718 veneno
1121 668 1369 717 necaret.
1413 659 1546 727 Qua:
1583 673 1672 714 res
1699 673 1794 728 per

195 756 482 814 ministros
510 756 746 830 prodita,
777 757 898 812 sine
926 755 1135 811 ultione
1163 755 1329 810 vitata
1361 762 1467 820 est,
1494 767 1564 809 ne
1595 753 1649 809 in
1677 753 1795 808 viro

194 853 241 884 ¹⁹
272 859 386 906 tam
419 850 632 921 potenti
657 849 777 921 plus
803 849 1006 921 negotii
1035 849 1236 905 faceret
1257 862 1350 904 res
1369 848 1608 918 cognita,
1633 861 1792 919 quam

195 945 459 1015 cogitata.
495 944 608 1000 Hoc
653 943 889 1021 consilio
941 942 1128 999 elusus
1159 942 1340 1011 Anno,
1373 941 1482 996 alio
1517 942 1796 997 machina-

193 1045 387 1092 mento
409 1035 618 1092 facinus
655 1034 879 1107 aggredi
910 1044 1091 1107 parat.
1116 1033 1353 1091 Servilia
1379 1031 1641 1101 concitat,
1677 1034 1796 1104 qui-

193 1128 304 1185 bus
332 1135 558 1200 repente
603 1127 882 1182 incautam
913 1127 1103 1183 urbem
1136 1128 1488 1198 opprimeret.
1519 1125 1626 1182 Sed
1669 1140 1792 1182 cum

192 1229 327 1278 ante
362 1229 620 1278 statutam
644 1221 808 1292 228
828 1219 1070 1276 czedibus
1100 1219 1241 1276 diem
1273 1218 1545 1290 proditum
1575 1233 1633 1274 se
1658 1233 1796 1290 pra:-

193 1320 537 1384 ventumque
570 1312 951 1380 intellexisset,
977 1313 1260 1368 castellum
1289 1311 1563 1382 quoddam
1596 1311 1640 1344 ³⁰
1670 1327 1794 1369 cum

191 1408 389 1479 viginti
422 1406 667 1464 millibus
693 1420 980 1462 servorum
1011 1416 1252 1462 armatus
1276 1415 1525 1478 occupat.
1558 1405 1633 1462 lbi
1665 1405 1794 1462 dum

191 1501 363 1560 Afros
399 1515 694 1574 regemque
723 1500 1038 1556 Maurorum
1069 1501 1334 1570 concitat,
1365 1507 1557 1571 captus
1584 1509 1666 1556 est
1692 1516 1707 1560 :
1733 1514 1796 1556 ac

192 1596 380 1668 primo
403 1595 570 1670 virgis
591 1608 796 1661 exesus,
818 1593 1015 1650 deinde
1041 1592 1255 1650 effossis
1278 1593 1453 1650 oculis
1474 1603 1528 1648 et
1550 1592 1796 1649 manibus

194 1689 563 1760 cruribusque
593 1687 806 1754 fractis,
843 1686 990 1742 velut
1025 1701 1055 1741 a
1088 1685 1316 1757 singulis
1348 1685 1606 1742 membris
1637 1700 1795 1756 pinna

195 1783 536 1853 exigeretur,
564 1780 618 1836 in
647 1792 946 1850 conspectu
976 1778 1156 1849 populi
1189 1785 1416 1833 necatus
1449 1786 1552 1834 est.
1581 1777 1796 1848 Corpus

197 1874 532 1932 verberibus
556 1873 600 1906 “
633 1873 876 1930 lacerum
915 1873 1064 1928 cruci
1096 1871 1372 1937 suffixum,
1419 1869 1514 1926 lilii
1557 1871 1802 1942 cognati-

197 1982 317 2038 que
344 1981 538 2023 omnes
581 1965 853 2038 supplicio
885 1965 1066 2021 traditi
1094 1983 1106 2020 :
1130 1979 1201 2021 ne
1240 1963 1364 2036 quis
1385 1978 1526 2020 eum
1556 1962 1799 2033 ejusdem

194 2060 426 2115 familia:
455 2073 710 2130 umquam
755 2066 850 2113 aut
881 2057 1104 2123 imitari,
1151 2063 1247 2112 aut
1281 2055 1468 2112 ulcisci
1498 2055 1792 2112 meditare-

199 2161 310 2208 tur.
346 2151 474 2207 Haec
519 2149 852 2222 temporibus
905 2149 1134 2221 Philippi
1165 2158 1312 2220 gesta
1353 2155 1499 2204 sunt.
1531 2145 1660 2202 Post
1687 2144 1803 2202 haec

199 2243 697 2315 Carthaginienses
720 2243 764 2276 ³¹
787 2258 910 2299 cum
937 2243 1140 2316 Tyrum
1173 2243 1362 2299 urbem
1391 2251 1671 2298 auctorem
1702 2241 1802 2296 ori-

200 2337 353 2408 ginis
381 2351 516 2404 suae,
547 2335 616 2392 ab
644 2335 956 2392 Alexandro
985 2337 1179 2408 Magno
1207 2343 1420 2406 captam
1450 2349 1803 2406 eversamque

199 2429 551 2498 didicissent,
587 2429 850 2486 timentes
882 2431 1173 2485 transitum
1202 2427 1319 2501 ejus
1356 2429 1410 2485 in
1447 2427 1688 2484 Africam
1719 2427 1804 2484 fu-

202 2535 415 2592 turum,
458 2523 790 2580 Amilcarem
822 2523 1139 2593 quemdam,
1172 2532 1535 2595 cognomento
1578 2522 1801 2578 Rhoda-

201 2633 365 2686 num,
410 2615 586 2672 virum
636 2615 888 2672 facundia
935 2617 1268 2688 solertiaque
1315 2616 1684 2687 praecipuum,
1734 2614 1802 2671 ad

202 2708 645 2781 perscrutandos
685 2707 981 2766 Alexandri
1013 2719 1166 2765 actus
1198 2710 1514 2766 direxeruut
1543 2727 1558 2766 :
1589 2709 1680 2781 qui
1708 2724 1806 2780 per

201 2805 628 2862 Parmenionem
675 2804 834 2876 quasi
875 2804 1152 2876 transfuga
1191 2813 1470 2875 exceptus.
1514 2802 1712 2860 dehinc
1748 2805 1800 2859 in

203 2899 462 2956 militiam
491 2898 633 2970 regis
663 2897 956 2968 admissus,
985 2899 1169 2954 omnia
1197 2897 1406 2954 civibus
1435 2897 1552 2954 suis
1592 2913 1690 2969 per
1717 2906 1800 2954 ta-

1899 473 2056 531 Hunc
2085 486 2304 530 mortuo
2336 471 2650 528 Alexandro
2681 471 3064 544 Carthaginem
3096 490 3402 545 reversum,
3437 477 3483 510 "

1895 570 2046 638 quasi
2080 568 2267 624 urbem
2316 567 2429 638 regi
2477 567 2844 635 venditasset,
2878 583 2985 623 non
3031 569 3244 638 ingrato
3274 580 3481 627 tantum

1895 662 2079 715 animo
2131 660 2489 716 verumetiam
2552 659 2766 716 crudeli
2829 658 3065 731 invidia,
3126 673 3481 720 necaverunt.

1897 753 2108 809 Deinde
2147 768 2271 809 cum
2311 752 2554 823 assidua,
2606 767 2708 809 nec
2748 767 3004 824 umquam
3045 753 3179 810 satis
3228 771 3488 827 prospera

1897 845 2156 901 adversus
2177 845 2398 902 Siculos
2423 845 2560 902 bella
2585 855 2862 916 gererent,
2893 855 2948 902 et
2969 845 3267 918 Syracusas
3295 850 3486 906 urbem

1895 940 2096 996 Sicilia:
2114 949 2243 997 tunc
2264 940 2703 996 florentissimam
2733 939 3016 997 obsidione
3043 941 3367 1010 cinxissent,
3391 959 3489 1014 per

1894 1031 2249 1104 Agathoclem
2275 1033 2478 1088 Sicilia:
2500 1047 2680 1104 regem
2709 1033 2844 1089 miro
2866 1033 3220 1092 circumventi
3247 1035 3484 1108 ingenio,

1897 1139 2071 1196 usque
2096 1125 2164 1181 ad
2194 1137 2436 1181 extrema
2479 1125 2878 1196 desperationis
2918 1127 2964 1159 ³⁸
3002 1127 3220 1186 adducti
3267 1139 3412 1186 sunt.
3442 1129 3488 1162 ³⁸

1895 1217 2140 1289 Namque
2163 1219 2510 1290 Agathocles,
2535 1234 2656 1275 cum
2689 1220 2829 1290 apud
2857 1220 3156 1293 Syracusas
3184 1239 3213 1278 a
3243 1223 3478 1279 Cartha-

1896 1310 2238 1381 giniensibus
2279 1312 2648 1378 obsideretur,
2690 1327 2754 1368 ac
2800 1329 2859 1369 se
2887 1330 3064 1387 neque
3107 1315 3252 1373 bello
3300 1333 3486 1388 parent

1899 1401 2167 1458 instructu
2194 1404 2500 1474 copiarum,
2537 1419 2710 1476 neque
2740 1407 2903 1478 229
2933 1407 3240 1464 obsidiOItis
3275 1411 3486 1480 patien-

1901 1504 2007 1552 tem
2046 1495 2092 1528 ³⁷
2121 1495 2512 1567 stipendiorum
2559 1497 2881 1554 sufficientia
2926 1486 3166 1572 videret,
3193 1502 3332 1560 bene
3361 1519 3490 1576 pro-

1899 1588 2037 1655 viso,
2063 1602 2124 1644 ac
2148 1589 2341 1644 melius
2367 1590 2705 1646 dissimulato
2726 1592 2976 1661 consilio,
3008 1593 3062 1650 in
3087 1593 3324 1652 Africam
3356 1613 3480 1653 cum

1899 1680 2140 1736 exercitu
2172 1680 2219 1713 ³⁸
2247 1681 2463 1749 transit,
2500 1681 2572 1738 ibi
2602 1685 2735 1751 suis,
2780 1685 2907 1756 quid
2957 1687 3230 1756 moliatur,
3277 1690 3488 1760 aperit:

1825 1779 1872 1840 Β
1899 1771 2098 1828 deinde
2127 1773 2254 1844 quid
2287 1776 2425 1829 facto
2456 1789 2590 1845 opus
2630 1776 2734 1842 sit,
2765 1777 2944 1832 docet.
2973 1778 3122 1834 lllico
3161 1781 3494 1837 unanimiter

1903 1881 2072 1923 naves
2111 1868 2370 1938 primum,
2417 1868 2469 1924 in
2503 1869 2696 1940 quibus
2735 1886 2955 1942 venere,
2985 1872 3028 1907 '9
3073 1873 3390 1944 incendunt,
3427 1892 3494 1934 ne

1901 1974 2006 2028 qua
2031 1973 2159 2028 spes
2187 1959 2488 2031 refugiendi
2513 1961 2672 2017 foret.
2700 1962 2907 2020 Dehinc
2937 1981 3059 2020 cum
3082 1969 3262 2022 omnia
3291 1970 3344 2024 in
3372 1985 3493 2041 qua:

1903 2052 2217 2122 direxisset,
2252 2066 2650 2125 prOSterneret,
2686 2056 2842 2112 villas
2873 2059 3202 2131 castellaque
3234 2061 3493 2118 incende-

1906 2157 2018 2215 ret,
2061 2145 2107 2178 ⁸ο
2153 2149 2440 2204 Annonem
2471 2148 2763 2220 quemdam
2813 2165 2934 2206 cum
2985 2151 3206 2223 triginta
3259 2154 3494 2210 millibus

1907 2241 2200 2298 Poenorum
2240 2240 2285 2274 “
2317 2241 2533 2298 obvium
2567 2242 2782 2310 habuit;
2817 2259 2977 2315 quem
3022 2245 3066 2277 δ’
3115 2263 3238 2301 cum
3285 2245 3496 2304 duobus

1910 2334 2150 2391 millibus
2175 2350 2398 2390 suorum
2441 2334 2735 2392 interfecit.
2763 2337 2882 2409 Ipse
2905 2349 3086 2394 autem
3118 2339 3257 2396 duos
3289 2350 3496 2398 tantum

1910 2427 1965 2483 in
2010 2443 2077 2483 eo
2116 2426 2259 2483 bello
2290 2426 2543 2498 Perdidit.
2575 2428 2690 2498 Qua
2725 2445 2896 2502 pugna
2934 2438 2991 2487 et
3018 2431 3272 2488 Afrorum
3304 2433 3500 2491 animis

1913 2519 2311 2576 incredibiliter
2332 2519 2539 2586 fractis,
2557 2531 2612 2576 ct
2633 2537 2854 2577 suorum
2879 2524 2930 2578 in
2953 2525 3275 2580 immensum
3302 2527 3498 2594 auctis,

1913 2613 2076 2670 urbes
2103 2613 2437 2686 castellaque
2468 2625 2777 2686 expugnat,
2820 2618 3028 2687 przetlas
3073 2620 3317 2690 ingentes
3357 2623 3498 2694 agit,

1915 2705 2150 2761 hostium
2201 2705 2372 2762 multa
2418 2707 2585 2763 millia
2637 2706 2887 2763 trucidat.
2942 2709 3132 2766 Castra
3187 2711 3386 2770 deinde
3434 2715 3501 2770 ad

1904 2799 2154 2869 quintum
2182 2797 2417 2868 lapidem
2461 2812 2492 2854 a
2546 2798 2874 2870 Carthagine
2921 2803 3140 2871 statuit,
3195 2813 3254 2859 ut
3307 2805 3503 2861 damna

1905 2907 2090 2948 rerum
2121 2889 2656 2961 cpulcntissimarum
2687 2893 3152 2966 vastationemquc
3173 2911 3426 2968 agrorum
3452 2908 3505 2954 et

1494 3010 1948 3070 HAVERCAMPI
1987 3006 2217 3065 NOTAE.

283 3109 378 3164 98.
422 3107 778 3166 Obstalttram.
819 3107 1156 3181 Confirmant
1186 3107 1323 3181 hanc
1351 3107 1664 3181 lectionem,
1703 3122 1801 3178 pro
1828 3104 1877 3170 C
1931 3104 2180 3161 ultimum
2225 3103 2450 3161 verbum
2482 3101 2722 3176 reliquos
2767 3119 2898 3162 mss.
2935 3105 3150 3164 obsedit
3192 3123 3291 3181 pro
3328 3108 3506 3168 vendi-

207 3197 319 3251 qua
343 3181 649 3236 obstiturum
679 3184 731 3237 in
755 3180 1077 3252 quibusdam
1107 3180 1267 3236 codd.
1293 3189 1347 3252 et
1375 3178 1503 3235 edd.
1533 3188 1636 3252 est,
1669 3193 1801 3252 tttss.

207 3250 468 3323 Longob.
513 3263 568 3308 et
607 3250 937 3308 vetustiores
968 3252 1081 3318 alii,
1113 3259 1173 3306 ut
1203 3261 1259 3307 et
1296 3251 1544 3306 Vincunt.
1593 3250 1802 3306 Bellov.

210 3324 338 3380 lucc
365 3325 638 3394 excerpsit
667 3324 762 3378 lib.
797 3338 877 3388 tv,
920 3339 1040 3392 cap.
1080 3325 1171 3379 93.
1199 3323 1549 3390 Quinctilian.
1584 3337 1647 3388 ll,
1681 3337 1803 3392 cap.

217 3395 315 3464 η,
354 3394 538 3461 Video,
559 3395 743 3466 inquit,
767 3397 1016 3464 quosdam
1033 3395 1084 3448 in
1108 3395 1221 3464 ipso
1246 3395 1420 3448 statim
1443 3394 1620 3448 limine
1645 3395 1810 3448 obsta-

216 3477 366 3521 turos
391 3467 541 3521 mihi.
573 3467 694 3521 Mox
723 3467 883 3536 ceptis
909 3466 1059 3521 Meus
1086 3480 1182 3536 pro
1212 3466 1445 3537 inceptis.

288 3538 384 3593 29.
425 3537 560 3592 Tam
588 3535 803 3608 potenti.
844 3537 1014 3592 Abest
1035 3535 1139 3608 vox
1168 3535 1345 3608 prima
1373 3551 1404 3591 a
1433 3535 1718 3608 Vincentio
1751 3543 1808 3592 et

211 3625 251 3665 a
275 3624 415 3665 mss.
448 3604 821 3674 Meo.'Periz.,
852 3609 1024 3663 tribus
1059 3604 1231 3679 Lugd.
1265 3607 1430 3674 Batt.,
1460 3604 1600 3664 Coll.
1635 3608 1808 3664 Grou.

215 3689 278 3737 et
316 3679 448 3737 edd.
491 3689 622 3735 vett.
657 3681 882 3752 aliquot.
929 3679 985 3734 ln
1034 3679 1307 3751 plerisque
1346 3695 1412 3736 ex
1459 3679 1648 3735 iisdem
1687 3694 1812 3734 mox

221 3752 565 3806 constitutam
592 3766 692 3820 pro
727 3760 996 3806 statutam.

291 3822 387 3878 50.
430 3824 556 3895 (Iunt
579 3823 759 3895 viginti
783 3821 1035 3878 millibus.
1059 3821 1116 3876 ln
1139 3821 1228 3877 ed.
1251 3823 1385 3892 Attg.
1411 3837 1538 3878 xxw
1561 3821 1810 3895 millibus.

218 3893 424 3977 Iflures
467 3893 663 3977 deinde
695 3909 1165 3977 mss.,-servorum
1195 3895 1409 3976 armatis
1437 3894 1731 3966 occupavit,
1760 3901 1817 3949 et

219 3965 307 4021 sic
336 3980 556 4036 quoque
584 3965 836 4022 Vincent.
867 3965 1289 4021 Bellovacensis.
1352 4035 1366 4048 υ
1433 4036 1444 4048 _
1568 3965 1574 3966 “

293 4039 386 4093 51.
429 4036 706 4092 Lucerum.
749 4036 888 4092 Edd.
913 4036 1160 4108 quaedam
1192 4052 1256 4091 ex
1289 4050 1498 4105 prunis,
1531 4037 1818 4108 laceratum

218 4108 373 4235 fructi
406 4108 572 4178 fixum
601 4118 699 4178 est,
732 4117 791 4164 ut
816 4117 871 4164 et
904 4109 1157 4165 Vinccnt.
1202 4108 1412 4164 Bellov.
1460 4108 1554 4180 qui
1597 4107 1819 4179 afﬁxam

249 4195 333 4235 eat
368 4218 383 4232 .

249 4179 383 4235 eait.

417 4322 423 4323 ί
443 4249 571 4323 Cum
601 4249 792 4322 Tyrum
817 4249 1013 4306 urbem.
1059 4251 1136 4308 De
1165 4249 1294 4323 Tyri
1319 4251 1714 4322 expugnatione
1740 4249 1824 4306 di-

228 4331 380 4394 ctum
413 4321 876 4394 librosuperiore
921 4323 1099 4394 capite
1141 4321 1231 4379 16.
1265 4321 1648 4394 Carthaginem
1679 4336 1824 4394 _vero

1911 3185 2092 3232 lasset.

1983 3249 2075 3304 55.
2119 3247 2347 3303 Adducii
2371 3259 2509 3303 sunt.
2554 3245 2626 3303 Ita
2661 3249 2802 3304 malo
2828 3264 2950 3306 cum
2976 3267 3108 3308 mss.
3135 3253 3386 3309 omnibus
3413 3265 3500 3310 at-

1909 3335 2018 3390 quc
2057 3319 2182 3402 edd.
2215 3321 2468 3388 vetustis,
2518 3336 2680 3391 quam
2726 3320 2906 3376 adacti
2937 3333 3076 3394 sunt,
3132 3326 3274 3397 quod
3308 3326 3512 3382 habent

1914 3401 2274 3447 recenuores.

2104 3461 2366 3535 _Namqne
2392 3463 2718 3535 Agathocles.
2784 3464 3054 3522 Diodorus
3082 3467 3238 3524 initio
3277 3468 3399 3525 libri
3436 3487 3505 3526 xx

1921 3549 1950 3611 _a
1991 3532 2152 3611 Troia
2216 3532 2372 3604 capta
2419 3532 2587 3606 usque
2635 3535 2703 3589 ad
2745 3537 3133 3611 profcgionem
3187 3541 3505 3611 Agathoclis

1918 3606 1973 3660 in
2007 3604 2244 3660 Africam
2273 3604 2520 3660 numerat
2547 3621 2723 3660 annos
2743 3608 2872 3662 883.
2906 3608 3074 3666 FABR.

1985 3676 2074 3731 57.
2117 3675 2506 3755 Stipendiorum
2535 3677 2866 3748 sufﬁcientia.
2903 3679 3004 3735 Ed.
3029 3684 3281 3752 August.,
3308 3684 3510 3755 stipen-

1916 3747 2123 3801 diorum
2151 3747 2537 3816 sufﬁcientiam.

1961 3890 1963 3892 η
1989 3818 2080 3892 58.
2118 3816 2354 3892 _Transit.
2385 3817 2522 3892 God.
2558 3817 2802 3892 Longob.
2833 3835 2955 3877 cum
2983 3821 3122 3887 Meo,
3156 3826 3383 3882 transiit.

1990 3890 2080 3947 59.
2109 3886 2419 3945 Incendunt.
2442 3886 2754 3946 Plurimicx
2777 3907 2932 3958 mss.,
2948 3886 3288 3950 succendunt.
3309 3897 3509 3952 Justin.

1919 3960 2016 4046 lib.
2041 3976 2176 4086 XJJI,
2194 3975 2311 4085 (ἴῳ.
2335 3959 2391 4032 6,
2415 3961 2677 4017 uniuersas
2699 3979 2870 4033 naves,
2895 3967 3239 4023 consentiente
3265 3971 3510 4038 exercitu,

1919 4049 2064 4086 tncen
2106 4050 2121 4086 t
2154 4050 2206 4086 tu
2243 4041 2312 4086 et.

1918 4032 2123 4088 incendi
2142 4032 2312 4103 jubet.

1991 4103 2083 4178 At).
2125 4105 2392 4178 Annonem
2416 4104 2691 4178 quemdam
2718 4121 2836 4160 cum
2861 4107 3070 4178 triginta
3098 4109 3344 4166 millibus.
3386 4111 3514 4167 Haec

1921 4175 2140 4246 quidem
2173 4173 2246 4230 ita
2273 4173 2518 4232 lustinus
2557 4176 2696 4233 libro
2731 4193 2864 4232 xm.
2899 4173 2966 4234 At
3002 4181 3265 4237 Diodorus
3293 4183 3504 4244 scribit.

1924 4262 2033 4302 non
2077 4246 2253 4302 solum
2305 4251 2620 4314 Annonem,
2669 4248 2765 4304 sed
2813 4260 2868 4304 et
2921 4250 3273 4308 Bomilcarem
3323 4264 3514 4310 contra

1924 4317 2272 4396 Agathoclem
2307 4320 2529 4374 missum
2557 4334 2685 4396 cum
2729 4321 3000 4396 exercitu,
3051 4325 3102 4378 in
3147 4341 3252 4392 quo
3300 4325 3510 4396 pedites

224 4392 386 4465 Tyrii
428 4389 808 4465 condiderunt,
840 4389 1056 4462 semper
1090 4405 1372 4465 parentum
1400 4389 1522 4451 loco
1560 4392 1714 4456 culti,
1745 4394 1827 4448 ait
1927 4405 2036 4465 non
2069 4389 2351 4465 pauciores
2398 4407 2465 4465 χι.
2496 4391 2756 4465 millibus,
2789 4393 3000 4465 equites
3041 4389 3220 4463 mille,
3261 4389 3516 4452 curruum

225 4460 309 4554 Cit
323 4465 464 4552 rtius
505 4465 642 4555 libro
675 4480 747 4555 tv.
784 4463 936 4552 unde
963 4460 1412 4565 _Diodorusvlibrp.
1436 4481 1576 4565 ινιὲ
1610 4481 1822 4565 ιίᾳςχη·
1851 4504 1906 4565 D
1929 4461 2036 4515 duo
2069 4460 2512 4565 militantium;
2539 4461 3096 4565 quibus'Agatbocle's
3123 4460 3521 4565 opposuitrpri-

223 4534 437 4599 δονέους
465 4538 662 4613 τυρὶων
707 4537 990 4613 ἀπογόνους
1016 4545 1194 4593 vocat.
1227 4536 1482 4608 Virgilius
1512 4534 1752 4606 Elicit-1.,

476 4669 605 4738 Urbs
626 4673 822 4738 antiqua
841 4671 952 4736 fuit,
977 4671 1108 4737 Tyrii
1134 4677 1345 4724 tenuere
1365 4673 1543 4738 coloni,

477 4734 918 4799 CarthagoIFxmt.

295 4884 388 4940 5'5.
434 4881 639 4958 Et‘post
660 4901 788 4958 cera
816 4886 1124 4958 snperlitas.
1163 4883 1475 4958 Calliditatc
1509 4884 1698 4958 simili,
1721 4901 1826 4958 qua

229 4970 367 5011 usus
384 4955 628 5084 Sgraditur
658 4957 976 5014 Demaratus
1002 4956 1448 5014 Lacedtcmonius
1469 4971 1615 5028 supr.
1642 4955 1824 5028 libftt,

229 5042 351 5084 can.
425 5066 439 5080 .

219 5042 351 5096 cap.
384 5042 439 5084 υ.

314 5099 407 5153 ⁸54.
452 5097 641 5154 Urbem
668 5100 780 5170 regi
802 5100 1131 5155 cenditasset.
1171 5100 1264 5157 Sic
1288 5101 1388 5157 feci
1420 5117 1484 5156 ex
1515 5100 1825 5156 vindicasset

225 5177 286 5225 et
334 5171 686 5242 Avendicasset.
735 5173 922 5228 Simile
951 5184 1032 5228 εει
1064 5173 1206 5242 apud
1253 5173 1550 5237 Justinum,
1597 5172 1686 5226 ubi
1720 5173 1823 5228 hoc

223 5239 458 5316 verbum
495 5249 813 5316 usurpatur,
845 5257 944 5316 pro
974 5239 1290 5316 vendidisset
1314 5261 1334 5299 :
1362 5259 1460 5300 nec
1482 5243 1670 5316 dubito
1693 5244 1821 5316 quin

222 5311 394 5366 etiam
423 5311 674 5381 probabit
699 5311 888 5369 lector.
924 5314 1331 5370 Lirim—Male
1359 5316 1411 5370 in
1444 5315 1608 5371 editis
1635 5311 1818 5370 vendi-

223 5392 417 5446 casset,
447 5397 570 5437 nam
593 5384 681 5440 vel
702 5385 978 5441 indicasset
1008 5388 1089 5441 vel
1116 5387 1426 5441 venditasset
1464 5386 1816 5443 scribendum

225 5461 338 5510 est.
371 5453 526 5509 Patet
554 5469 624 5510 ex
666 5459 809 5510 notis
841 5458 1120 5524 Bongarsii
1167 5469 1221 5512 et
1255 5458 1578 5514 Bernecceri
1621 5459 1687 5513 ad
1718 5459 1815 5514 Ju-

225 5524 360 5580 stin.
387 5525 478 5580 lib.
506 5540 625 5598 xxI,
650 5541 770 5598 cap.
796 5527 850 5595 6,
875 5529 1016 5583 unde
1035 5528 1260 5582 Orosius
1281 5543 1373 5583 sna
1401 5530 1599 5593 hausit,
1616 5538 1818 5585 utrum-

227 5611 340 5670 que.
359 5605 514 5670 recte
543 5597 672 5670 dici.
709 5597 808 5668 pro
835 5601 1078 5654 venalem
1107 5599 1320 5654 offerre.
1358 5599 1471 5669 Ego
1500 5601 1550 5653 in
1584 5609 1817 5670 quatuor

227 5667 394 5723 codd.
430 5667 600 5738 Lugd.
653 5667 795 5724 Batt.
828 5683 880 5725 ct
910 5671 1048 5726 Coll.
1100 5670 1339 5726 Gronov.
1371 5667 1648 5724 indicasset
1681 5672 1820 5727 scri-

232 5749 384 5810 ptum
414 5741 616 5796 inveni.
661 5741 764 5813 Sed
798 5742 886 5797 ed.
934 5741 1164 5813 August.
1209 5751 1493 5809 utramque
1529 5743 1816 5798 lectionem

231 5814 669 5886 repra'st-ntavit,
702 5812 872 5873 edens
897 5812 1178 5883 indicasset
1207 5813 1292 5873 vel
1319 5813 1643 5888 vindicasset,
1673 5813 1819 5892 quod

1934 4548 2078 4588 mum
2098 4532 2268 4586 filium
2298 4546 2452 4588 suum
2479 4533 2878 4603 Archagathum
2902 4551 3023 4590 cum
3044 4532 3256 4593 duobus
3280 4532 3521 4595 millibus

1936 4604 2173 4679 peditum
2225 4613 2281 4658 et
2321 4605 2630 4679 quingentis
2659 4604 2856 4679 deinde
2900 4605 3368 4679 Syracusanorum
3413 4611 3517 4665 tria

1935 4674 2099 4752 millia
2127 4689 2178 4742 L,
2197 4682 2316 4752 _t_um
2341 4674 2652 4731 Graacorum
2667 4675 2840 4752 _mi_l_lia
2866 4674 2989 4747 tria,
3001 4679 3347 4752 totidemque
3368 4682 3525 4738 Satn-

1936 4745 2150 4813 nitium,
2197 4744 2548 4801 Etruscorum
2577 4757 2628 4802 et
2658 4746 2959 4802 Gallorum.
2978 4744 3273 4806 'Cecidisse'
3296 4751 3436 4808 idem
3466 4753 3520 4807 in

1933 4817 2127 4892 prtelio
2165 4816 2514 4892 ait,_Graccos
2543 4817 2835 4892 ducentos,
2881 4817 3379 4892 Carthaginienses,
3415 4841 3520 4879 non

1932 4889 2164 5015 tltrmplius
2191 4887 2352 4957 mille,
2383 4895 2599 4944 tametsi
2631 4888 2848 4960 quidam
2877 4907 2968 4945 sea:
2992 4887 3157 4948 millia
3181 4887 3522 4966 scripserint.

1979 4975 2100 5014 ABR.

1979 4975 2100 5014 ABR.

2000 5033 2091 5104 lii.
2147 5029 2363 5104 (_lbvium
2394 5028 2595 5104 habuit.
2614 5031 2754 5104 Cod.
2790 5032 3056 5104 Longol).,
3091 5037 3291 5092 obviam
3320 5037 3520 5092 habuit.

1999 5101 2113 5174 42._
2141 5101 2270 5156 Cum
2300 5103 2499 5156 duobus
2531 5103 2780 5159 millibus.
2825 5101 2983 5174 Apud
3025 5108 3329 5174 Justinum,
3375 5110 3522 5166 unde

1928 5172 2046 5247 inec
2084 5172 2386 5247 desumpta
2423 5184 2584 5247 sunt,
2617 5177 2717 5231 tria
2759 5172 2922 5230 tnillia
2976 5179 3203 5247 periisse
3245 5172 3517 5235 dicuntur.

1926 5245 2143 5316 Legitur
2163 5243 2302 5311 apud
2332 5243 2483 5316 illum
2517 5245 2608 5301 lib.
2634 5262 2903 5315 xxn,cap.
2935 5243 2992 5312 ϐξ
3021 5249 3129 5305 Sed
3160 5251 3342 5316 praelia
3383 5268 3524 5305 cont-

1924 5315 2100 5393 misso,
2131 5315 2234 5393 duo
2265 5317 2330 5369 de
2358 5315 2573 5393 Siculis,
2607 5319 2708 5372 tria
2738 5318 2908 5393 millia
2947 5321 3011 5373 de
3050 5315 3226 5393 Poenis
3261 5337 3376 5375 cum
3408 5325 3521 5393 ipso

1925 5388 2058 5441 duce
2087 5386 2333 5460 cecidere.
2364 5386 2420 5460 id
2459 5403 2592 5444 vero
2615 5404 2836 5460 prorsus
2876 5390 3214 5455 incredibile,
3239 5393 3376 5448 duos
3408 5386 3526 5448 tan-

1926 5468 2060 5533 tum,
2092 5470 2184 5533 ut__
2206 5459 2313 5533 vult
2358 5457 2632 5533 Orosius,'
2653 5461 2722 5517 de
2751 5462 3008 5533 exercitu
3039 5461 3350 5533 Agathoclis
3381 5465 3526 5519 ccci-

1927 5531 2095 5603 disse.
2143 5527 2296 5603 Unde
2339 5529 2585 5600 suspicor
2622 5532 2764 5603 apud
2809 5527 3266 5590 Justinum'illud
3310 5535 3415 5590 duo
3455 5537 3523 5591 ad

1927 5599 2114 5666 millia,
2135 5600 2344 5676 _itidcm
2395 5599 2473 5666 ut,
2515 5599 2674 5676 quod
2710 5607 2974 5673 sequitur,
3015 5605 3134 5676 tria,
3181 5607 3522 5663 referendum

1927 5687 2069 5749 esse.
2127 5669 2321 5727 Clades
2365 5669 2564 5749 autem,
2598 5669 2887 5749 Pomorum
2937 5669 3096 5749 longe
3121 5669 3355 5749 fgravior
3400 5679 3526 5744 fuit.

1927 5743 2071 5827 quod
2112 5758 2219 5799 non
2266 5745 2427 5826 modo
2453 5745 2628 5827 multo
2672 5747 2877 5821 plures,
2911 5746 3008 5805 sed
3035 5743 3094 5807 et
3123 5743 3297 5824 ipsum
3329 5750 3522 5813 ducent

1932 5821 2215 5874 Annonem
2246 5821 2551 5877 amiserint.
