4092 6346
537 286 642 344 81)7

1956 280 2163 338 PAULI
2199 277 2423 338 OROSII

3731 282 3844 340 868

537 382 682 438 tibus
706 379 990 436 hominum
1019 377 1292 436 occisione
1323 378 1604 434 hominum
1634 375 1945 442 satisfieret,
1977 376 2135 432 intel-
2160 383 2212 443 Α
2240 377 2464 444 morbis,
2527 376 2726 452 populo
2771 376 3088 436 catervatim
3141 377 3391 446 cadente,
3440 377 3552 436 cito
3606 379 3846 453 quisque

543 474 820 546 ligendum
851 475 969 539 fuit,
997 490 1056 528 se
1087 472 1364 544 operarios
1392 482 1553 542 atque
1582 469 1861 541 adjutores
1886 468 2139 541 pestilen-

539 571 628 624 tiae
653 567 879 624 conduci
915 586 926 622 :
961 579 1018 622 ut
1049 567 1173 638 ipsi,
1221 582 1355 637 quos
1389 565 1478 620 illa
1512 579 1617 620 non
1649 564 2022 634 corripuisset,
2049 578 2140 619 oc-

539 662 787 718 ciderent
831 679 846 718 :
897 675 1060 717 Sanas
1127 663 1274 716 enim
1344 667 1505 728 atque
1575 660 1912 727 incorruptas
1956 655 2138 710 offerri

544 757 750 813 hostias
801 772 918 812 mos
959 766 1062 819 est,
1111 755 1150 785 ¹⁰
1183 757 1251 808 ita
1281 753 1354 808 illi
1389 769 1493 807 non
1524 751 1776 806 sedarent
1804 751 2022 805 morbos
2047 750 2139 805 sed

542 847 925 918 prmvtinirent.
1001 846 1186 917 Itaque
1261 843 1736 915 Carthaginienses
1793 844 1833 874 “
1895 842 2142 898 adversis

546 940 651 995 diis
685 951 906 1011 propter
946 937 1251 994 istiusmodi
1284 952 1456 1005 sacra,
1507 938 1644 992 sicut
1682 935 1971 1003 Pompeius
2001 936 2140 992 Tro-

539 1050 637 1106 gus
668 1045 720 1089 et
746 1034 996 1089 Justinus
1030 1033 1283 1099 fatentur,
1329 1034 1463 1088 sicut
1499 1045 1679 1088 autem
1705 1032 1846 1103 apud
1879 1046 1976 1087 nos
2006 1046 2142 1086 con-

535 1138 662 1199 stat,
711 1138 932 1199 pmpter
973 1129 1451 1200 praesumptionem
1499 1129 1942 1198 impietatemque
1991 1125 2140 1196 ipso-

539 1239 659 1279 rum
698 1223 862 1296 226
901 1224 1037 1278 irato
1089 1222 1220 1290 Deo,
1264 1237 1389 1277 cum
1421 1223 1473 1276 in
1508 1221 1688 1278 Sicilia
1734 1221 1824 1276 diu
1858 1220 2146 1276 infeliciter

539 1315 914 1382 dimicassent,
970 1317 1237 1372 translato
1291 1315 1342 1370 in
1392 1315 1704 1371 Sardiniam
1736 1315 1914 1380 bello,
1946 1316 2143 1370 iterum

540 1411 812 1465 infelicius
851 1411 976 1465 victi
1022 1419 1190 1465 sunt:
1231 1421 1454 1481 propter
1505 1409 1651 1480 quod
1681 1410 1721 1440 ¹¹
1749 1408 1942 1464 ἀυυωιι
1987 1423 2146 1462 suum

542 1503 784 1558 blazeum
815 1512 870 1558 et
891 1518 1092 1573 paucos
1117 1503 1208 1574 qui
1241 1503 1620 1574 superfuerant
1646 1503 1868 1568 milites,
1895 1503 2148 1558 exsulare

545 1587 846 1668 justscrunt.
874 1596 1102 1652 Exsules
1125 1599 1336 1652 veniam
1364 1612 1458 1667 per
1480 1598 1687 1668 legatos
1711 1605 1958 1667 petentes
1989 1595 2032 1626 ¹³
2061 1611 2149 1652 re-

540 1691 703 1763 pulsi,
743 1692 974 1764 patriam
1015 1691 1157 1746 bello
1185 1703 1237 1746 et
1268 1691 1548 1746 obsidione
1574 1691 1884 1746 cinxerunt.
1917 1689 1992 1746 lbi
2017 1700 2148 1746 tunc

2243 481 2547 544 correptus,
2608 488 2731 529 mox
2787 483 3056 542 mortuus,
3099 473 3214 546 jam
3267 488 3369 530 nec
3422 472 3843 544 sepeliebatur:

2241 566 2397 638 cujus
2435 569 2560 621 mali
2602 567 2824 623 nuntius
2871 583 2996 622 cum
3043 567 3324 622 attonitam
3365 570 3653 638 repentino
3691 568 3848 622 luctu

2240 659 2620 728 Carthaginem
2662 660 3004 729 replevisset,
3045 675 3152 716 non
3177 675 3335 716 secus
3359 675 3419 714 ac
3442 660 3487 715 si
3507 661 3551 690 “
3576 671 3733 732 capta
3757 674 3850 714 es-

2243 764 2345 812 set.
2370 753 2578 806 turbata
2603 753 2798 807 civitas
2816 753 2932 808 fuit.
2949 751 3140 808 Omnia
3164 754 3458 810 ululatibus
3476 753 3852 823 personabant.

2243 843 2439 898 clausa:
2472 842 2670 914 ubique
2692 842 2894 913 janure,
2945 854 3138 902 cuncta
3172 845 3377 913 privata
3410 843 3733 914 publicaque
3761 843 3853 900 of-

2247 935 2364 990 ficia
2405 935 2699 1006 damnata,
2754 936 2990 993 universi
3045 937 3113 993 ad
3163 947 3378 1007 portum
3427 939 3471 969 “
3520 938 3847 1006 decurrunt,

2246 1032 2695 1105 egredientcsque
2767 1033 2836 1089 de
2905 1031 3132 1090 navibus
3202 1033 3360 1106 227
3433 1047 3684 1104 paucos,
3751 1030 3849 1103 qui

2248 1127 2388 1182 cladi
2418 1127 2822 1198 superfuerant,
2877 1126 2944 1182 de
2989 1127 3102 1182 suis
3133 1126 3180 1157 ”
3227 1135 3640 1197 percontantur.
3685 1125 3854 1182 Post-

2244 1236 2403 1290 quam
2433 1220 2500 1277 de
2531 1221 2689 1277 clade
2719 1235 2945 1276 suorum
2973 1263 2988 1285 ,
3033 1219 3081 1251 ³⁵
3131 1220 3440 1276 tacentibus
3470 1219 3580 1274 illis
3619 1218 3708 1275 vel
3750 1232 3852 1289 ge-

2250 1313 2557 1377 mentibus,
2626 1313 2814 1368 miseri
2878 1311 3235 1382 intclligunt,
3302 1319 3442 1414 ‘unc
3494 1319 3609 1366 toto
3661 1311 3852 1366 littore

2251 1403 2626 1475 plangentium
2670 1419 2860 1471 voces,
2903 1411 3034 1458 tunc
3075 1401 3378 1458 infelicitim
3425 1410 3659 1457 aratrum
3726 1402 3855 1457 ulu-

2250 1501 2390 1556 latus
2462 1509 2518 1556 ct
2583 1500 2796 1557 ﬂebiles
2858 1501 3099 1572 querela:
3157 1499 3546 1556 audiebantur.
3597 1501 3645 1531 ’³
3696 1498 3855 1554 lnter

2250 1595 2369 1652 lucc
2396 1597 2442 1628 ’⁸
2471 1596 2720 1668 procedit
2747 1606 2801 1652 et
2828 1595 2946 1666 ipse
2980 1595 3050 1651 de
3079 1594 3204 1651 navi
3241 1608 3338 1650 sua
3371 1593 3690 1665 imperator,
3726 1608 3854 1650 sor-

2249 1689 2374 1746 dida
2407 1690 2704 1761 servilique
2735 1689 2916 1744 tunica
2950 1688 3248 1744 discinctus
3283 1706 3294 1741 ε
3331 1687 3398 1743 ad
3428 1687 3582 1758 cujus
3612 1701 3858 1758 conspe-

539 1787 777 1853 Mazeus,
829 1786 938 1840 dux
973 1787 1242 1854 exsulum,
1295 1784 1695 1850 Carthalonem,
1751 1782 1921 1838 filium
1963 1799 2143 1851 suum,
2177 1779 2224 1840 B
2249 1795 2393 1838 etum
2420 1784 2464 1814 ’⁷
2489 1783 2858 1852 plangentium
2884 1781 3186 1853 junguntur
3206 1779 3446 1852 agmina.
3479 1780 3600 1852 lpse
3628 1794 3855 1852 quoque

543 1879 883 1934 sacerdotem
915 1878 1182 1943 Herculis,
1222 1877 1362 1946 quod
1397 1877 1503 1932 sibi
1531 1876 1683 1933 velut
1716 1876 1982 1932 insultans
2014 1893 2142 1947 pur-

542 1984 766 2045 puratns
822 1971 864 2003 “’
913 1982 1246 2038 occurreret,
1297 1974 1348 2026 in
1399 1972 1686 2027 crucem"
1709 1972 1811 2027 sub
1859 1971 2034 2027 oculis
2055 1986 2147 2042 pa-

546 2069 681 2132 triae,
719 2067 760 2098 ¹⁶
793 2067 860 2121 ita
908 2078 965 2121 ut
1015 2076 1154 2131 erat,
1192 2068 1231 2098 ¹⁷
1265 2083 1390 2121 cum
1423 2066 1678 2138 purpuris
1706 2064 1994 2137 infulisque
2024 2080 2147 2121 sus-

541 2159 746 2230 pendit.
796 2159 837 2191 ¹⁸
868 2159 996 2214 Post
1026 2174 1226 2230 paucos
1259 2159 1373 2216 dies
1417 2159 1606 2214 urbem
1649 2159 1820 2229 ipsam
1857 2159 2023 2230 cepit,
2055 2157 2147 2228 qui

545 2267 691 2316 cum,
743 2249 1037 2306 interfectis
1067 2251 1316 2320 plurimis
1345 2255 1683 2314 senatorum,
1717 2260 1941 2305 cruente
1970 2249 2145 2304 derui-

544 2355 785 2418 naretur,
813 2345 1022 2399 occisus
1048 2354 1148 2400 est.
1181 2345 1307 2400 llzcc
1333 2344 1666 2415 temporibus
1691 2343 1816 2415 Cyri
1846 2344 1987 2414 regis
2016 2344 2141 2398 Per-

541 2453 724 2495 sarum
756 2448 901 2509 gesta
929 2446 1070 2493 sunt.
1108 2439 1237 2493 Post
1269 2440 1380 2493 lucc
1411 2452 1542 2494 vero
1575 2439 1616 2471 ¹⁹
1644 2437 1850 2505 lmilco,
1885 2453 1980 2493 rex
2003 2435 2140 2492 Car-

546 2531 987 2602 thaginiensium,
1037 2531 1238 2587 cumiu
1286 2531 1472 2588 Sicilia
1521 2532 1718 2587 bellum
1766 2543 2002 2602 gereret,
2051 2549 2140 2589 re-

545 2637 707 2699 pente
737 2625 988 2682 horribili
1026 2635 1177 2698 peste
1205 2628 1502 2684 exercitum
1531 2627 1727 2682 amisit.
1758 2628 1802 2659 ὀ
1826 2627 1936 2685 Nec
1967 2643 2138 2695 mora,

2249 1893 2442 1932 manus
2476 1877 2543 1931 ad
2575 1878 2771 1933 celum
2803 1877 3058 1945 tendens,
3099 1891 3245 1950 nunc
3273 1891 3446 1943 suam,
3485 1892 3632 1932 rtttne
3673 1877 3856 1946 publi-

2249 1985 2369 2026 eam
2405 1969 2778 2025 infelicitatem
2810 1979 3034 2026 accusat
3063 1979 3117 2025 et
3151 1969 3318 2026 deflet
3349 1989 3362 2025 :
3398 1969 3467 2028 ad
3506 1980 3854 2041 postremum

2250 2061 2559 2117 vociferans
2599 2077 2696 2132 per
2736 2061 2953 2128 urbem,
3000 2062 3218 2118 tandem
3269 2063 3550 2132 ingressus
3598 2063 3854 2130 domum.

2251 2165 2480 2211 cunctos
2501 2156 2592 2225 qui
2621 2155 2984 2227 lacrymantes
3013 2157 3507 2226 prosequebantur,
3538 2156 3730 2211 ultimo
3755 2157 3858 2212 de-

2253 2251 2401 2305 misit
2426 2249 2666 2319 alloquio
2691 2266 2704 2303 :
2731 2263 2794 2304 ac
2824 2247 3023 2304 deinde
3052 2247 3326 2304 obseratis
3351 2249 3556 2319 januis,
3579 2251 3856 2305 exclusis-

2249 2361 2354 2415 que
2372 2343 2533 2399 etiam
2559 2343 2708 2408 ﬁliis,
2731 2344 2910 2414 gladio
2933 2342 3178 2399 dolorem
3205 2345 3484 2413 vitamque
3508 2344 3698 2398 finivit.
3725 2345 3857 2398 "J'C

2254 2438 2397 2492 llarii
2431 2437 2771 2507 temporibus
2813 2446 2964 2508 gesta
3011 2447 3163 2492 sunt.
3209 2436 3335 2492 Post
3379 2435 3494 2492 haec
3533 2435 3719 2500 Anno,
3767 2437 3856 2491 vir

2250 2534 2470 2604 quidam
2518 2532 3018 2605 Carthaginiensis,
3053 2531 3280 2603 privatis
3307 2532 3503 2602 opibus
3527 2532 3853 2602 reipublicm

2252 2628 2399 2684 vires
2425 2642 2712 2698 superans,
2755 2625 3078 2682 invadenda:
3111 2625 3503 2684 dominationis
3534 2625 3719 2683 hausit
3748 2641 3854 2684 cu-

1829 2762 2278 2821 llAVERC.\MPl
2317 2763 2549 2820 NOTAE.

543 2883 800 2939 omnibus
830 2879 989 2936 codd.
1014 2894 1135 2936 esse
1159 2890 1436 2950 corrupta,
1467 2889 1628 2948 atque
1660 2879 1836 2934 locum
1872 2879 2019 2934 hunc
2062 2879 2132 2934 ita

545 2956 648 3025 legi
676 2955 880 3026 debere
909 2971 922 3007 :
954 2953 1016 3008 Si
1045 2953 1180 3006 enim
1209 2953 1508 3026 ltujnsmadi
1530 2953 1632 3005 ritu
1662 2952 1827 3022 aliqui
1876 2953 2137 3026 (immanes

553 3023 836 3098 prapitiarc
858 3024 981 3096 (pro
1008 3023 1310 3098 praecipere)
1341 3025 1623 3098 ausisunt,
1659 3034 1713 3076 ut
1756 3023 2006 3098 mortibus
2046 3024 2138 3077 Ito-

545 3094 743 3151 initium
773 3094 1028 3150 occisione
1048 3095 1319 3148 hominum
1368 3094 1667 3164 satis/ieret,
1701 3103 1809 3150 etc.
1845 3096 2139 3165 Propterea

553 3169 606 3224 in
638 3167 993 3236 sequentibus
1023 3166 1242 3230 dicitur,
1268 3175 1322 3219 ut
1361 3167 1461 3234 ipsi
1494 3167 1720 3234 (scilicet
1757 3165 2003 3221 homines
2036 3165 2134 3236 illi)

547 3257 675 3303 quos
700 3240 792 3292 illa
821 3237 1175 3307 (pestilentia)
1201 3253 1302 3291 non
1327 3238 1682 3303 corripuisset,
1707 3239 2018 3293 occiderent.
2038 3236 2141 3292 Oc-

548 3293 801 3366 eitltehant
825 3293 973 3364 cnim
1007 3309 1084 3363 illi
1117 3293 1205 3377 qui
1236 3293 1590 3362 inunolabant
1627 3293 1894 3375 homines,
1926 3309 2141 3364 oceide-
2168 3293 2214 3356 (ἶ

554 3382 750 3438 bantur
773 3395 900 3435 vero
933 3381 984 3434 in
1017 3380 1324 3434 dzemonum
1351 3381 1600 3447 gratiam.

625 3455 710 3508 10.
741 3450 824 3505 Ita
849 3451 947 3505 illi.
975 3451 1030 3505 ln
1061 3452 1186 3504 edd.
1222 3452 1452 3506 Fabricii
1498 3459 1553 3505 et
1584 3451 1753 3506 Scotti
1813 3452 2016 3507 inserto
2045 3469 2142 3505 au-

551 3534 652 3579 tem
681 3524 895 3594 legitur,
925 3524 999 3577 ita
1029 3531 1200 3576 autem
1226 3524 1324 3576 illi.
1348 3523 1451 3576 Pro
1477 3537 1585 3592 quo
1611 3523 1736 3578 edd.
1765 3539 1884 3593 qua:
1913 3538 2146 3593 prteces-

552 3609 766 3660 serunt,
807 3595 1029 3661 habent,
1053 3595 1127 3647 ita
1157 3604 1212 3646 ut
1235 3594 1336 3654 illi,
1361 3597 1502 3660 quod
1557 3605 1607 3646 et
1638 3594 1690 3648 in
1721 3594 1888 3660 Lugd.
1919 3596 2055 3650 Batt.
2092 3603 2147 3648 et

551 3668 689 3722 Coll.
732 3667 970 3722 Gronov.
1032 3676 1229 3721 exSIat.
1271 3665 1378 3720 Sed
1434 3664 1621 3718 delent
1683 3667 1916 3720 mediam
1952 3682 2143 3721 vocem

551 3737 850 3794 Florentini
883 3747 1016 3806 tres,
1052 3737 1223 3802 Meus,
1260 3737 1434 3792 Periz.
1463 3746 1515 3790 et
1549 3736 1717 3804 Ultr.,
1754 3753 1929 3809 neque
1953 3739 2143 3793 eadem

552 3810 879 3877 indigemus.

627 3883 711 3936 Η.
740 3880 980 3935 Adversis
1009 3879 1128 3934 diis.
1156 3878 1387 3947 Quidam
1437 3893 1596 3944 mss.,
1627 3881 1822 3936 arersis
1874 3881 1998 3950 diis,
2061 3881 2145 3937 vel

550 3954 784 4008 adversis
811 3953 912 4007 dis.

626 4025 710 4078 i2.
745 4023 1114 4094 Ducemsuum
1144 4020 1406 4076 Museum.
1428 4021 1484 4075 ln
1503 4023 1733 4094 vulgatis
1764 4022 1959 4078 Justini
1995 4025 2146 4079 libris

550 4096 642 4151 hic
675 4098 778 4149 dux
813 4093 1081 4149 Maclttrus
1113 4097 1426 4148 nominatur
1459 4112 1472 4152 :
1503 4107 1690 4150 noster
1744 4099 2146 4164 manuscriptus

551 4183 673 4223 cum
702 4165 880 4221 Orosii
913 4167 1068 4238 libris
1094 4167 1389 4238 consentit.
1420 4166 1582 4220 Fann.
1619 4196 1688 4207 —
1734 4166 1936 4220 Nomen
1991 4169 2148 4238 hujus

555 4240 906 4308 imperatoris
932 4239 993 4308 ini
1016 4237 1160 4291 Flor.
1197 4253 1276 4304 pr.
1312 4235 1586 4290 Himclrlio
1613 4237 1889 4302 scribitur,
1917 4249 1974 4291 ut
2007 4235 2145 4293 etin

556 4326 664 4363 sec.
696 4320 856 4379 atque
889 4310 941 4362 in
974 4307 1144 4376 Lugd.
1175 4308 1316 4362 Batt.
1347 4323 1457 4362 sec.
1491 4308 1792 4380 quintoque
1813 4319 1867 4364 et
1896 4309 2143 4366 Perizon.

554 4381 785 4435 Himilco
813 4391 1042 4432 vocatur
1079 4380 1128 4430 in
1163 4380 1288 4434 Cod.
1324 4394 1463 4433 tneo.

629 4453 716 4505 13.
755 4451 986 4518 Repulsi.
1021 4449 1123 4502 Ed.
1146 4449 1310 4519 Aug,
1336 4460 1381 4502 ct
1412 4451 1625 4520 repulsi.

630 4523 716 4576 14.
753 4521 1076 4595 Occurreret.
1107 4520 1212 4595 _lta
1269 4535 1400 4576 mss.
1463 4537 1654 4578 names
1693 4538 1790 4595 pro
1830 4522 2144 4595 occurrerat,

554 4595 697 4664 quod
723 4604 805 4646 est
837 4595 889 4664 in
918 4592 1168 4664 vulgatis.

2440 2879 2650 2954 Imilt‘o,
2678 2897 2779 2954 rea:
2806 2879 3056 2954 ϐαι-φας.
3092 2881 3188 2936 llic
3217 2883 3268 2939 in
3321 2883 3600 2950 impressis
3643 2885 3853 2948 Jttstini

2241 2953 2394 3027 libris
2427 2951 2727 3027 Am_ilc_o,iin
2759 2951 3240 3027 scriptis—Imilce,
3287 2969 3316 3009 a
3367 2954 3572 3012 Grmcis
3623 2960 3851 3027 Ἰμίλκων

2242 3024 2484 3101 (Ιίιυὶιιιιο.Δ
2505 3022 2627 3101 Fuit
2651 3023 2704 3101 _i_s_
2727 3039 2822 3078 rex
2859 3023 3390 3101 Carthaginiensium
3419 3022 3732 3101 Olympiade
3753 3034 3849 3101 97,

2242 3105 2296 3150 et
2328 3111 2440 3149 rem
2475 3097 2529 3148 in
2555 3094 2739 3150 Sicilia
2777 3107 2966 3149 contra
3001 3094 3320 3165 Dionysium
3350 3094 3621 3155 seniorem
3654 3094 3852 3158 infeli;

2243 3166 2381 3221 eiler
2409 3165 2599 3246 gessii.
2633 3169 2773 3246 quod
2808 3177 2971 3246 capta
2994 3165 3328 3246 Achradina,
3356 3180 3649 3246 una_parte
3670 3174 3852 3246 Syra-

2247 3253 2518 3295 cusarum.
2552 3236 2770 3315 Cereris~
2825 3248 2902 3315 et_
2936 3237 3282 3315 Proserpina:
3315 3236 3512 3315 templa
3563 3236 3850 3315 spoliavit,

2251 3321 2509 3379 pes-teque
2536 3311 2855 3375 gravissima
2891 3311 3016 3366 inde
3048 3311 3319 3368 exercitus
3348 3311 3852 3381 laboravit,auctor

2247 3381 2514 3435 Diodorus
2547 3381 2640 3433 lib.
2680 3397 2787 3436 xiv.
2825 3381 2986 3436 ana.

2322 3452 2413 3507 9.0.
2453 3449 2564 3504 Nec
2586 3467 2732 3532 mora
2760 3454 3032 3532 inorbosis.
3063 3452 3153 3532 Sic
3179 3470 3266 3532 me
3294 3459 3502 3532 monuit
3550 3460 3848 3532 legendum

2247 3538 2392 3587 esse,
2423 3538 2487 3577 ex
2519 3523 2725 3578 morbus
2754 3525 2818 3587 is,
2854 3527 3336 3592 prmstantissimus
3376 3523 3703 3588 FrancisEus
3736 3535 3851 3589 Mo-

2245 3594 2388 3660 dius,
2414 3595 2567 3662 cujus
2585 3594 2888 3650 doctrinam
2915 3606 2968 3650 et
3001 3598 3052 3650 in
3079 3599 3391 3654 auctoribus
3422 3604 3681 3659 Sanandis
3712 3606 3851 3661 des-

2250 3670 2549 3731 teritatem,
2592 3668 2640 3719 in
2690 3669 2874 3722 Curtio
2919 3681 3090 3736 nuper
3120 3669 3188 3724 ab
3224 3684 3290 3724 eo
3343 3671 3493 3728 edito
3556 3675 3848 3733 miramur.

2248 3737 2516 3818 l.sur._—_-
2550 3737 2716 3792 licetc
2745 3740 3032 3818 vulgatiet
3062 3755 3217 3804 mss.,
3263 3743 3476 3814 morbis,
3527 3749 3676 3818 quod
3708 3764 3850 3805 con-

2247 3810 2383 3863 strui
2414 3808 2575 3881 debet
2603 3826 2724 3864 cum
2758 3808 2858 3863 cito
2886 3812 3101 3881 quisque
3121 3823 3406 3878 correptus.

2313 3881 2406 3962 2f.
2431 3878 2598 3962 Capta
2627 3891 2774 3935 esset.
2803 3878 3164 3962 [hister-iorem
3193 3900 3381 3940 vocem
3407 3902 3514 3943 non
3538 3902 3850 3962 agnoscunt

2249 3950 2422 4020 Lugd.
2453 3950 2590 4006 Bait.
2628 3962 2738 4007 tres
2766 3969 2886 4006 cum
2921 3954 3058 4008 Coll.
3101 3953 3339 4010 Gronov.

2319 4021 2758 4101 2‘2.ﬂDecurrunt.
2809 4026 2904 4078 l‘Id.
2947 4029 3093 4101 AugL
3114 4037 3167 4101 et_
3197 4036 3309 4082 tres
3339 4028 3511 4101 Lugd.
3543 4033 3686 4090 Batt.
3721 4052 3848 4092 cum

2248 4093 2385 4149 Coll.
2420 4095 2688 4178 Gronov..
2724 4093 3170 4178 recurrunt.'Scd
3227 4093 3449 4156 currunt
3495 4106 3583 4160 ed.
3647 4108 3848 4178 prima,

2249 4181 2476 4236 eamque
2505 4177 2708 4221 seetttae
2745 4168 2983 4223 Veneta}.

2320 4235 2411 4291 ‘25.
2457 4235 2867 4318 Pet-cantantum
2911 4241 3006 4318 Sic
3032 4240 3400 4318 curuiJustiuo
3422 4245 3521 4318 iib.
3568 4264 3683 4311 xu.
3721 4265 3850 4318 cap.

2249 4309 2284 4392 ‘_2
2313 4309 2619 4392 rescribere
2647 4311 2839 4392 iubent
2869 4311 3030 4366 codd.
3062 4312 3312 4369 Perizon.
3343 4326 3400 4372 et
3421 4315 3597 4374 Meus.
3634 4309 3854 4392 vulgati

2251 4379 2452 4434 habent
2484 4381 2940 4446 percontabantur.

2321 4452 2412 4505 2i.
2455 4451 2791 4526 Tacentibus.
2840 4455 3070 4524 Vu'gati,
3095 4457 3402 4526 dicentibus,
3438 4461 3531 4517 sed
3565 4477 3696 4516 mss.
3731 4479 3856 4519 om-

2252 4535 2433 4598 neset
2461 4524 2599 4598 {\ug.
2630 4528 2766 4598 edit.
2802 4528 2970 4580 multo
2997 4524 3408 4598 significantius,
3446 4536 3753 4589 tacentibus.

2321 4593 2414 4648 25.
2459 4593 2602 4648 Inter
2633 4596 2742 4650 lucc
2785 4599 3012 4670 procedit
3041 4593 3085 4652 et
3113 4601 3244 4667 ipse.
3291 4593 3559 4660 Diodorus
3599 4608 3666 4661 de
3700 4607 3856 4662 Imil-

627 4663 859 4748 ii’i.l§ub
880 4664 1063 4745 oculis.
1092 4661 1240 4748 Meus
1283 4679 1401 4718 cum
1435 4664 1608 4721 tribus
1661 4665 1832 4737 Lugd.
1893 4667 2034 4722 Batt.
2092 4678 2144 4724 ct

2253 4679 2411 4748 conc,
2443 4671 2526 4748 pi;
2555 4661 2855 4748 rea-0670.3”
2887 4668 3028 4730 ἦλθεν
3052 4674 3304 4744 ἀτυχίας.
3335 4675 3465 4731 ὥστε
3492 4681 3623 4748 μετά
3651 4688 3745 4741 τῆς
3765 4683 3856 4734 εὑ·-

550 4734 690 4790 Coll.
724 4735 992 4802 Gronov.,
1017 4737 1068 4787 in
1100 4733 1285 4789 oculis.

626 4808 713 4883 16.
746 4805 829 4859 Ita
860 4814 913 4859 ut
936 4815 1064 4883 erat.
1096 4803 1182 4883 ’ῼς
1211 4802 1372 4878 εἶχεν,
1412 4810 1481 4870 ὡς
1511 4808 1726 4883 γὲτυχε.
1786 4811 1923 4866 Male
1980 4811 2145 4880 igitur

550 4878 714 4948 vulgo
738 4888 925 4952 contra
949 4878 1391 4952 tidem_librorum
1411 4878 1756 4950 antiquiorum
1783 4878 2142 4952 scripserunt,

553 4952 626 5005 ita
656 4960 711 5003 ut
740 4960 850 5004 erat
875 4950 1082 5020 dignus.
1109 4949 1272 5004 Fann.

628 5021 879 5095 17.ACum
914 5037 1146 5095 purpura
1167 5020 1472 5092 infulisque.
1507 5023 1674 5095 Lugd.
1709 5025 1854 5079 Batt.
1883 5034 1992 5080 tres
2021 5041 2142 5080 cum

555 5091 692 5165 Coll.
720 5093 1073 5165 Gronov..__in
1100 5091 1335 5165 purpura
1366 5091 1669 5165 infulisque.
1717 5095 2023 5160 Utruturue
2074 5113 2141 5152 ex

556 5163 772 5238 iustine
801 5163 1024 5238 defendi
1060 5173 1259 5238 potest.
1313 5164 1467 5233 Apud
1525 5163 1671 5221 illum
1711 5167 1802 5220 lib.
1839 5183 1990 5233 xvut,
2023 5183 2143 5238 cap.

557 5236 612 5299 7,
646 5238 736 5290 ubi
769 5237 1049 5306 praecepit,
1086 5233 1226 5308 Quid
1247 5251 1406 5307 porro
1434 5247 1488 5290 tu
1523 5239 1574 5291 in
1605 5255 1840 5308 purpura
1871 5240 1970 5292 ista
2002 5233 2146 5293 curo-

559 5308 740 5376 nisque
771 5305 938 5372 aliud,
969 5314 1108 5369 etc;
1142 5305 1417 5379 aliquanto
1455 5317 1576 5378 post
1597 5305 1860 5378 sequitur,
1878 5319 2028 5379 atque
2053 5312 2146 5378 ita,

556 5394 674 5453 cum
697 5388 1024 5453 ornat‘usuo,
1057 5379 1127 5453 Ain
1176 5378 1482 5433 altissimam
1522 5397 1746 5450 crucem,
1771 5383 1826 5435 in
1868 5378 2148 5453 conspectu

556 5449 700 5502 urbis
729 5450 909 5521 suffigi
929 5449 1113 5521 jussit.

632 5520 877 5596 18._Post
900 5519 1250 5596 p'aucosdies.
1280 5519 1420 5576 Edd.
1453 5532 1592 5578 vett.
1624 5531 1737 5594 post
1759 5527 1952 5596 paucos
1977 5534 2148 5579 autem

556 5591 686 5645 dies.
711 5591 820 5647 Sed
855 5591 908 5645 in
942 5607 1072 5646 mss.
1105 5591 1236 5645 illttd
1292 5603 1461 5647 autem
1517 5591 1633 5649 non
1681 5591 1972 5650 invenitur.
2003 5598 2147 5652 Edit.

560 5663 1212 5739 Argust.,_Lugd._B_att._
1233 5662 1340 5716 duo
1369 5675 1418 5739 e_t
1447 5662 1586 5720 Coll.
1621 5666 1886 5734 Gronov.,
1922 5667 2151 5739 Postque

553 5749 751 5862 ppcucos
777 5737 906 5791 dies.
937 5735 1043 5792 Sed
1075 5735 1344 5803 lustinus,
1381 5735 1503 5793 Post
1550 5754 1743 5810 paucos
1791 5739 1977 5794 deinde
2019 5735 2148 5810 dies,

2248 4737 2554 4799 τελεστάτης
2586 4743 2798 4816 ἐσθῇτος
2826 4747 3023 4816 περιῄει
3061 4737 3197 4805 rei)?
3213 4748 3346 4801 κατά
3374 4737 3516 4802 πόλιῦ
3540 4737 3734 4812 ναοὺς.
3758 4775 3853 4806 κα·

2248 4818 2476 4891 ῖηγορῶν
2525 4820 2617 4872 τῆς
2658 4812 2788 4891 idid;
2832 4803 3109 4891 ὀιοίεέείοιςἱ
3147 4820 3239 4891 καὶ
3281 4822 3402 4891 περὶ
3445 4829 3544 4875 τῶν
3592 4825 3664 4884 εἰς
3703 4825 3854 4885 θεοὺς

2249 4881 2636 4969 adﬁrmare?
2661 4883 3060 4969 ὁμοζογουίέένην
3088 4887 3262 4969 didm);
3284 4881 3539 4969 ςτιίιωρίαν
3565 4881 3854 4969 τῷνδαιμοί·

2247 4953 2369 5024 νέῳ(
2389 4953 2529 5042 urge
2559 4953 2720 5042 τέλοέΖ
2753 4953 2936 5042 iant-aii
2967 4964 3249 5042 καταγνοὺς
3279 4953 3491 5019 Mirarer
3510 5009 3523 5031 ,
3557 4953 3856 5042 ἀτιεκαρτέο

2247 5045 2403 5100 pnas,
2425 5026 2490 5111 id
2525 5041 2607 5108 est
2636 5044 2650 5082 :
2684 5029 2828 5111 Adeo
2860 5033 3044 5111 misera
3072 5026 3183 5111 ejus
3207 5033 3418 5111 fortuna
3453 5026 3563 5104 esse
3585 5026 3760 5111 ca'pit',
3791 5047 3855 5092 ut

2251 5098 2367 5178 runt
2390 5098 2636 5178 uilissima
2663 5109 2798 5153 veste
2823 5104 2963 5156 urbis
2992 5098 3184 5172 tentpla
3207 5098 3386 5178 'obiens
3411 5102 3560 5160 suam
3586 5098 3702 5178 ipse
3741 5098 3850 5164 im-

2253 5171 2491 5234 pietatem
2525 5171 2814 5251 damnaret,
2839 5183 2994 5251 atque
3033 5171 3246 5229 testatas
3273 5177 3449 5251 violati
3479 5171 3712 5234 numinis
3742 5199 3848 5251 pae-

2252 5238 2735 5323 nas.persolv.erct;
2780 5244 2848 5323 ad
2893 5238 3176 5323 extremum
3222 5264 3277 5302 se
3317 5248 3505 5319 capitis
3548 5238 3851 5323 damnabit,

2251 5311 2524 5387 inciliaqtie
2552 5313 2708 5387 vitam
2741 5314 2970 5387 abrupit.
3003 5316 3166 5373 Fann.

2253 5381 2414 5507 “33.
2458 5381 2727 5440 Procedit.
2769 5381 2998 5454 Quidam
3041 5405 3108 5445 ex
3157 5389 3461 5461 impressis,
3503 5395 3683 5451 exiens
3727 5414 3859 5469 prc-

2444 5525 2826 5606 ⁸Ριαηςιειιεὶιιηι
2861 5533 3164 5606 junguntur
3205 5493 3438 5606 agmina.
3479 5536 3654 5594 Codd.
3697 5540 3854 5596 Meus

2256 5603 2312 5678 et
2337 5597 2613 5665 Perizou.,
2635 5597 2991 5682 plangentia;
3017 5605 3160 5675 quod
3217 5597 3433 5676 placere
3476 5613 3671 5682 possit,
3721 5613 3851 5682 quia

2252 5671 2360 5737 jam
2398 5671 2672 5748 praecessit
2695 5671 3053 5748 plangentium
3081 5671 3249 5745 voces,
3278 5681 3375 5734 sed
3403 5671 3543 5748 apud
3571 5671 3852 5738 Justitiam

2257 5755 2471 5825 qtioque
2491 5744 2703 5825 legitur
2729 5745 2824 5825 lib.
2856 5761 2970 5825 xix,
2998 5762 3120 5817 cap.
3153 5751 3206 5817 ὅ,
3237 5744 3310 5804 ad
3339 5744 3487 5823 cujus
3513 5767 3856 5825 conspectum

2259 5811 2610 5888 plangentium
2639 5817 2850 5888 agmina
2871 5811 3192 5891 junguntur.
