4092 6346
230 283 341 344 865

1304 280 1780 342 HISTORIARUM
1821 280 2025 341 LIBER
2052 280 2148 340 ιν.
2187 280 2342 340 CAP.
2386 277 2478 338 Vl.

3423 280 3530 344 866

229 412 498 473 usurpare
523 400 545 433 ⁸
578 397 820 458 meditati
853 406 1020 467 sunt;
1051 405 1109 457 ct
1137 397 1353 458 liberati
1381 401 1660 457 servitutis
1676 400 1829 473 jugo,
1861 409 1909 472 Α
1939 400 2099 457 iidem
2131 401 2446 475 scriptores,
2480 399 2759 474 [ιιόιιοείιο
2801 399 2902 461 sibi
2934 400 3107 474 magis
3147 400 3404 461 laudandi
3436 419 3532 462 ne-

230 493 442 551 ambitu
493 492 883 551 dominationis
936 504 1225 563 arserunt;
1283 502 1339 550 et
1390 510 1525 565 quos
1580 493 1833 550 dominos

231 584 438 641 subditi
483 586 861 656 aequanimiter
907 585 1244 654 dilexerunt,
1286 601 1383 645 eos
1420 588 1534 658 jam
1583 585 1761 650 liberi,
1812 585 1833 618 ⁷

230 679 380 748 quod
427 678 682 736 dominos
719 679 887 736 fuisse
917 680 1309 747 meminerant,
1341 677 1609 737 exsecrati
1637 686 1781 734 sunt.
1813 678 1836 711 ⁸

231 770 422 847 Itaque
460 775 849 844 conspirantes
898 773 951 831 in
1004 774 1217 831 facinus
1259 773 1508 830 libertini
1567 776 1831 846 (quorum

229 875 380 921 tanta
410 879 603 922 manus
631 867 752 937 luit,
780 876 836 921 ut
864 866 982 924 sine
1008 868 1384 924 controversia
1409 882 1542 925 ausu
1574 865 1831 937 petiren-

232 956 345 1029 tur)
370 967 677 1029 correptam
712 959 902 1015 urbem
924 974 1029 1016 suo
1051 967 1258 1017 tantum
1288 961 1475 1033 generi
1500 960 1781 1039 vindicant
1817 977 1830 1014 :

230 1051 593 1121 patrimonia,
623 1053 985 1123 conjugiaque
1009 1052 1355 1109 doiuinorum
1402 1052 1505 1111 sibi
1539 1068 1633 1124 per
1657 1053 1835 1108 scelus

238 1152 529 1214 usurpant,
561 1154 810 1201 extorres
838 1145 1089 1201 dominos
1121 1145 1308 1217 procul
1337 1130 1584 1217 abigunt,
1616 1146 1705 1216 qui
1733 1145 1835 1203 mi-

235 1236 377 1303 seri,
420 1237 637 1295 exsules
668 1245 1025 1309 egentesque,
1056 1236 1285 1293 Romam
1325 1237 1689 1295 deferuntur:
1735 1237 1832 1295 ubi

242 1335 515 1382 ostentata
546 1328 764 1407 miseria
794 1329 1127 1401 querelaque
1152 1327 1345 1386 deﬂeta
1374 1371 1389 1396 ,
1430 1345 1529 1400 per
1556 1330 1836 1387 Romano-

238 1434 360 1475 rum
388 1419 736 1477 severitatem
762 1429 821 1477 et
848 1421 1100 1477 vindicati
1130 1432 1258 1479 sunt
1286 1432 1342 1480 et
1381 1423 1642 1480 restituti.
1677 1426 1834 1481 Anno

239 1512 310 1568 ab
338 1511 487 1570 Urbe
512 1512 728 1569 condita
760 1528 1053 1571 CCCCLXXX!
1081 1518 1102 1549 ³
1132 1515 1437 1587 pestilentia
1467 1516 1658 1587 ingens
1686 1518 1833 1589 apud

240 1603 469 1675 Romam
511 1606 904 1677 conflagravit,
949 1608 1106 1681 cujus
1142 1610 1485 1665 atrocitatem
1527 1609 1835 1681 signiﬁcare

228 1710 521 1765 contentus
547 1716 704 1773 sum,
733 1703 857 1771 quia
883 1702 1066 1760 verbis
1092 1703 1319 1774 implere
1350 1720 1460 1763 non
1491 1696 1736 1775 possum.
1770 1704 1829 1762 Si

1935 494 2114 567 gotio,
2144 504 2405 553 caverent
2433 494 2857 553 numerositates
2887 496 3230 555 miseriarum
3258 540 3274 567 ,
3302 513 3371 554 ne
3398 512 3525 556 eos-

1935 587 2057 644 dem
2084 628 2099 654 ,
2126 587 2321 661 quibus
2345 589 2461 643 haec
2492 596 2546 644 et
2577 587 2643 645 de
2670 588 2871 663 quibus
2900 587 3285 649 scribebantur
3305 629 3321 655 ,
3353 586 3533 645 offen-

1936 679 2146 747 derent,
2184 681 2581 754 ‘auditorcsque
2626 697 2756 738 suos
2806 681 3073 750 exemplis
3118 683 3518 759 prmteritorum

1937 783 2143 829 terrere
2166 776 2344 844 potius
2371 791 2530 845 quam
2562 775 2836 831 instruere
2864 774 3200 832 viderentur.
3228 776 3401 835 Porro
3428 790 3528 831 au-

1936 873 2044 921 tem
2080 882 2201 933 nos,
2234 868 2286 922 in
2309 868 2501 923 ultimo
2526 876 2833 940 temporum
2860 868 3050 941 positi,
3086 869 3227 924 mala
3254 869 3530 925 Romano-

1935 974 2053 1013 rum
2081 959 2223 1016 scire
2251 973 2356 1015 non
2382 974 2689 1030 possumus.
2724 959 2826 1015 nisi
2853 974 2949 1030 per
2974 973 3070 1016 eos
3115 960 3207 1033 qui
3237 960 3527 1019 laudavere

1935 1048 2231 1107 Romanos.
2267 1052 2343 1106 Ex
2371 1067 2477 1123 quo
2511 1050 2733 1124 intelligi
2764 1051 2925 1113 datur
2952 1060 3150 1124 quanta
3180 1053 3273 1107 illa
3307 1052 3527 1120 fuerint,

1934 1157 2053 1214 qua:
2098 1143 2278 1198 studio
2310 1152 2538 1215 preptcr
2575 1144 2859 1200 horrorem
2906 1158 3155 1216 repressa
3199 1152 3361 1212 sunt,
3404 1161 3525 1203 cum

1936 1246 2084 1294 tanta
2116 1237 2160 1270 "
2186 1238 2555 1311 inveniantur,
2586 1254 2707 1312 qua:
2736 1239 2973 1299 tenuiter
2995 1240 3135 1301 inter
3163 1238 3354 1298 laudes
3382 1256 3530 1298 ema-

1936 1347 2069 1390 nare
2100 1343 2417 1406 potuerunt.

2546 1469 2780 1545 CAPUT
2830 1470 2916 1528 vn

1937 1583 2018 1641 De
2058 1583 2565 1660 Carthaginiensium
2591 1584 2823 1660 origine,
2872 1584 3118 1660 uariaque
3152 1587 3384 1658 fortuna,
3428 1602 3531 1658 qua

2152 1656 2274 1713 ante
2296 1658 2484 1712 bellum
2517 1656 2772 1711 Punicum
2801 1658 3024 1725 primum
3051 1656 3169 1712 sunt
3213 1659 3314 1714 usi.

226 1791 373 1851 enim
399 1793 635 1864 spatium
678 1795 940 1866 temporis
967 1810 1076 1867 quo
1115 1797 1312 1852 mansit
1338 1797 1653 1869 inquiritur,
1683 1797 1825 1853 ultra
1860 1799 1912 1862 B
2007 1793 2079 1850 Et
2128 1792 2384 1866 quoniam
2444 1808 2511 1848 ex
2570 1791 2673 1849 hoc
2732 1791 2844 1862 jam
2895 1790 3099 1848 Punica
3158 1791 3304 1848 bella
3348 1805 3528 1851 succc-

227 1885 510 1945 biennium
561 1888 827 1949 vastando
880 1899 1131 1963 porrecta
1186 1898 1305 1958 est;
1359 1891 1406 1947 si
1450 1891 1825 1971 depopulatio,

226 1993 388 2050 quam
420 1980 637 2052 egerit,
666 1995 866 2039 census
894 1981 1134 2039 indictus
1162 1991 1247 2045 est
1269 2024 1285 2050 ,
1312 1982 1404 2057 qui
1433 1999 1538 2043 non
1562 1994 1827 2057 quantum

230 2072 515 2129 hominum
539 2072 871 2144 deperisset,
901 2074 997 2132 sed
1028 2087 1287 2146 quantum
1314 2076 1711 2149 superfuisset,
1744 2078 1829 2135 in-

228 2167 515 2235 quireret:
560 2165 607 2222 si
638 2167 892 2225 violentia
923 2184 1027 2240 qua
1077 2169 1320 2226 atl'ecerit
1347 2214 1363 2241 ,
1402 2170 1650 2245 Sibyllini
1702 2173 1825 2230 libri

226 2263 402 2314 testes
442 2266 589 2325 sunt,
619 2259 711 2330 qui
741 2274 860 2317 eam
891 2261 1100 2323 caelesti
1140 2263 1219 2318 ira
1252 2263 1567 2335 impositam
1600 2280 1827 2338 respon-

223 2352 446 2408 derunt.
482 2351 525 2384 ¹⁰
569 2352 677 2411 Sed
711 2370 779 2415 ne
807 2372 971 2427 quem
1010 2366 1217 2414 tentata
1262 2362 1547 2431 usurpatio
1586 2362 1823 2417 transla-

226 2448 392 2504 tionis
413 2447 653 2504 oll‘endat
676 2490 691 2515 ,
713 2452 857 2522 quod
877 2465 998 2507 cum
1022 2452 1231 2525 Sibylla
1256 2453 1423 2509 iratos
1446 2454 1579 2511 deos
1599 2455 1822 2522 dixerit,

224 2557 324 2597 nos
339 2541 474 2595 iram
490 2543 766 2599 emlestem
781 2543 985 2600 dixisse
1000 2543 1729 2619 videamurﬁzﬁaudiatet
1745 2547 1825 2602 in-

225 2637 461 2710 telligat,
494 2638 641 2710 quod
671 2638 808 2706 haec,
842 2639 945 2696 etsi
975 2640 1295 2711 plerumque
1329 2658 1425 2711 per
1454 2643 1628 2697 aerias
1664 2654 1824 2712 pete-

225 2741 403 2787 states
448 2734 615 2801 tiunt,
658 2741 838 2788 tamen
886 2730 1003 2789 sine
1038 2732 1264 2789 arbitrio
1304 2734 1690 2804 omnipotentis
1725 2735 1822 2791 Dei

220 2824 447 2879 omnino
486 2838 594 2881 non
619 2824 775 2880 fiunt.
828 2823 1032 2882 Eodem
1072 2834 1316 2897 tempore
1360 2826 1400 2857 “
1438 2825 1777 2897 Capparonia
1802 2866 1820 2894 ,

219 2915 376 2988 virgo
413 2916 675 2984 Vestalis,
723 2919 916 2974 incesti
956 2932 1071 2985 res,
1120 2918 1418 2990 suspendio
1450 2922 1648 2991 periit:
1699 2936 1822 2977 cor-

218 3021 416 3081 ruptor
450 3012 568 3083 ejus
604 3012 920 3084 cunsciique
950 3014 1119 3081 servi,
1153 3014 1416 3085 supplicio
1468 3013 1642 3071 aﬂ‘ccti
1674 3025 1817 3073 sunt.

225 3102 371 3161 Ecce
393 3105 755 3161 continuatim
796 3122 917 3178 qum
956 3117 1014 3162 et
1043 3117 1246 3179 quanta
1286 3123 1640 3166 numeramus
1686 3110 1823 3167 acci-

1934 1887 2090 1956 dunt,
2123 1903 2213 1943 res
2245 1888 2360 1957 ipsa
2388 1884 2585 1957 exigit;
2616 1894 2673 1941 ut
2715 1886 2783 1942 de
2809 1884 3140 1958 Carthagine
3162 1927 3176 1949 ,
3208 1901 3330 1958 quae
3359 1887 3373 1917 ¹
3403 1894 3531 1941 ante

1932 1982 2128 2037 urbem
2169 1979 2398 2035 Romam
2453 1980 2474 2011 ¹
2515 1978 2653 2035 duos
2689 1987 2744 2036 et
2792 1980 3130 2051 septuaginta
3165 1978 3325 2053 225
3357 1992 3529 2033 annos

1933 2073 1953 2105 ³
1982 2074 2050 2128 ab
2074 2072 2219 2128 Elisa
2249 2070 2466 2128 condita
2494 2070 2788 2137 invenitur,
2814 2072 3039 2143 ejusque
3065 2071 3309 2128 cladibus
3339 2085 3404 2126 ac
3429 2070 3529 2126 do-

1931 2168 2173 2226 mesticis
2202 2167 2381 2237 malis,
2416 2165 2439 2198 δ
2463 2165 2606 2223 sicut
2631 2165 2923 2238 Pompeius
2964 2165 3176 2238 Trogus
3203 2173 3260 2223 et
3285 2164 3532 2221 lustinus

1939 2260 2275 2335 exprimunt,
2326 2259 2413 2317 vel
2463 2273 2631 2332 pauca
2675 2256 3007 2321 referantur.
3057 2258 3533 2330 Carthaginienses

1936 2354 1958 2386 '
1993 2353 2344 2411 vernaculum
2365 2361 2531 2425 atque
2552 2351 2864 2409 intestinum
2913 2364 3130 2421 semper
3153 2350 3296 2406 inter
3333 2364 3392 2406 se
3420 2364 3535 2403 ma-

1930 2450 2042 2506 lum
2072 2448 2312 2504 habuere
2342 2444 2672 2503 discordiam
2699 2462 2714 2503 :
2749 2459 2852 2517 qua
2886 2442 3175 2500 infeliciter
3200 2442 3530 2513 exagitante,

1938 2541 2085 2597 nulla
2116 2530 2373 2611 umquam
2404 2549 2650 2609 tempora
2686 2537 2769 2593 vel
2800 2535 2935 2592 foris
2956 2550 3239 2608 prospera,
3270 2535 3355 2590 vel
3386 2534 3532 2590 domi

1926 2638 2107 2709 quieta
2158 2635 2453 2692 duxerunt.
2503 2631 2612 2689 Sed
2638 2646 2762 2686 cum
2797 2630 2937 2685 inter
2965 2639 3162 2685 caetera
3192 2628 3336 2683 mala
3364 2628 3530 2684 etiam

1929 2726 2240 2804 pestilentia
2289 2726 2622 2793 laborarent,
2675 2721 2984 2780 homicidiis
3025 2736 3124 2793 pro
3167 2720 3422 2777 remediis
3450 2720 3531 2775 usi

1924 2835 2054 2886 sunt
2087 2843 2101 2880 :
2132 2820 2333 2896 quippe
2361 2819 2611 2877 homines
2635 2827 2693 2875 ut
2723 2818 2974 2873 victimas
3007 2815 3382 2881 immolabant,
3410 2808 3431 2846 ‘
3458 2830 3534 2871 re-

1926 2930 2205 2990 tatemque
2249 2916 2608 2987 impuberem,
2656 2927 2780 2986 quas
2825 2912 2993 2968 etiam
3039 2910 3275 2971 hostium
3318 2910 3534 2967 miseri-

1925 3016 2167 3072 cordiam
2200 3016 2544 3084 provocaret,
2594 3007 2706 3062 aris
2735 3004 3122 3061 admovebant.
3151 3006 3173 3037 τ
3204 3004 3280 3060 De
3306 3018 3417 3077 quo
3444 3018 3533 3059 sa-

1924 3127 2167 3174 crorum,
2193 3109 2360 3163 immo
2381 3102 2787 3175 sacrilegiorum
2809 3115 3012 3173 genere
3036 3100 3059 3132 ⁸
3090 3097 3219 3175 quid
3249 3098 3531 3170 potissima

220 3200 368 3256 disse
396 3200 554 3256 annis
593 3199 823 3273 singulis
866 3201 1124 3272 plurima,
1155 3203 1304 3259 inter
1326 3218 1465 3275 quos
1494 3214 1645 3262 certe
1694 3222 1817 3262 raro
1846 3189 1892 3254 C
1923 3200 2327 3261 discutiendum
2368 3199 2437 3255 sit
2475 3212 2582 3253 non
2614 3195 2851 3252 invenio.
2898 3192 2955 3249 Si
2984 3191 3133 3249 enim
3164 3195 3184 3227 ⁸
3218 3191 3532 3263 huiusmodi

220 3302 313 3347 aut
361 3306 501 3364 pene
528 3293 681 3350 nullo
720 3292 853 3349 nihil
886 3295 1044 3352 triste
1083 3295 1126 3328 ¹¹
1158 3305 1395 3366 gestum.
1447 3297 1513 3352 Et
1544 3297 1647 3353 huc
1692 3315 1815 3356 cum

1924 3301 2061 3357 ritus
2108 3290 2272 3367 aliqui
2315 3291 2594 3348 daemones
2631 3288 2927 3361 pnecipere
2957 3289 3074 3342 ausi
3098 3294 3265 3355 sunt,
3296 3297 3356 3341 ut
3387 3299 3533 3341 mor-

1521 3416 1969 3476 HAVERCAMPI
2007 3412 2243 3474 NOTAE.

291 3503 350 3560 6.
396 3503 642 3583 Meditati
662 3515 783 3563 sunt
815 3523 835 3564 :
856 3506 950 3565 Sic
978 3521 1111 3565 mss.
1141 3518 1195 3565 et
1214 3508 1340 3565 edd.
1366 3509 1627 3568 meliores
1656 3527 1670 3568 :
1700 3511 1823 3583 qui-

222 3574 374 3642 dam,
400 3578 570 3634 moliti
598 3587 739 3634 sunt.

290 3648 347 3701 7.
381 3646 540 3715 Quod
569 3648 828 3705 dontinos.
858 3650 1091 3721 Elegans
1124 3652 1239 3711 hmc
1279 3665 1362 3708 εει
1399 3652 1565 3707 lectio
1594 3653 1825 3709 Floren—

222 3717 387 3799 tinor.
446 3721 606 3799 primi
631 3733 708 3799 _et
752 3724 927 3799 tertii,
963 3717 1062 3793 pro
1104 3738 1208 3794 qua
1238 3725 1403 3799 vulgo
1448 3724 1663 3799 legitur,
1695 3743 1825 3799 quos

220 3790 480 3866 dominos.
528 3792 642 3847 Pati
676 3793 825 3866 enim
854 3790 1242 3866 non'potei'ant
1272 3790 1405 3851 illud
1439 3790 1681 3866 pristinae
1707 3790 1826 3852 ser-

229 3863 420 3917 vitutis
443 3873 569 3919 ante
599 3864 785 3936 oculos
813 3865 1193 3936 opprobrium,
1228 3877 1280 3922 et
1307 3863 1538 3923 oderant
1569 3869 1822 3924 benefac-

226 3940 377 4006 tores
395 3946 535 4006 suos
559 3935 704 4006 quod
732 3935 938 3992 domini
972 3936 1221 3993 fuissent.

290 4004 356 4078 8.
381 4003 966 4078 Itaquer'conspt'ranles.
992 4010 1065 4063 De
1092 4008 1512 4066 Vulsiniensium
1536 4023 1823 4066 servorum

224 4073 544 4154 insolentia,
566 4077 685 4154 lege
713 4073 1109 4154 Yaleriumrlih.
1137 4096 1215 4146 rx,
1247 4095 1368 4154 cap.
1402 4088 1451 4136 1.
1477 4081 1645 4138 Fusa.

288 4145 340 4202 9.
380 4145 705 4222 Pestilentia
734 4152 939 4221 ingens.
987 4152 1154 4217 llujus
1203 4145 1534 4222 pestilentiae
1575 4154 1825 4210 meminit

220 4216 557 4295 Augustinus
583 4219 653 4275 de
673 4216 908 4277 Civitate
940 4223 1033 4278 Dei
1062 4216 1160 4277 lib.
1182 4216 1263 4291 tit,
1300 4240 1422 4295 cap.
1459 4226 1548 4281 l7.
1582 4224 1751 4282 FABR.

302 4292 409 4362 10.,
436 4288 543 4362 Sed
571 4307 635 4344 ne
666 4307 815 4362 quem
846 4301 1056 4348 tentata.
1091 4295 1217 4349 llaec
1249 4288 1411 4352 lectio
1446 4306 1529 4352 est
1572 4296 1624 4350 in
1665 4296 1827 4353 ϐυθι-

230 4358 368 4416 tbcri
398 4360 559 4439 libre,
592 4358 767 4439 quam
782 4377 881 4419 nos
924 4366 1143 4439 rejectis
1172 4367 1257 4430 iis,
1292 4383 1412 4439 qua:
1442 4367 1603 4437 vulgo
1626 4369 1822 4437 legun-

224 4441 334 4497 tur,
358 4432 556 4500 cupide
588 4436 911 4502 recepimus.
954 4436 1117 4491 It‘ann.
1146 4432 1485 4495 —ln'editis
1518 4432 1658 4502 ewrat,
1680 4432 1822 4503 Sed,

226 4517 289 4579 ne
328 4519 645 4579 quemquam
689 4507 839 4575 quasi
879 4512 1089 4562 tentatio
1152 4509 1501 4564 cavillationis
1553 4509 1822 4579 o/feitztut;

226 4573 280 4628 in
312 4576 456 4636 Aug.
479 4619 493 4641 ,
530 4574 636 4653 _Sed
681 4573 1002 4653 nequaquam
1028 4590 1359 4653 tempestate,
1392 4591 1539 4637 etc.:
1584 4573 1638 4636 ἷιι
1689 4573 1821 4636 mss.

221 4658 322 4722 prn
353 4647 574 4700 teutotio
603 4648 955 4722 cavillationis
980 4693 994 4713 ,
1027 4647 1225 4722 legitur
1253 4663 1458 4707 tentata:
1496 4653 1818 4720 violationis,

217 4717 305 4793 vel
354 4729 689 4793 tempestate_,
724 4720 809 4774 vel
839 4730 1049 4776 tentatae
1074 4717 1417 4778 Eanillationis
1444 4770 1458 4793 ,
1493 4724 1624 4779 utin
1652 4717 1823 4780 tribus

218 4785 491 4885 ξ
512 4789 804 4885 mitti-biens,
837 4795 1316 4885 tertiatacavillalio
1338 4785 1591 4885 o‘ﬂ'endat.
1616 4796 1825 4866 Quibus
1857 4825 1902 4885 ο

216 4859 479 4936 omnibus
510 4860 890 4936 Faliricianatn
917 4865 1213 4920 lectionem
1244 4859 1505 4936 praefero.

289 4932 386 4984 Η.
417 4930 774 5007 Capparania.
800 4933 858 4988 In
883 4935 1037 4990 lihris
1064 4930 1280 5007 scriptis
1308 4949 1415 5007 est,
1436 4938 1823 5006 Capparronia.

217 4999 386 5127 Sisinas.
422 4999 693 5075 —'l.ugd.
726 5005 845 5060 Bat.
876 5021 988 5079 pr.,
1030 4999 1191 5081 capta'
1224 4999 1458 5065 Romana
1496 4999 1642 5082 uirgo
1695 5009 1824 5063 Ves-

300 5094 313 5125 Ι
352 5112 366 5127 ι

217 5075 366 5127 talis.

294 5143 383 5218 η.
410 5142 652 5218 Cestium.
682 5145 876 5203 Nullus
917 5165 983 5206 ex
1029 5165 1164 5206 mss.
1192 5150 1491 5207 clausulam
1539 5159 1633 5218 est,
1663 5165 1826 5218 quam

219 5216 421 5294 vulgati
451 5216 738 5294 adjiciunt,
768 5224 1038 5294 agnoscit,
1064 5234 1122 5276 ut
1155 5238 1259 5294 nec
1280 5224 1370 5279 ed.
1404 5216 1632 5294 August.
1667 5216 1827 5277 Nihil

215 5287 365 5365 triste
391 5287 771 5365 gestumdieit,
802 5287 1060 5365 videlicet
1092 5293 1332 5365 publice,
1368 5287 1518 5350 nullo
1550 5295 1713 5350 bello.

292 5355 787 5437 i3_.'l_nveniuu_tur.
821 5361 971 5437 Flor.
1001 5355 1246 5432 pr.'cum
1292 5355 1381 5421 ed.
1415 5368 1555 5437 Aug.
1601 5372 1661 5421 ct
1691 5379 1823 5420 mss.

222 5428 396 5499 Lugd.
432 5429 552 5483 Bal.
584 5438 738 5499 tert.,
767 5428 1118 5490 inveniuntur.

337 5515 427 5555 se.
466 5499 552 5555 Vl.
586 5502 906 5578 -:_l._Ante
931 5506 1110 5562 urbem
1142 5508 1360 5563 Romam
1386 5508 1519 5563 duos
1547 5516 1597 5562 et
1623 5519 1829 5578 septua-

221 5572 581 5650 gintq_annos.
619 5570 722 5650 Sic
741 5572 988 5650 Justinus
1035 5579 1156 5634 libr.
1192 5596 1326 5635 xvnt
1370 5580 1439 5634 de
1468 5570 1825 5650 Carthagine;

221 5642 444 5720 Condita
465 5653 539 5720 est
563 5643 814 5720 urbsluec
836 5647 904 5704 72
931 5652 1084 5705 annis
1102 5661 1220 5705 ante
1250 5668 1399 5720 quam
1431 5650 1618 5704 Roma.
1642 5642 1699 5705 n‘.
1740 5642 1829 5705 Li;

220 5716 382 5792 viana
402 5713 648 5792 Epitome
670 5715 793 5772 libr.
820 5736 949 5775 xxxt
972 5721 1199 5791 legimus
1219 5713 1597 5792 Carthaginem
1619 5731 1828 5792 captam

223 5787 714 5863 septingentesimo
741 5805 886 5863 anno
918 5787 1203 5863 postquam
1247 5804 1366 5848 erat
1395 5787 1632 5850 condita.
1674 5787 1831 5849 Unde

224 5870 352 5917 cum
402 5856 591 5931 Scipio
627 5856 1012 5937 Carthaginem
1060 5856 1459 5941 expugnaverit
1497 5879 1588 5925 an.
1646 5866 1717 5922 ab
1765 5864 1836 5923 υ.

1933 3527 1984 3569 c.
2024 3522 2187 3572 θοι-ιι.
2219 3504 2434 3562 condita
2480 3511 2605 3558 ante
2648 3500 2877 3558 Romam
2915 3497 3074 3555 annis
3113 3498 3190 3572 95
3233 3495 3528 3572 invenitur,

1934 3568 2029 3638 sed
2064 3585 2116 3635 in
2149 3568 2365 3634 Eusebii
2387 3574 2670 3630 Chronico
2690 3572 2963 3641 Carthago
2990 3568 3206 3626 condita
3238 3579 3365 3625 ante
3394 3568 3533 3625 Trn-

1926 3654 2038 3723 jam
2063 3659 2277 3723 captam
2317 3645 2476 3723 annis
2508 3644 2619 3723 fere
2647 3645 2727 3723 40_
2746 3644 3032 3723 reperitur.
3060 3642 3336 3723 appianns
3364 3641 3529 3714 Lihy-

1930 3713 2049 3779 cam
2079 3713 2194 3777 sive
2223 3715 2668 3791 Carthaginiens.
2713 3715 2997 3791 historiam
3030 3713 3108 3791 sic
3136 3714 3370 3791 orditur,
3403 3713 3534 3791 Reip-

1930 3792 2132 3869 xndévot
2155 3797 2244 3869 τήν
2283 3793 2349 3869 ἐν.
2371 3783 2791 3869 ⁵ΛΪῖῧίὒινιηιιοίιοικιες
2821 3786 3014 3861 ᾤκισαν
3041 3783 3182 3869 ἔτεσι
3217 3783 3533 3869 narrauerint

1928 3857 2032 3944 ἷιῖρὸ
2075 3866 2312 3923 ἁλώσεως
2338 3857 2920 3930 ἰλίου.’6ηνι1ια9ἱιιέηι,
2963 3871 3082 3925 quia
3109 3864 3183 3940 est
3232 3858 3286 3910 in
3327 3858 3530 3927 Africa,

1930 3937 2199 3993 Phoenices
2245 3933 2591 3989 condiderunt
2635 3931 2787 3984 annis
2825 3928 2896 3983 50
2942 3938 3063 3982 ante
3095 3925 3257 3982 Ilium
3297 3937 3529 3998 captum.

1930 4008 2095 4066 FABB.

2002 4081 2054 4134 2.
2092 4079 2233 4134 Duos
2260 4087 2307 4133 et
2334 4075 2682 4148 septuaginta.
2717 4071 3105 4148 Floren_tt._pr.
3139 4078 3195 4148 e_t
3220 4077 3376 4148 te_[_t.,
3422 4070 3531 4125 duo

1929 4162 1974 4208 et
2005 4149 2368 4221 septuaginta;
2390 4140 2453 4205 'et
2497 4140 2576 4202 sic
2606 4162 2825 4220 quoque
2854 4144 3109 4216 primitus
3160 4142 3215 4197 in
3257 4140 3407 4198 Flor.
3436 4156 3529 4198 se-

1929 4224 2109 4281 cundo
2139 4224 2335 4277 fuerat.

2000 4298 2052 4352 5.
2082 4293 2157 4347 Ab
2190 4291 2357 4347 Elisa.
2387 4291 2520 4361 Qua:
2550 4289 2685 4346 Dido
2713 4284 3115 4361 cognominata
3130 4283 3249 4349 fuit,
3287 4287 3529 4361 Οὺςισται

1928 4366 1972 4424 δ’
1992 4369 2175 4431 αὐτῆς,
2207 4364 2383 4435 inquit
2400 4356 2704 4432 Appianus,
2730 4356 2954 4435 ἒγένοντο
2975 4356 3147 4435 Ξῶθᾷς
3175 4377 3230 4411 τε
3250 4397 3264 4419 ,
3292 4359 3377 4435 noti
3404 4373 3535 4431 Καρ-

1926 4438 2127 4512 χηδὼν·
2154 4439 2223 4498 ὡς
2248 4431 2302 4490 ad
2331 4434 2565 4512 Ῥωμαῖοι
2589 4437 2672 4512 uoti
2697 4431 2843 4488 αὐλτοὶ
2860 4431 3207 4512 ’Καρχηδόνιοι
3241 4431 3528 4512 vgpija't,

1927 4499 2059 4567 Χιὸὼ
2086 4514 2212 4581 γυνὴ
2251 4499 2456 4584 Τυρίοιέ
2488 4507 2777 4559 conditores
2821 4499 3211 4626 ejus'J—uerunt.
3252 4499 3429 4553 X’orus
3483 4508 3531 4582 et

1928 4581 2250 4626 (Ἰητριιράοη,
2286 4596 2377 4626 seu
2400 4588 2453 4626 ut
2481 4576 2719 4626 Ronnani-
2747 4582 2900 4626 atoue
2929 4590 2959 4625 a
3002 4588 3060 4626 eo
3111 4588 3211 4626 ius:
3242 4570 3527 4626 Cartltam-

1928 4570 2253 4646 Carclfedon,
2286 4570 2377 4633 séu
2400 4570 2900 4655 ut_ltoinani,_atqii__e
2929 4570 3060 4655 adeo
3077 4572 3211 4655 “ipsi
3242 4570 3527 4655 Carthagi-

1928 4640 2391 4723 niensesApu'tant;
2440 4649 2578 4703 Dido
2629 4640 2823 4703 mulier'
2853 4644 3036 4716 Tyria.
3077 4642 3238 4698 Plura
3273 4640 3533 4713 Virgilius

1927 4724 2025 4781 lib.
2059 4740 2073 4779 ι
2103 4720 2320 4779 λΕιιθὶἀ.
2349 4721 2518 4776 ἘΑΒιι.

1999 4796 2054 4851 4.
2090 4796 2252 4877 Sicut
2280 4792 2559 4877 lfompeius
2582 4786 2972 4877 {roguslgt’tm
3010 4783 3393 4877 grosin‘shog

1935 4867 2046 4937 pite
2072 4867 2142 4921 de
2169 4855 2716 4937 Carthaginiensibus
2741 4858 2957 4937 scribit,
2998 4871 3066 4937 ea
3098 4856 3395 4937 suntapud
3425 4855 3525 4911 ιιι.

1931 4926 2132 4992 ἑῑίιιιιπι
2164 4952 2233 4991 ex
2267 4926 2454 5005 Trogo
2485 4935 2812 5005 Iihroixvttt,
2844 4938 2897 4984 et
2924 4928 3204 5005 deinceps.
3239 4926 3407 5005 Fasti.

2004 5007 2058 5063 5.
2106 4999 2473 5063 Vernaculu'm.
2503 5004 2671 5073 Lugd.
2702 5002 2821 5057 Bat.
2854 5016 2939 5072 pr.
2970 5008 3027 5056 et
3070 4999 3199 5073 edd.
3247 4999 3528 5070 quaedam,

1930 5080 2067 5135 velut
2088 5078 2439 5133 vernaculum.
2474 5072 2603 5131 Mox,
2622 5073 2711 5130 ed.
2741 5073 2912 5142 Aug.,
2944 5072 3240 5126 discordiw.

2003 5155 2056 5206 ti.
2082 5149 2417 5218 xElatemque
2439 5145 2636 5218 impub.
2662 5140 3081 5218 Consueverant
3108 5140 3530 5218 Carthaginien-

1932 5237 2022 5278 ses
2061 5223 2298 5278 Saturuo
2334 5214 2827 5285 praestantissimos
2875 5215 3020 5270 filios
3050 5228 3179 5269 suos
3207 5214 3525 5285 immolare,

1930 5303 2159 5350 auctore
2193 5283 2429 5347 Diodoro
2461 5290 2605 5345 libro
2635 5304 2725 5343 xx.
2755 5287 2999 5343 Fann.—
3016 5285 3144 5341 Mss.
3174 5283 3352 5355 Lugd.
3390 5284 3531 5339 Batt.

1932 5381 2059 5420 eum
2097 5362 2238 5419 Coll.
2273 5361 2541 5429 Gronov.,
2600 5369 2849 5431 tetateque
2909 5356 3224 5431 impuberes,
3289 5370 3405 5427 qua:
3454 5371 3535 5409 res

1931 5439 2107 5492 client.
2135 5445 2243 5491 etc.

2007 5478 2295 5579 '2)?me
2320 5519 2607 5562 sacrorum.
2627 5501 2730 5557 Ed.
2753 5502 2889 5573 Aug.
2921 5502 2985 5556 de
3003 5515 3106 5571 quo
3128 5498 3528 5570 sacriﬁciorum.

1935 5580 2036 5636 Ms.
2068 5594 2242 5647 meus,
2270 5579 2333 5633 de
2369 5591 2903 5651 quoruntsaerorum,
2932 5583 3041 5628 etc.

1960 5723 1972 5734 .
2098 5641 2240 5717 Quid
2264 5641 2544 5722 potissimis.
2587 5646 2665 5703 lta
2688 5660 2881 5705 omnes
2909 5657 3042 5701 mss.
3077 5642 3258 5714 vulgo,
3289 5641 3417 5714 quid
3438 5657 3536 5713 po—

1934 5733 2426 5865 mgtml‘inziusmodi
2442 5794 2596 5857 ritus,
2620 5798 2727 5865 etc.
2749 5788 2919 5865 InAed.
2947 5789 3087 5863 Aug.
3116 5790 3311 5862 legitur
3340 5785 3524 5865 hujus-

1942 5864 2087 5923 modi
2117 5855 2245 5922 ritis.
2275 5862 2437 5925 Unde
2482 5855 2739 5937 suspicor
2790 5861 2886 5919 illa
2938 5855 3063 5936 qua?
3097 5855 3430 5935 setiuuntur,
3467 5855 3527 5914 in
