4092 6346
515 291 616 355 871

1912 289 2123 351 PAULI
2163 287 2384 352 OROSII

3708 281 3818 345 872

518 410 766 468 incendia
795 409 1045 467 villarum
1075 407 1144 467 de
1173 409 1340 466 muris
1363 407 1532 481 ipsius
1563 407 1712 464 urbis
1742 407 2102 479 specularen-
2131 409 2177 469 Α
2211 408 2467 464 instructa
2501 405 2678 462 classe
2716 410 3013 470 vastarent,
3047 417 3076 458 a
3122 399 3331 476 Pyrrho
3379 416 3509 474 rege
3558 399 3707 472 Epiri
3746 403 3818 457 ab

520 518 627 561 tur.
660 503 930 576 Adjicitur
962 503 1323 575 praesentibus
1354 502 1512 557 malis
1540 500 1749 556 tristior
1785 499 1947 556 fama.
1978 499 2112 556 Nam

519 607 576 654 et
604 597 744 670 apud
790 596 1032 653 Siciliam
1079 597 1292 652 deletus
1331 610 1454 652 eum
1497 596 1824 666 imperatore
1855 593 2111 650 Afrorum

521 689 794 746 exercitus
819 689 1100 745 nuntiatur
1124 706 1140 744 :
1168 704 1327 758 quem
1357 702 1548 744 revera
1577 687 1846 743 incautum
1883 703 1945 743 ac
1975 703 2113 757 pene

518 785 753 841 otiosum
775 782 822 814 "
845 782 1151 848 Antander,
1179 781 1494 854 Agathoclis
1525 781 1714 850 frater,
1740 791 2108 852 oppresserat.

520 877 633 933 lloc
670 891 767 947 per
803 884 970 930 totam
1003 873 1240 930 Africam
1279 889 1498 930 rumore
1525 873 1773 944 disperso
1804 891 1910 929 non
1943 874 2114 929 tribu-

519 971 673 1026 taria:
703 976 910 1024 tantum
944 969 1108 1024 urbes
1147 968 1212 1023 ab
1242 967 1329 1023 his
1349 1009 1363 1031 ,
1407 968 1768 1023 verumetiam
1795 967 1927 1024 socii
1955 982 2111 1039 reges

516 1061 841 1118 deﬁciebant
870 1078 884 1116 :
915 1061 1056 1117 inter
1086 1076 1221 1132 quos
1263 1059 1309 1092 “
1351 1075 1444 1117 rex
1498 1075 1712 1131 quoque
1749 1061 2106 1132 Cyrenarum,

516 1152 796 1226 Ophellas,
840 1163 1030 1222 pactus
1059 1161 1142 1208 est
1188 1167 1309 1207 eum
1359 1151 1655 1222 Agatboele
1683 1153 1844 1223 23o
1869 1167 2113 1207 commu-

517 1246 732 1302 uionem
761 1244 912 1309 belli,
944 1242 1074 1298 dum
1102 1257 1328 1314 regnum
1366 1243 1560 1299 Africae
1582 1243 1836 1298 ardenter
1867 1243 2108 1299 allectat.

518 1338 623 1395 Sed
648 1348 932 1408 postquam
957 1336 1010 1391 in
1034 1351 1200 1391 unum
1223 1336 1498 1392 exercitus
1521 1347 1573 1392 et
1595 1345 1774 1391 castra
1793 1336 2107 1407 junxerunt,

520 1444 618 1501 per
648 1428 1000 1499 Agathoclem
1034 1427 1423 1484 blandimentis
1450 1437 1506 1484 et
1531 1429 1741 1485 insidiis
1767 1428 2109 1484 circumven-

525 1531 633 1589 tus,
666 1520 712 1552 "
733 1522 946 1576 occisus
968 1529 1072 1576 est.
1101 1520 1598 1591 Carthaginienses,
1635 1523 1929 1578 contractis
1955 1523 2112 1577 undi-

519 1630 625 1687 que
649 1615 842 1686 copiis,
875 1616 929 1669 in
960 1613 1162 1670 bellum
1194 1629 1472 1672 exarsere.
1501 1616 1710 1684 Quibus
1746 1617 2106 1687 Agathocles,

514 1708 720 1764 habens
760 1722 944 1764 secum
974 1707 1218 1779 Ophellae
1243 1708 1458 1778 copias,
1493 1708 1862 1779 congreditur,
1906 1723 2110 1780 eosque

2215 501 2367 558 ltalia
2399 499 2683 564 accersito,
2727 498 2970 554 terrestri
3017 498 3304 569 navalique
3341 497 3641 553 certamine
3670 513 3819 568 smpe

2214 593 2492 662 superati,
2523 592 2818 647 novissime
2853 591 2920 645 ad
2944 589 3189 645 Romana
3224 590 3364 646 bella
3387 590 3643 646 conversi
3665 600 3816 645 sunt.

2214 686 2260 719 ⁸⁸
2280 685 2423 741 Proh
2456 687 2648 740 dolor!
2680 686 2867 756 legunt
2893 700 2962 739 ne
2990 684 3090 738 ista
3121 683 3188 740 de
3218 684 3515 753 veteribus,
3549 683 3641 755 qui
3670 683 3713 716 "
3746 683 3817 739 de

2215 778 2523 834 recentibus
2563 777 3008 848 eonqueruntur?
3053 775 3226 832 Immo
3271 775 3488 846 legunt,
3520 785 3574 832 et
3606 791 3670 830 ea
3703 791 3815 832 non

2213 872 2492 942 aequitate,
2527 871 2624 927 sed
2655 870 3001 926 :rmulatione
3031 868 3351 940 conjiciunt.
3384 869 3620 925 Maximo
3664 871 3814 926 enim

2217 965 2311 1020 illo
2329 974 2383 1020 et
2405 961 2684 1029 ineﬂ‘abili,
2711 962 2756 994 ⁸ο
2779 978 2940 1034 qttem
2973 975 3074 1017 nec
3097 961 3198 1033 ipsi
3224 961 3563 1028 discernunt,
3589 961 3818 1017 stimulo

2213 1044 2670 1128 compunguntur,
2733 1071 2840 1110 non
2912 1065 3138 1126 propter
3197 1063 3439 1124 tempora
3491 1055 3666 1122 mala,
3718 1055 3817 1111 sed

2213 1161 2434 1222 propter
2490 1158 2733 1220 tempora
2780 1146 3086 1203 Christiana
3138 1165 3149 1200 :
3196 1156 3250 1201 et
3289 1147 3556 1204 derivatio
3599 1157 3684 1202 est
3729 1147 3819 1202 in-

2212 1243 2322 1299 vidi
2354 1243 2587 1309 ulceris,
2638 1249 2697 1296 ut
2737 1241 2779 1272 ⁸¹
2824 1240 3086 1312 quidquid
3124 1240 3227 1296 Sub
3257 1239 3583 1296 exsecrabili
3613 1244 3815 1311 agitur,

2211 1337 2449 1392 atrocius
2479 1347 2598 1390 esse
2641 1333 2892 1390 videatur
2925 1351 2936 1387 :
2965 1334 3106 1389 sicut
3148 1333 3314 1388 etiam
3356 1333 3497 1388 inter
3541 1347 3641 1388 nos
3669 1347 3819 1404 sa'pc

2214 1429 2553 1485 inimicorum
2577 1427 2748 1484 oculis
2771 1427 2942 1483 videri
2966 1425 3125 1494 solet,
3146 1441 3241 1482 eos
3265 1441 3402 1498 quos
3425 1437 3811 1493 exsecrantur,

2213 1522 2371 1594 231
2428 1520 2564 1576 nihil
2597 1537 2708 1575 non
2753 1534 3005 1592 pravum,
3066 1519 3202 1574 nihil
3241 1534 3350 1574 non
3393 1527 3574 1590 turpe,
3598 1519 3644 1550 "
3678 1519 3815 1574 nihil

2213 1631 2318 1670 non
2350 1613 2702 1679 subsieivum,
2736 1612 2869 1667 nihil
2895 1627 3001 1667 non
3034 1613 3086 1666 in
3118 1614 3318 1667 vulnus
3343 1625 3525 1681 suum,
3554 1611 3704 1667 dicto
3729 1611 3811 1667 l'a-

2212 1719 2370 1764 ctove
2395 1721 2582 1778 agere,
2615 1716 2671 1762 et
2696 1705 2743 1737 ⁵³
2774 1705 2877 1761 hoc
2935 1716 3117 1760 tamen
3177 1721 3317 1776 pene
3370 1705 3710 1776 simpliciter.
3754 1705 3816 1762 In
3861 1707 3864 1712 ’

514 1816 710 1874 magno
737 1803 1017 1871 utriusque
1049 1800 1326 1856 exercitus
1354 1800 1617 1869 sanguine
1646 1809 1702 1856 et
1743 1801 1891 1871 gravi
1923 1801 2109 1871 prazlio
2141 1811 2186 1871 Β
2217 1811 2422 1858 tantum
2461 1800 2604 1856 enim
2623 1809 2838 1871 captum
2867 1815 2962 1855 cor
2983 1801 3228 1872 obliquat
3261 1799 3489 1866 invidia,
3520 1809 3577 1855 ttt
3599 1813 3813 1856 reetum

516 1903 760 1967 superat.
789 1895 901 1950 lloc
931 1893 1245 1950 certaminis
1275 1892 1589 1948 discrimine
1622 1903 1769 1948 tanta
1800 1893 2104 1963 desperatio

516 1989 668 2046 illata
697 1989 878 2044 Pmnis
906 1999 988 2044 est
1009 2031 1023 2054 ,
1072 1998 1128 2043 ut
1163 1987 1268 2043 nisi
1303 1989 1354 2043 in
1381 1989 1623 2043 exercitu
1653 1988 1966 2059 Agatlioelis
1991 1997 2106 2043 crta

509 2081 707 2136 seditio
737 2079 951 2147 fuisset,
997 2081 1422 2150 translugiturus
1452 2081 1517 2135 ad
1559 2096 1680 2136 eum
1723 2080 1768 2111 ’⁵⁸
1812 2081 2099 2148 Bomilcar,

508 2175 614 2230 dux
641 2174 958 2240 l‘mnurum,
985 2189 1108 2230 eum
1139 2175 1383 2231 exercitu
1408 2175 1587 2230 fuerit.
1616 2176 1696 2230 Ob
1719 2189 1878 2246 quam
1907 2190 2102 2230 noxam

511 2269 564 2326 in
596 2270 776 2326 medio
807 2269 928 2326 loro
961 2271 1119 2340 jussu
1165 2269 1691 2341 Carthaginiensium
1727 2269 1966 2341 patibulo
1993 2269 2103 2323 sui?

513 2361 672 2427 littus,
699 2362 925 2419 crudele
971 2363 1343 2433 Spectaculum
1376 2363 1487 2418 suis
1517 2363 1765 2434 prtebuit.
1811 2363 1855 2395 “
1902 2364 2108 2420 Deinde

509 2471 632 2511 cum
653 2464 774 2527 post
793 2463 1021 2513 mortem
1039 2455 1354 2527 Agathoclis
1370 2455 1846 2528 Carthaginienses
1865 2455 2105 2512 Siciliam

2213 1905 2402 1952 natura
2441 1911 2549 1952 non
2612 1894 2812 1960 videat,
2864 1895 2934 1950 de
2985 1911 3218 1966 quorum
3264 1911 3493 1952 numero
3521 1905 3649 1952 sunt
3673 1895 3813 1952 isti:

2212 1990 2306 2045 sed
2336 1989 2504 2044 multo
2531 1987 2871 2056 miseriores,
2899 1988 3023 2058 quia
3072 1987 3279 2042 inimici
3328 1987 3446 2054 Dei,
3480 2003 3544 2042 ac
3580 1986 3815 2059 perinde

2212 2083 2416 2138 inimici
2458 2081 2728 2148 veritatis,
2760 2081 2828 2137 de
2854 2082 3049 2152 quibus
3071 2081 3118 2112 ³⁸
3146 2082 3343 2138 ﬂentes
3387 2082 3503 2138 hmc
3552 2083 3811 2148 dicimus,

2212 2188 2264 2234 et
2285 2193 2424 2249 quos
2451 2176 2904 2244 misericorditer,
2947 2177 2991 2231 si
3046 2176 3344 2248 patiantur,
3395 2179 3700 2248 arguimus,
3751 2186 3815 2233 ut

2213 2284 2491 2336 sanemus,
2516 2271 2605 2340 qui
2629 2269 2828 2324 vitioso
2854 2270 3018 2325 oculo
3063 2269 3180 2325 lucc
3221 2269 3424 2335 vident,
3475 2279 3637 2341 atque
3687 2270 3813 2326 ideo

2214 2364 2454 2435 duplicia
2486 2362 2594 2418 illis
2637 2363 2893 2418 videntur
2937 2378 3062 2433 quae
3107 2363 3288 2418 vident
3314 2381 3327 2418 :
3359 2371 3413 2418 et
3443 2364 3649 2419 confusi
3679 2365 3817 2419 cali-

2214 2457 2339 2528 gine
2363 2455 2647 2528 nequitia),
2683 2460 2736 2510 in
2787 2455 2839 2510 id
2871 2454 3093 2524 cadunt,
3122 2464 3180 2511 ut
3210 2455 3391 2511 minus
3415 2455 3647 2512 videndo
3684 2457 3811 2530 plus

1772 2657 2229 2716 HAVERCAMPI
2267 2657 2515 2734 norm

579 2819 669 2878 45.
713 2819 1002 2888 Antauder,
1035 2819 1337 2892 Agathoclis
1369 2823 1552 2892 frater.
1582 2819 1762 2876 Andro
1793 2819 1845 2876 in
1870 2820 2103 2892 vulgatis

513 2901 769 2978 corrupte
798 2893 1129 2978 legitur.n'l‘u
1157 2895 1274 2965 lege
1304 2893 1620 2960 Diodorum,
1651 2894 1740 2964 qui
1775 2894 1889 2948 lucc
1921 2896 2102 2948 omnia

506 2963 727 3033 cupiose
747 2963 990 3035 expauit.
1018 2963 1184 3020 Faun.
1216 2963 1230 2965 θ
1627 3035 1638 3046 ⁸
1672 2963 1679 2964 “
1871 3037 1882 3047 θ

577 3035 669 3106 44.
715 3034 826 3090 Rea:
868 3036 1210 3106 Cyrenarum,
1261 3034 1529 3103 Ophellas.
1578 3033 1802 3091 Diodor.
1849 3035 1942 3092 ιιι).
1989 3052 2099 3091 xx:

505 3119 569 3184 '0_
653 3108 886 3184 Ὀφέλλας
914 3105 981 3167 int
1028 3109 1119 3184 μὲν
1145 3115 1244 3184 ζῶν
1271 3109 1419 3180 φίλων
1461 3115 1562 3184 τῶν
1593 3110 2103 3184 συνεστρρςτευμένωιι

505 3177 844 3256 ᾏλεξὰνδρῳι
881 3177 1128 3256 κυριεύων
1157 3177 1336 3256 digitm
1373 3182 1494 3254 περὶ
1522 3183 1743 3256 ιξυρήνην
1767 3177 1986 3256 arbitratu:
2020 3182 2104 3234 καὶ

505 3248 755 3327 δυνᾲμεοξ
779 3248 1345 3327 ξιδρᾶς’.⁸περιίϐἁλετο
1377 3248 1492 3327 τρεῖς
1521 3248 1693 3327 {Anim
1723 3253 1925 3327 μεὶζᾳγα
1949 3249 2105 3327 δυνος-

511 3302 946 3378 sciasscias":
963 3302 1240 3388 parum.
1255 3302 1366 3392 sit
1387 3302 1488 3374 illi
1513 3302 1732 3392 auidas;
1755 3302 2106 3376 ἐέἑίέάἱιὶῖἐὲε
2132 3302 2176 3366 C

508 3392 822 3463 Alexandri,
851 3392 940 3461 qui
971 3409 1084 3445 ctuti
1127 3392 1244 3457 ipso
1274 3391 1648 3458 militaverant,
1690 3391 1781 3445 sed
1809 3409 1924 3446 cum
1953 3394 2108 3463 Cyre-

507 3464 690 3517 naicus
708 3462 878 3524 urbes,
900 3477 1213 3532 magnasque
1228 3465 1404 3534 capias
1423 3466 1474 3516 in
1498 3480 1592 3516 sua
1614 3471 1857 3534 potestate
1877 3462 2104 3528 haberet,

508 3536 677 3603 majus
700 3534 968 3603 imperium
991 3549 1082 3605 spe
1111 3533 1432 3604 conceperat.
1461 3534 1626 3589 FABR.
1653 3563 1725 3574 —
1753 3533 1991 3589 Duxerat
2019 3534 2107 3590 hic

505 3605 762 3677 Ophellas
794 3620 1018 3660 uxorem
1053 3605 1717 3677 puellam_Atheuicusem
1739 3646 1754 3670 ,
1803 3621 1867 3660 ex
1899 3609 2104 3677 antiqui

507 3675 761 3731 Miltiadis
787 3690 1049 3745 generosa
1079 3679 1268 3748 stirpe,
1296 3675 1640 3748 Eurydiccm.
1664 3676 1832 3744 Quam
1861 3675 2102 3744 viduam,

508 3759 768 3813 pereunte
813 3747 1061 3818 Ophella,
1109 3747 1251 3802 inter
1294 3747 1493 3818 uxores
1544 3749 1747 3816 recepit
1803 3748 2105 3805 Demetrius

509 3815 874 3879 Poliorcetes,
901 3833 1023 3874 cutn
1057 3832 1250 3888 magno
1277 3815 1684 3873 Atheniensium
1714 3820 1930 3889 gaudio.
1956 3822 2101 3873 Cott-

513 3891 616 3945 suli
659 3898 885 3958 possunt
938 3905 1059 3960 qua:
1085 3903 1152 3944 ea
1195 3889 1263 3944 de
1300 3905 1360 3946 re
1405 3889 1718 3960 scripsimus
1769 3890 1819 3945 in
1871 3891 2102 3948 Historia

503 3961 801 4020 Catholica.
828 3963 1000 4030 patrio
1027 3975 1276 4016 sermone
1306 3962 1470 4026 edita,
1507 3971 1636 4015 tom.
1669 3960 1716 4026 I,
1750 3976 1802 4030 p.
1831 3962 1957 4016 545.

575 4032 667 4087 45.
700 4031 914 4105 Occisus
939 4041 1036 4088 est.
1069 4031 1122 4086 In
1145 4031 1261 4105 Meo
1282 4033 1556 4102 orciditur,
1579 4033 1632 4086 in
1662 4047 1768 4104 quo
1798 4035 1980 4088 statim
2007 4049 2104 4105 pro

513 4104 939 4177 superatlegitur
968 4104 1248 4177 superauit:

577 4172 669 4232 '46.
721 4173 1008 4242 Bomilcar,
1033 4172 1161 4228 'dua:
1211 4172 1513 4229 Poenorum.
1558 4173 1787 4229 Amilcar
1815 4175 1975 4242 vulgo
2015 4175 2106 4232 hic

505 4247 649 4302 male
673 4247 1004 4310 nominatur,
1029 4255 1114 4300 est
1137 4247 1281 4301 enim
1310 4247 1572 4319 Βομίλκας.
1596 4246 1710 4319 qui,
1737 4262 1858 4302 cum
1881 4246 2104 4303 Cartha-

505 4319 632 4385 gine
683 4333 904 4387 regnum
951 4325 1282 4386 occuparet,
1315 4317 1633 4373 interfectus
1661 4317 1790 4386 fuit,
1825 4328 1883 4373 ut
1911 4319 2104 4374 scribit

504 4389 728 4445 Diodor.
764 4387 928 4443 Faan.

574 4461 664 4515 47.
709 4458 908 4514 Deinde
931 4475 1044 4513 cum
1075 4468 1187 4526 post
1216 4468 1432 4512 mortem
1465 4458 1653 4529 Agath.
1687 4459 1904 4515 Plenior
1935 4461 2104 4516 histo-

503 4532 580 4586 ria
611 4531 840 4601 petenda
867 4546 936 4586 es
972 4529 1165 4584 .Ittstiui
1199 4531 1290 4584 lib.
1335 4545 1481 4584 χχιιι.
1517 4531 1647 4584 Nam
1678 4546 1796 4601 qua:
1835 4531 2102 4590 Diodorus

501 4604 571 4657 de
603 4603 685 4657 his
715 4602 880 4674 rebus
912 4603 1109 4656 litteris
1139 4601 1501 4671 consigumit,
1534 4602 1600 4656 ad
1632 4618 1731 4656 IIOS
1765 4618 1872 4658 non
1915 4621 2104 4674 pervc-

503 4683 719 4729 tteruut.
756 4673 793 4726 1⁵
800 4689 919 4728 sua.

571 4745 663 4800 43.
710 4744 852 4798 Proh
877 4746 1047 4800 dolor.
1072 4745 1205 4801 Cod.
1237 4743 1480 4814 Lorgoh.
1512 4753 1567 4799 et
1596 4743 1771 4807 Meus,
1805 4762 1896 4814 pro
1923 4747 2096 4803 dolor.

535 4815 670 4941 Ob“.
714 4815 794 4871 De
820 4817 1130 4873 recentibus.
1171 4818 1225 4872 In
1255 4817 1504 4873 Perizon.
1541 4816 1738 4888 legitur
1767 4817 1832 4870 de
1870 4833 2097 4889 prazcen-

535 4906 544 4941 l
584 4905 663 4941 us.

509 4900 663 4942 tibus.

573 4960 665 5016 50.
709 4961 872 5028 Quem
919 4977 1011 5015 nec
1053 4961 1154 5032 ipsi
1198 4959 1518 5014 discernunt.
1565 4958 1979 5032 Sic_e_nteudavi
2026 4975 2096 5016 ex

502 5032 690 5088 codice
728 5049 870 5098 meo,
904 5041 960 5088 et
995 5029 1166 5102 Lugd.
1197 5032 1316 5086 But.
1348 5047 1429 5101 pr.
1459 5038 1620 5102 atque
1647 5029 1786 5085 Coll.
1821 5029 2090 5102 Gronau,

499 5105 917 5173 astipulantibus
939 5100 1154 5175 quoque
1180 5100 1357 5175 tribus
1374 5117 1504 5156 mss.
1543 5100 1895 5175 Florentinis;
1921 5100 2095 5158 decor?

497 5184 649 5241 nunt,
675 5176 820 5246 quod
846 5176 898 5232 in
929 5173 1156 5246 vulgatis
1180 5173 1487 5246 invenitur,
1501 5174 1678 5246 minus
1699 5175 1979 5228 convenit.

567 5247 658 5302 5i.
695 5242 956 5317 Quidquid
985 5242 1079 5300 sub
1100 5245 1424 5317 exsecrabili.
1453 5242 1553 5317 lid.
1578 5245 1914 5317 Augustana,
1940 5245 2092 5314 quid-

494 5318 623 5386 quid
643 5315 1070 5374 subexsecrabile.
1106 5317 1347 5385 Vulgatzn
1377 5315 1622 5370 lectionis
1654 5317 1741 5370 hic
1771 5326 1855 5370 est
1874 5330 2085 5383 sensus,

490 5385 740 5460 quidquid
760 5391 932 5460 agitur
955 5391 1047 5443 sub
1074 5387 1403 5452 exsecrabili,
1430 5385 1480 5439 id
1504 5395 1609 5449 est,
1635 5386 1734 5440 sub
1758 5401 1823 5440 eo
1848 5388 2088 5460 nomine,

493 5457 759 5530 tempore,
781 5457 914 5526 étc.,
933 5461 1074 5529 quod
1097 5473 1471 5518 exsecramur,
1491 5461 1716 5530 atrocius
1737 5475 1845 5530 esse
1864 5457 2084 5530 ridetur.

489 5528 643 5597 Quod
668 5541 815 5602 patet
835 5549 903 5587 ex
926 5528 1381 5602 sequentibus,_iu
1404 5528 1608 5602 quibus
1634 5529 1736 5596 ait,
1761 5529 1896 5602 nihil
1925 5544 2086 5597 posse

491 5612 636 5656 recte
661 5599 776 5658 fieri
801 5603 869 5656 ab
889 5599 1096 5672 aliquo,
1117 5601 1171 5655 itt
1203 5600 1376 5656 oculis
1403 5599 1770 5672 inimicorum,
1790 5601 1880 5670 qui
1899 5601 2083 5672 illum,

484 5683 538 5726 et
569 5684 854 5744 propterea
886 5669 1066 5730 omnia
1093 5687 1215 5744 quas
1254 5672 1381 5728 facit
1407 5670 1572 5736 idem,
1602 5669 1718 5725 sine
1743 5669 2083 5741 diScrimine,

481 5757 864 5802 exsecrantur.

552 5814 643 5877 52.
677 5814 827 5874 Nihil
853 5833 954 5878 nou
975 5816 1313 5893 subsiciuam,
1333 5813 1465 5875 nihil
1490 5829 1593 5877 non
1621 5813 1674 5876 in
1697 5813 1882 5878 vulnus
1909 5833 2083 5878 suum.

2215 2821 2340 2877 lizec
2362 2821 2720 2879 cstomnium
2774 2821 3037 2881 librorttm
3077 2835 3417 2884 vetustorum
3462 2828 3643 2884 lectio.
3713 2829 3810 2888 Est

2209 2904 2388 2948 autem
2406 2894 2752 2980 subsiciuam,
2775 2897 2892 2980 sive
2911 2899 3252 2980 subsecivum,
3287 2901 3432 2980 quod
3463 2903 3638 2980 Cra-ei
3669 2907 3812 2980 πάρ-

2213 2987 2360 3042 εργον
2387 2965 2599 3042 dicunt,
2631 2981 2677 3042 a_
2703 2982 2764 3022 re
2787 2969 3098 3042 principali,
3143 2981 3201 3026 ut
3231 2965 3533 3037 ita-dicam,
3565 2965 3808 3030 alienu'tn

2213 3038 2448 3116 etquasi
2478 3038 3235 3116 supel“lll_lm.Tl‘al|$l;tli0llc
3261 3057 3472 3115 sumpta
3503 3045 3570 3100 ab
3592 3046 3656 3099 iis
3683 3062 3810 3116 qua:

2215 3109 2267 3186 i_n
2327 3123 2582 3186 agrorum
2640 3112 3096 3186 assignationibus
3138 3109 3400 3186 subseciva
3429 3109 3806 3186 nominantur,

2210 3179 2495 3257 dequibus
2528 3179 2840 3257 Frontinus.
2874 3184 3119 3257 F_Autt.—
3150 3185 3305 3241 Nihil
3333 3204 3437 3242 non
3469 3179 3805 3257 subsiciuam,

2211 3251 2342 3304 nihil
2385 3269 2486 3306 non
2511 3252 2836 3331 vulnerosurn
2863 3255 3022 3325 editi,
3054 3257 3106 3311 in
3136 3259 3321 3331 vulnus
3357 3276 3532 3328 suum,
3571 3262 3718 3331 quod
3753 3251 3810 3318 in

2211 3337 2456 3402 sensum,
2488 3331 2547 3402 et
2576 3325 2626 3402 in
2680 3325 2930 3402 figuram,
2963 3343 3066 3398 qua
3118 3330 3325 3400 reliqua
3365 3325 3545 3385 omnia
3590 3325 3718 3402 qua:
3752 3335 3805 3388 in

2210 3395 2413 3467 eadem,
2431 3394 2662 3463 periodo
2676 3394 2950 3466 dicuntur,
2969 3394 3156 3467 peccat
3184 3419 3195 3454 :
3221 3394 3315 3457 sed
3343 3402 3476 3456 illud
3494 3394 3808 3458 subsiciuam

2210 3480 2303 3546 seu
2334 3465 2694 3546 ιςιώιςιεεὶιλιιηι,⁵
2717 3468 2846 3546 quid
2913 3465 3018 3546 sibi
3077 3469 3166 3527 hic
3195 3474 3342 3546 velit_
3373 3475 3578 3546 nescio.
3615 3473 3807 3546 Neque

2210 3537 2352 3612 enim
2387 3546 2514 3612 puto
2535 3537 2791 3612 Qrosiuin
2821 3540 3126 3612 intelligere
3152 3559 3272 3598 cum
3303 3543 3496 3600 Franc.
3524 3537 3803 3611 Fabricio,

2207 3608 2350 3688 quod
2380 3608 2587 3664 Crzecis
2618 3621 2695 3663 cst
2720 3612 2977 3688 πάρεργον
2999 3608 3054 3668 et
3083 3616 3229 3686 quod
3259 3631 3392 3688 vere
3417 3616 3690 3686 signiﬁcat
3711 3608 3804 3671 sui-

2211 3683 2492 3750 perﬂuum,
2527 3691 2704 3734 tamen
2737 3683 2815 3736 sic
2858 3683 2925 3739 ἰιι
2979 3683 3234 3741 omnibus
3274 3685 3427 3741 libris
3471 3683 3807 3745 constanter

2212 3751 2428 3831 legitur.
2459 3751 2625 3806 Laur.
2653 3783 2722 3794 --
2744 3752 3182 3831 Quamallirmat
3209 3758 3491 3831 Fabricius
3547 3761 3797 3815 omnium

2208 3822 2470 3894 librorum
2499 3831 2745 3878 veterum
2775 3841 2897 3882 esse
2924 3827 3238 3894 lectionem,
3289 3830 3340 3884 id
3368 3830 3437 3885 de
3481 3830 3546 3884 iis
3586 3841 3802 3888 tantum

2210 3893 2436 3964 intelligi
2455 3905 2632 3963 potest
2653 3898 2935 3971 quosipse
2961 3893 3282 3969 inspexerit.
3302 3901 3623 3971 Diserepant
3651 3905 3799 3960 enim

2209 3979 2346 4045 quos
2373 3981 2473 4045 ego
2494 3967 2762 4045 consului.
2788 3967 2923 4045 Nam
2949 3967 3386 4039 prorsubsicivunt
3416 3973 3468 4028 in
3493 3967 3618 4028 cod.
3653 3975 3799 4045 Lug-

2207 4037 2340 4090 tlun.
2373 4036 2491 4091 Bat.
2549 4038 2744 4114 primo,
2777 4042 2893 4114 (ιυίΔ
2909 4036 3176 4097 vetustior
3202 4045 3430 4114 reliquis
3450 4053 3556 4107 est,
3585 4036 3801 4101 scribi-

2209 4116 2295 4185 tur
2323 4124 2532 4161 swvum.
2572 4109 2626 4162 ltt
2659 4110 2828 4185 Lugd.
2865 4111 3004 4166 Batt.
3032 4128 3146 4169 sec.
3178 4124 3234 4169 et
3257 4109 3434 4185 quart.
3466 4125 3628 4183 atque
3656 4117 3797 4172 Coll.

2211 4177 2377 4245 Ultr.,
2408 4197 2484 4233 su:
2499 4195 2681 4234 cauum
2708 4177 2790 4236 vel
2819 4200 3110 4250 susceuum,
3141 4177 3288 4241 eddf
3321 4195 3455 4242 vett.
3498 4177 3797 4244 obscwnum

2207 4261 2602 4328 reposuerunt,
2629 4259 2827 4328 prmter
2856 4259 3020 4323 Aug..
3055 4257 3106 4311 in
3135 4272 3237 4327 qua
3265 4257 3459 4328 legitur
3479 4259 3792 4316 subscirum.

2209 4321 2442 4400 Scripsit
2464 4322 2610 4400 forte
2644 4323 2868 4400 Orosius
2915 4321 3247 4394 subactarum,
3282 4321 3427 4400 qitod
3474 4330 3795 4400 subinlelis,

2208 4393 2292 4446 vel
2320 4393 2444 4447 mali
2468 4393 2891 4469 quodammon
2914 4400 3114 4453 omittis
3141 4393 3424 4469 signiﬁcat.
3458 4401 3578 4468 Quo
3628 4393 3799 4459 sensu

2208 4479 2432 4540 sacrum
2462 4476 2750 4540 usurpatur
2772 4468 2840 4522 ab
2869 4467 3109 4525 Arnobio
3147 4467 3336 4526 contra
3377 4467 3584 4528 Gentes
3611 4474 3704 4529 lib.
3742 4491 3793 4540 v,

2208 4549 2260 4603 p.
2433 4536 2544 4617 τέο
2573 4553 2640 4617 ne
2681 4554 2872 4617 screws
2910 4541 3098 4611 aliquis
3154 4541 3413 4617 nuptialia
3453 4535 3800 4617 interrumpat

2206 4608 2422 4684 gaudia.
2477 4607 2585 4662 Pro
2624 4611 2889 4684 invuluus
2937 4607 3108 4684 suum,
3159 4607 3328 4683 Lugd.
3361 4616 3477 4669 Bat.
3513 4632 3601 4684 pr.
3637 4607 3797 4673 habet

2135 4708 2181 4769 Β
2210 4678 2562 4769 uulnarosum,
2594 4688 2654 4769 ut
2681 4689 2738 4769 et
2770 4681 2911 4764 Coll.
2940 4683 3111 4766 Creo.
3144 4678 3320 4740 Orosii
3347 4678 3549 4769 szceulo
3574 4689 3794 4769 dignam

2210 4763 2415 4826 vocem,
2442 4767 2563 4820 qua:
2594 4760 2772 4826 tamen
2798 4755 2850 4808 itt
2881 4756 3069 4823 primis
3097 4772 3314 4826 quoque
3343 4758 3469 4813 edd.
3495 4755 3793 4823 invenitur,

2206 4831 2258 4873 ct
2291 4821 2340 4899 in
2374 4825 2513 4899 Aug.
2567 4821 2912 4894 coniungitur
2967 4842 3088 4899 cum
3115 4821 3295 4899 altera
3318 4829 3372 4882 in
3395 4830 3580 4884 vulnus
3619 4821 3790 4899 suum,

2209 4893 2410 4958 pariter
2433 4895 2484 4946 iu
2516 4904 2722 4970 testam
2755 4893 2993 4965 recepta.
3021 4897 3152 4953 Cod.
3189 4898 3436 4970 Longob.
3486 4902 3603 4956 lucc
3659 4893 3797 4957 scril

2206 4974 2360 5039 plura
2385 4973 2491 5039 est,
2521 4965 2652 5019 nihil
2675 4983 2793 5039 non
2821 4985 3056 5039 pravum,
3100 4970 3230 5024 nihil
3283 4965 3385 5024 non
3441 4972 3789 5028 subsichivunt

2203 5035 2350 5115 (sic),
2385 5036 2514 5115 nihil
2544 5054 2644 5090 non
2668 5038 2719 5090 in
2737 5035 2918 5115 t‘uliltls
2943 5057 3112 5095 suum.
3147 5040 3356 5112 Reliqui
3377 5057 3408 5098 a
3437 5044 3669 5115 vulgatis
3698 5061 3790 5101 re-

2201 5105 2534 5163 centioribus
2564 5123 2670 5163 non
2700 5111 2920 5166 abeunt.

2275 5178 2363 5260 55.
2398 5176 2464 5231 Et
2505 5179 2600 5260 hoc
2622 5189 2788 5260 tamen
2822 5199 2949 5252 pene
2983 5183 3450 5260 simpliciter._Alii
3504 5187 3714 5260 legunt.
3743 5197 3794 5244 et

2200 5249 2295 5302 hoc
2323 5259 2492 5330 tamen
2516 5249 2846 5330 simpliciter,
2877 5263 2935 5330 ut
2962 5255 3070 5310 duo
3084 5249 3268 5327 Lugd.
3316 5257 3468 5330 Bait.
3503 5249 3589 5313 etv
3606 5249 3792 5330 plures

2199 5337 2262 5375 ex
2289 5329 2482 5402 vetust.
2499 5321 2627 5402 edd.
2661 5324 2994 5402 Alii,‘et__hoc
3006 5329 3136 5402 jam_
3149 5321 3278 5398 p'ene
3297 5321 3620 5402 simpliciter;
3647 5332 3793 5386 inter

2197 5406 2333 5465 quos
2365 5401 2476 5448 tres
2509 5393 2832 5460 Florentiui,
2857 5393 3072 5453 Mcus’et
3105 5393 3565 5465 Perizon.,'Coll.
3610 5393 3789 5457 Gron.

2197 5460 2242 5541 et
2272 5460 2370 5516 hoc
2393 5473 2564 5519 tamen
2591 5466 2853 5541 similiter.
2886 5468 3115 5541 Vulgata
3148 5472 3309 5527 lectio
3359 5460 3670 5541 signiﬁcare
3716 5477 3795 5529 vi-

2195 5534 2356 5610 detur
2388 5553 2400 5588 :
2433 5545 2488 5591 ct
2511 5549 2692 5592 tamen
2716 5538 2817 5593 hoc
2846 5534 3080 5609 quod'ab
3108 5543 3345 5598 inimicis
3372 5534 3481 5597 ta'rn
3513 5545 3788 5610 acerbein

2197 5606 2404 5684 malunt
2425 5617 2630 5684 partem
2662 5606 2892 5681 rapitur,
2922 5611 3246 5684 simpliciter
3265 5613 3379 5670 lere
3407 5623 3463 5670 et
3501 5607 3636 5672 siue.
3657 5616 3790 5674 dolo

2195 5678 2341 5732 tnalo
2376 5678 2490 5733 ﬁeri
2515 5681 2674 5736 solet.

2265 5749 2356 5832 ξι.
2381 5747 2730 5832 flentem/uec
2774 5753 3016 5810 dicimus.
3068 5755 3314 5832 ReSpieit
3363 5759 3595 5832 apostol.
3635 5759 3786 5824 Pauli

2193 5821 2357 5882 verba
2377 5822 2478 5899 Ep.
2504 5824 2571 5882 ad
2593 5823 2853 5904 Philipp,
2876 5842 2996 5900 cap.
3029 5842 3108 5904 ιιι,
3141 5821 3197 5888 νζ
3227 5830 3318 5893 l8.
