4046 6344
244 246 348 309 875
711 246 718 250 ’
1295 250 1765 313 lllSTOHlARUM
1802 253 2008 318 LIBER
2047 253 2139 311 Ν.
2179 252 2334 312 CAP.
2381 254 2493 311 Vll.
3427 260 3533 317 87b

242 369 484 437 videant,
532 383 658 426 eum
698 376 879 428 tamen
910 369 962 427 id
994 371 1138 444 quod
1171 379 1275 437 est,
1311 373 1388 428 ita
1410 383 1468 428 ut
1501 381 1608 439 est,
1647 371 1836 430 videre
1863 378 1915 438 Α
1940 391 2045 447 que
2065 375 2436 446 superavit,ut
2456 375 2573 445 ipse
2589 375 2812 446 quoque
2840 390 3154 444 rex,rerum
3175 380 3545 448 magnitudine

245 477 352 518 non
375 463 422 494 ⁸⁵
453 462 701 534 possint:
748 463 838 534 qui
863 465 1114 536 graviora
1137 465 1471 521 arbitrantur
1498 465 1706 537 llagella
1742 481 1840 536 pa-
1945 469 2289 540 perterritus,
2318 477 2442 524 ante
2467 483 2527 524 se
2552 467 2753 522 victum
2783 483 2947 539 quam
2963 482 3314 538 congressum
3334 477 3352 505 ⁷
3374 471 3544 527 fuisse

1947 561 2246 632 prodiderit
2279 562 2406 632 :qui
2446 559 2467 591 ⁸
2509 561 2656 628 exin,
2692 559 2880 615 fractis
2907 560 3114 615 viribus
3150 561 3455 633 amissaque
3485 564 3550 616 li-

1947 652 2125 719 ducia,
2171 652 2332 725 233
2377 667 2498 708 cum
2543 666 2733 722 pacem
2775 652 3000 721 supplex
3033 663 3268 721 rogaret,
3301 651 3552 709 ducentis

1951 743 2163 815 argenti
2201 745 2422 799 talentis
2459 745 2612 814 jussu
2653 745 2936 799 consulum
2969 744 3286 810 moletatus,
3317 748 3549 816 accepit.

1949 841 1971 872 ο
2021 836 2286 893 Consules
2311 836 2747 908 “Agrigentum,
2775 834 2975 890 Sicilia:
3015 836 3319 903 civitatem,
3373 837 3554 908 ibique

1953 928 2209 1000 prmsidia
2257 927 2590 995 Pmnorum,
2640 927 2896 997 operibus
2946 927 3193 996 valloque
3242 929 3552 986 cinxerunt.

1950 1024 2199 1092 Cumque
2237 1022 2482 1078 inclusus
2524 1037 2586 1077 ca
2626 1021 2911 1077 obsidione
2949 1021 3137 1076 senior
3166 1022 3422 1087 Annibal,
3457 1025 3558 1080 im-

1952 1125 2172 1189 perator
2214 1117 2530 1184 Ptenorum,
2564 1114 2630 1170 ad
2671 1129 2939 1170 summam
2972 1121 3272 1184 egestatem
3306 1114 3558 1172 redactus

1953 1219 2135 1279 esset,
2190 1209 2389 1278 Auno,
2441 1209 2745 1279 imperator
2787 1223 2962 1264 novus
3001 1205 3556 1280 Carthaginiensium,

1953 1321 2077 1362 cum
2120 1304 2390 1376 equitibus
2433 1303 2587 1358 mille
2616 1303 2946 1374 quingentis,
2982 1312 3034 1358 et
3062 1302 3280 1374 triginta
3314 1303 3558 1359 millibus

245 555 345 610 tris
389 570 553 626 quam
605 556 778 612 hostis
818 557 1068 613 incendia
1097 560 1226 630 :qui
1277 558 1616 615 acerbiorem
1647 567 1846 614 vocant

246 645 637 716 blandientem,
688 649 1098 720 admonentem,
1148 660 1203 707 et
1247 651 1606 708 retlitnentem
1644 651 1842 721 Deum,

245 755 403 810 quam
437 754 881 812 persequentem,
910 743 1312 811 dominantem,
1372 744 1846 814 trucidantemque

243 830 538 888 diabolum.
574 834 912 906 Quamquam
943 836 989 890 si
1018 835 1087 892 de
1130 845 1282 906 patre
1327 835 1725 908 intelligerent,
1777 835 1847 891 de

246 926 607 996 castigatione
645 929 1064 998 gauderent:et
1111 931 1155 984 si
1201 929 1596 1001 przcvideretur
1641 929 1847 988 fructus

247 1020 600 1087 eruditionis,
631 1032 777 1078 esset
798 1021 1087 1094 disciplina
1112 1023 1415 1080 tolerabilis
1457 1038 1472 1077 :
1523 1037 1586 1077 ae
1626 1034 1850 1093 propter

247 1129 423 1186 spem,
455 1131 578 1186 qua:
607 1131 749 1170 nunc
778 1117 1036 1187 gentibus
1062 1116 1182 1173 data
1212 1127 1319 1182 est,
1354 1125 1514 1174 antea
1562 1132 1692 1173 vero
1742 1131 1848 1172 non

249 1207 442 1274 luerat,
472 1207 679 1263 leviora
726 1207 1011 1277 ducerent,
1045 1209 1152 1264 etsi
1193 1209 1441 1279 graviora
1492 1217 1847 1280 paterentur:

248 1313 579 1370 quamquam
606 1297 652 1328 ⁵⁸
675 1309 1024 1370 contemptus
1048 1299 1209 1372 232
1231 1301 1578 1356 miseriarum
1627 1308 1852 1371 possunt

248 1392 413 1449 etiam
455 1408 484 1447 a
542 1393 654 1449 suis
709 1393 949 1461 discere,
993 1394 1136 1466 apud
1176 1410 1316 1467 quos
1343 1410 1555 1450 summa
1586 1395 1724 1449 mala
1755 1410 1852 1464 pro
1958 1398 2231 1470 peditum,
2263 1397 2481 1467 triginta
2509 1394 2674 1450 etiam
2703 1395 3030 1466 elephantis,
3063 1410 3126 1450 ex
3156 1396 3448 1465 improviso
3478 1397 3560 1451 in-

249 1483 475 1540 summis
504 1484 666 1541 bouis
687 1486 958 1541 aestimata
999 1493 1152 1553 sunt,
1205 1495 1410 1542 tantum
1453 1496 1510 1541 ttt
1539 1486 1582 1518 ⁸⁷
1624 1486 1852 1556 gloriam
1956 1491 2233 1556 tereessit,
2284 1488 2848 1562 expugnationemque
2887 1488 3126 1542 civitatis
3165 1489 3437 1559 paulisper
3477 1490 3562 1545 di-

250 1577 407 1632 lamze
461 1577 742 1634 celebrem
800 1587 964 1649 atque
1021 1578 1291 1634 illustrem
1325 1587 1794 1649 consequerentur
1837 1595 1852 1633 :
1957 1585 2114 1640 stulit
2146 1601 2160 1638 :
2194 1583 2290 1640 sed
2314 1583 2577 1639 continuo
2605 1583 2800 1638 civitas
2831 1590 2986 1650 capta
3009 1591 3114 1639 est.
3143 1581 3291 1637 Poeni
3320 1585 3563 1638 maximo

255 1686 348 1741 per
379 1684 518 1740 quos
547 1669 732 1741 colligi
763 1670 924 1725 datur
948 1680 1149 1742 quanta
1179 1671 1360 1736 nobis,
1394 1671 1594 1742 quibus
1637 1669 1857 1726 acterni-
1959 1678 2102 1733 bello
2140 1677 2267 1733 victi
2304 1685 2360 1733 et
2398 1675 2698 1747 proﬂigati,
2726 1674 2980 1730 undecim
3012 1673 3286 1742 elephanti
3326 1673 3378 1728 in
3410 1684 3564 1746 pote-

257 1771 334 1817 tas
361 1762 523 1818 beata
554 1764 913 1834 promittitur,
939 1763 1050 1818 sint
1080 1763 1362 1818 toleranda
1412 1778 1511 1835 pro
1556 1763 1692 1833 vita,
1729 1778 1852 1819 cum
1886 1773 1934 1836 B
1959 1780 2157 1826 statem
2188 1769 2420 1837 redacti,
2449 1769 2490 1800 “
2514 1766 2850 1838 Agrigentini
2874 1765 2978 1821 sub
2998 1781 3200 1820 corona
3219 1781 3411 1822 omnes
3436 1782 3566 1823 ven-

259 1857 334 1913 illi
364 1865 519 1913 tanta
549 1856 828 1928 potuerint
861 1857 1093 1914 tolerare
1117 1872 1214 1928 pro
1241 1856 1410 1912 fama.

873 2015 1104 2073 CAPUT
1146 2016 1260 2072 γη.

268 2129 627 2205 Romanorum
654 2131 897 2205 adversus
921 2131 1283 2203 Syracusanos
1297 2141 1345 2186 et
1368 2131 1557 2188 Poenos
1579 2148 1659 2188 res
1685 2141 1860 2205 gestit,

330 2202 693 2272 bellorumque
729 2202 991 2258 rariorum
1038 2220 1325 2258 successus.
1368 2205 1647 2260 Servorum
1686 2202 1864 2259 ’δυσξυ-

327 2290 546 2344 rumque
575 2275 841 2330 navalium
887 2275 1198 2346 conjuratio.

333 2411 349 2441 ⁸
376 2411 535 2465 Anno
562 2411 632 2467 ab
651 2411 794 2468 Urbe
821 2412 1038 2469 condita
1063 2429 1428 2482 ccccuxxttt,
1458 2420 1478 2449 ⁸
1506 2414 1683 2485 Appio
1704 2413 1886 2470 Clauq.

271 2502 380 2570 dio,
398 2503 419 2534 ³
443 2504 511 2572 Q.
536 2503 704 2561 Fabio
726 2508 1062 2573 consulibus,
1087 2507 1442 2580 Mamertinis,
1475 2524 1704 2579 quorum
1731 2508 1873 2565 Mes-

268 2608 392 2650 sana
419 2595 618 2652 nobilis
635 2598 830 2654 Sicilia:
853 2606 871 2637 ι
897 2600 1091 2656 civitas
1111 2612 1253 2667 erat,
1273 2601 1512 2657 l’auitilia
1536 2611 1722 2657 contra
1748 2602 1872 2657 llic-

269 2702 451 2743 ronem
484 2689 886 2760 Syracusanum
917 2707 1121 2764 regem,
1142 2702 1198 2750 et
1226 2693 1514 2749 Pomorum
1537 2696 1720 2766 copias
1743 2694 1870 2751 llic-

272 2780 636 2852 ronijnnctas,
655 2791 674 2820 ο
690 2794 744 2840 et
767 2787 868 2856 Ap.
885 2786 1167 2842 Claudium
1190 2787 1468 2843 consulem
1487 2802 1610 2842 cum
1630 2789 1873 2844 exercitu

276 2872 749 2948 misereliomani,
769 2879 860 2950 qui
887 2889 992 2936 tam
1009 2879 1258 2937 celeriter
1269 2880 1640 2953 Syracusanos
1653 2881 1875 2938 Paznos-

1969 1862 2064 1918 diti
2089 1869 2234 1918 sunt.
2260 1859 2496 1916 Annibal
2518 1860 2722 1926 senior,
2747 1860 2883 1914 facta
2905 1873 3027 1914 cum
3052 1859 3234 1929 paucis
3257 1861 3562 1930 eruptione,

1967 1951 2203 2023 dillugit.
2241 1952 2283 1983 “
2312 1951 2414 2009 Cn.
2447 1951 2700 2006 Cornelio
2733 1950 2904 2006 Asina
2932 1949 2994 2007 C.
3028 1951 3202 2007 Duilio
3229 1953 3567 2020 consulibus,

1968 2060 2091 2102 cum
2115 2045 2350 2102 Annibal
2373 2045 2559 2100 senior
2579 2060 2728 2100 oram
2757 2045 2925 2100 Italia:
2951 2047 3276 2101 maritimam
3303 2047 3571 2104 instructa

1969 2141 2306 2210 septuaginta
2336 2138 2556 2194 navium
2597 2139 2772 2194 classe
2805 2147 3079 2205 vastaret,
3109 2139 3341 2194 Romani
3379 2151 3433 2196 et
3463 2141 3570 2210 ipsi

1970 2231 2203 2287 classem
2235 2230 2488 2286 fabricari
2512 2238 2672 2300 atque
2696 2229 2895 2286 instrui
2919 2231 2964 2262 ¹³
2991 2243 3364 2302 prmceperunt
3389 2250 3400 2286 :
3425 2233 3573 2300 quod

1967 2323 2178 2380 Duilius
2205 2323 2398 2380 consul
2429 2323 2679 2378 celeriter
2708 2323 2972 2392 implevit.
3007 2323 3139 2378 Nam
3173 2325 3215 2356 ”
3246 2326 3383 2379 intra
3416 2341 3573 2380 sexa-

1969 2417 2235 2486 gesimum
2261 2416 2428 2485 diem,
2456 2430 2614 2486 quam
2639 2413 2868 2472 arbores
2900 2431 3054 2471 C(l'Sﬂ)
3080 2425 3258 2485 erant,
3289 2419 3333 2448 ίδ
3353 2427 3575 2473 centum

1975 2509 2194 2580 triginta
2209 2509 2422 2565 navium
2438 2511 2628 2565 classis
2650 2510 2882 2566 deducta
2899 2511 2951 2566 in
2971 2511 3221 2566 anchoris
3245 2513 3416 2568 stetit.
3443 2512 3577 2568 Cor-

1977 2603 2156 2657 nelius
2189 2601 2378 2670 Asina,
2409 2603 2604 2658 consul
2644 2602 2802 2672 alter,
2839 2603 2882 2635 “
2909 2617 3031 2659 eum
3075 2605 3314 2660 sedecim
3347 2608 3579 2662 navibus

1979 2697 2233 2768 Liparam
2265 2697 2500 2752 insulam
2532 2698 2572 2728 ¹⁷
2607 2697 2781 2767 petiit,
2816 2697 2860 2729 ¹⁸
2889 2697 2978 2752 ubi
3013 2698 3082 2751 ab
3105 2699 3394 2765 Annibale,
3423 2702 3576 2770 quasi

1979 2791 2045 2845 ad
2078 2789 2404 2858 colloquium
2437 2789 2588 2860 pacis
2618 2796 2905 2854 evocatus,
2940 2787 3138 2844 Punica
3173 2790 3356 2846 fraude
3386 2803 3579 2862 captus

1983 2881 2148 2955 23h.
2175 2891 2337 2954 atque
2363 2882 2419 2938 in
2449 2881 2678 2938 vinculis
2702 2891 2927 2941 necatus
2949 2890 3055 2939 est.
3085 2883 3125 2915 ‘9
3152 2883 3306 2953 Quod
3331 2884 3418 2942 ubi
3447 2885 3579 2943 Dui-

1537 3036 1991 3094 llAVERCAMPI
2033 3035 2266 3093 NOTAE.

345 3155 436 3229 55.
468 3154 701 3229 Possint.
733 3155 834 3212 Ms.
865 3157 1116 3215 Perizon.
1144 3165 1198 3214 et
1225 3157 1314 3214 ed.
1346 3156 1491 3229 Aug.
1518 3165 1753 3228 possunt.

345 3228 435 3285 56.
466 3227 824 3302 Contemptus.
855 3229 1195 3302 Contemptus
1216 3232 1275 3302 in
1307 3227 1455 3300 plur.
1484 3227 1874 3302 numeroAma-

281 3299 392 3354 lunt
417 3300 544 3354 cod.
576 3298 822 3369 Lon‘gob.
843 3318 975 3356 mss.
1002 3298 1180 3365 Méus,
1212 3298 1488 3362 Pet-imm.
1520 3299 1690 3365 Lugd.
1725 3298 1768 3355 B
1789 3310 1872 3354 ιιι.

280 3372 382 3426 duo
404 3413 419 3436 ,
449 3370 590 3428 Ultr.
620 3380 675 3425 et
697 3372 841 3426 Coll.
881 3371 1144 3434 Gr0ttov..
1172 3382 1330 3441 atque
1365 3374 1504 3426 inter
1529 3371 1706 3425 editos
1736 3376 1874 3439 Aug.

279 3443 459 3512 vulgo.
479 3452 845 3514 contemptum.
873 3443 1003 3500 Post
1031 3444 1228 3499 discere
1259 3444 1312 3499 in
1337 3442 1505 3514 Lugd.
1539 3443 1655 3498 Bat.
1680 3452 1876 3512 quarto

281 3515 627 3600 subjyngitur
650 3515 888 3600 laudare.

349 3584 442 3642 57.
472 3584 710 3657 Gloriam
741 3587 915 3657 (anne.
945 3584 1125 3642 Periz.
1151 3584 1373 3657 gloriam
1418 3584 1574 3657 fama
1608 3584 1878 3652 celebrem,

281 3665 414 3725 etc.,
440 3656 586 3727 quod
618 3656 814 3712 melius
839 3658 1046 3714 dictum
1075 3667 1180 3713 est.
1227 3657 1284 3712 In
1317 3656 1423 3712 line
1459 3656 1654 3726 capitis
1701 3667 1883 3726 potue-

281 3738 402 3784 runt
427 3728 558 3799 cdd.
577 3736 725 3799 ivett.
754 3743 855 3798 pro
883 3731 1172 3799 potuerint.

349 3799 486 3856 CAP.
502 3798 744 3855 Vll.—l.
760 3797 912 3853 Anno
935 3801 998 3853 ab
1026 3799 1161 3854 Urbe
1182 3800 1385 3853 condita
1407 3813 1770 3856 ccccuxxtu.
1787 3797 1884 3854 Hic

284 3887 484 3940 annus,
527 3886 636 3942 quo
679 3870 881 3926 bellum
921 3871 1184 3927 Punicum
1217 3873 1447 3942 primum
1480 3871 1594 3940 geri
1619 3879 1881 3940 emptum,

285 3959 408 3998 cum
457 3944 674 3997 varium
728 3957 1018 3998 numerum
1047 3941 1190 4012 apud
1224 3941 1532 4009 scriptores
1579 3942 1798 4008 habeat,
1831 3942 1884 3996 itt

287 4014 465 4070 Fastis
496 4012 823 4082 Capitolinis
852 4023 934 4069 est
963 4029 1255 4069 cncxxxtx.
1287 4013 1454 4068 ann.

357 4085 412 4139 2.
472 4084 642 4157 Appio
672 4084 913 4139 Claudio.
957 4087 1084 4140 Mss.
1115 4100 1309 4142 omnes
1337 4095 1393 4140 ct
1419 4085 1505 4140 ed.
1534 4087 1697 4155 Aug.,
1727 4084 1780 4138 id
1811 4092 1886 4140 est

290 4157 464 4213 Annio
488 4154 735 4210 Claudio.

340 4158 464 4226 ppio
488 4158 735 4210 Claudio.

290 4175 372 4226 Ap
413 4175 464 4210 to
488 4175 735 4210 utauato.

361 4175 416 4283 ἔ.
455 4228 522 4292 ρ.
553 4226 738 4282 Fabio.
761 4227 929 4283 Solus
955 4225 1199 4292 Orosius,
1228 4227 1370 4297 quod
1401 4226 1591 4292 sciam,
1625 4241 1746 4281 cum
1783 4229 1884 4294 Ap.

285 4298 522 4355 Claudio
553 4298 779 4354 Fabium
804 4313 919 4354 cos.
953 4309 1235 4367 comparat
1267 4317 1278 4351 :
1311 4313 1412 4369 pro
1438 4313 1545 4369 quo
1572 4298 1752 4353 omnia
1780 4298 1884 4369 alia

288 4371 647 4441 monimenta,
676 4369 927 4424 Flaccum
961 4370 1158 4425 habent
1185 4370 1274 4438 qui
1317 4368 1368 4424 in
1409 4368 1586 4424 Fastis
1608 4370 1784 4438 Capit.
1815 4368 1885 4424 ita

292 4441 644 4508 describitur,
699 4458 756 4498 υ.
808 4457 1032 4496 rucvtus
1071 4457 1124 4504 ρ.
1173 4457 1222 4496 r.
1253 4457 1312 4495 st.
1345 4457 1398 4496 Ν.
1430 4457 1678 4496 succus.
1717 4441 1791 4494 De
1832 4454 1891 4496 re

287 4525 443 4582 geSIa
472 4513 540 4568 ab
567 4514 740 4582 Appio
769 4511 996 4568 Claudio
1025 4527 1149 4568 cum
1181 4513 1360 4568 Pmnis
1382 4523 1435 4567 et
1467 4529 1593 4582 rege
1627 4513 1887 4575 llicrone,

1904 3159 1949 3223 C
1983 3165 2190 3230 genium
2221 3154 3012 3236 Siciliae.civitatemadeuntes.
3043 3153 3118 3212 ibi
3147 3159 3412 3231 prwsidia,
3444 3170 3577 3236 etc.,

1983 3227 2172 3284 contra
2205 3241 2338 3283 mss.
2371 3242 2564 3283 omnes
2584 3239 2638 3282 et
2665 3228 2754 3283 ed.
2784 3227 3012 3298 August.

2058 3299 2145 3354 11.
2187 3299 2532 3378 Agrigentini.
2576 3298 2920 3378 Ctttl_._Lug(l.
2967 3300 3085 3354 Bal.
3125 3319 3231 3373 pr.,
3261 3305 3584 3378 Agrigentini

1985 3387 2158 3425 omnes
2186 3371 2283 3424 sub
2320 3389 2513 3425 corona
2542 3373 2730 3426 uenditi
2761 3382 2900 3427 sunt.
3127 3371 3135 3373 ⁷
3205 3389 3210 3392 ·

2058 3444 2148 3520 12.
2176 3441 2550 3520 _Cn_._Cornclio
2578 3443 2762 3520 Asina,
2794 3443 2854 3497 (Ι.
2889 3442 3094 3499 Duilio.
3127 3445 3191 3500 lli
3221 3463 3364 3520 anno
3393 3451 3584 3520 quinto

1989 3512 2150 3582 hujus
2176 3513 2324 3577 belli,
2355 3523 2409 3568 et
2431 3523 2547 3583 post
2578 3514 2670 3570 Ur.
2698 3529 2822 3569 con.
2845 3529 3040 3569 cnxcnt
3066 3519 3319 3574 consules
3343 3512 3582 3577 luerunt.

1987 3584 2141 3652 Quod
2173 3585 2240 3639 de
2269 3585 2550 3656 celeritate
2578 3585 2631 3638 in
2661 3586 2834 3640 classe
2863 3599 3177 3656 comparata
3201 3589 3427 3646 Orosius
3450 3595 3588 3649 scri-

1989 3656 2086 3719 bit,
2119 3664 2202 3710 est
2230 3656 2371 3725 apud
2405 3655 2626 3710 Florum
2658 3656 2751 3710 lib.
2783 3673 2842 3711 ll.
2877 3655 3047 3711 Fann.

2184 3726 2572 3806 Ifrreceperunt.
2606 3726 2747 3806 βίω.
2786 3728 3222 3806 qtttndatn_vett.,
3251 3735 3582 3806 pra'cipinnt.

2063 3795 2782 3876 14.-ζηιταεεαίᾳῃεδὶηωηξι
2979 3799 3140 3876 “Mss.
3180 3795 3369 3858 omnes
3388 3795 3421 3868 ,’
3447 3821 3586 3876 quos

1988 3868 2270 3941 consului,
2293 3877 2348 3923 ut
2379 3877 2432 3941 et
2461 3868 2712 3941 Vincent.
2746 3869 2952 3924 Bellov.
2979 3868 3074 3924 lib.
3095 3886 3169 3938 vt,
3201 3886 3320 3941 cap.
3356 3876 3424 3930 54
3453 3868 3587 3931 1-in-

1991 3950 2071 3995 tra
2097 3940 2366 4012 sexaginta
2393 3940 2524 3994 dies.
2559 3938 2701 3994 Edit.
2735 3941 2924 4012 prima,
2957 3941 3091 4012 intra
3117 3957 3219 3996 Lxx
3245 3938 3374 3999 dies.
3411 3948 3585 4012 Paris.

1989 4021 2046 4066 et
2090 4010 2310 4066 Veneta:
2345 4010 2486 4083 intra
2528 4026 2634 4065 ιιι
2682 4012 2838 4064 diem.
2885 4010 3017 4065 Dein
3057 4014 3316 4083 August.,
3349 4010 3585 4075 intra-1.x

1991 4083 2129 4146 dies,
2160 4099 2317 4153 quant
2347 4082 2556 4136 arbores
2583 4097 2730 4153 eiusa!
2758 4091 2898 4148 sunt,
2931 4097 3028 4150 pro
3061 4097 3227 4139 erant.

1992 4223 2034 4280 Ρ
2067 4152 2340 4210 15ίωχχ
2377 4153 2585 4208 narium
2629 4152 2834 4208 classis.
2882 4153 3039 4224 Apud
3082 4153 3303 4212 Florum
3347 4167 3431 4215 est
3465 4175 3588 4218 cu.

2038 4242 2158 4280 ann.

2038 4242 2158 4280 ABR.

2071 4298 2157 4351 l6.
2193 4295 2324 4350 Cum
2356 4296 2599 4351 sedecim.
2635 4295 2734 4351 Ed.
2765 4294 2930 4366 Aug.,
2961 4313 3077 4350 cum
3104 4313 3210 4352 xvii
3237 4300 3482 4356 millibus.

2069 4369 2158 4423 17.
2200 4367 2378 4442 Petiit.
2427 4369 2502 4422 lla
2545 4368 2784 4442 scribere
2817 4367 3011 4436 jubent
3049 4368 3216 4424 codd.
3254 4371 3496 4442 Longob.
3537 4385 3598 4433 et

1996 4439 2144 4495 Flor.
2175 4440 2400 4510 secund.
2428 4455 2551 4494 cum
2584 4438 2834 4510 Perizon.
2865 4454 2961 4510 pro
2990 4443 3137 4510 petit.

2071 4512 2156 4566 18.
2193 4509 2291 4566 Ubi
2325 4513 2390 4565 ab
2430 4509 2704 4564 Annibale.
2751 4509 2885 4565 Tres
2914 4509 3085 4579 Lugd.
3130 4512 3268 4569 Batt.
3300 4529 3423 4570 cum
3455 4515 3596 4573 Coll.

291 4564 734 4657 immissas
776 4564 1203 4651 ἷξιξῑὲίίιζῐίἷίτό
1231 4564 1355 4652 in;
1389 4564 1606 4640 'Ft'o‘i'us
1629 4564 1785 4639 cura
1802 4564 1892 4652 "n',
1923 4564 1975 4625 D
2001 4564 2241 4657 erutos.
2270 4590 2324 4636 et
2347 4564 2442 4657 ea.
2472 4583 2638 4657 Aug.,
2668 4580 2750 4636 Ibi
2773 4564 2846 4634 ab,
2866 4564 3598 4657 allegasti};quam};

289 4656 417 4727 cap.
441 4656 500 4709 2.
530 4656 696 4711 ιδ’ωιι.

366 4729 420 4807 ξ.
439 4725 634 4807 Civitas
660 4737 788 4807 erat.
807 4725 942 4783 Cod.
971 4725 1455 4807 Perizon._,_‘cirita_s
1481 4728 1607 4807 fuit.
1675 4796 1688 4807 .

368 4797 424 4852 5.
449 4797 688 4854 Auxilia.
717 4799 846 4856 Mss.
871 4811 1082 4866 omnes,
1110 4799 1349 4865 auxilia;
1368 4797 1458 4854 ed.
1483 4797 1648 4869 Aug.,
1668 4797 1724 4851 in
1747 4797 1897 4852 aurci-

293 4870 372 4926 lia
394 4887 413 4925 :
435 4869 530 4924 sed
562 4869 696 4925 editi
724 4872 943 4926 auxilio.

372 4942 430 4997 6.
464 4939 534 4994 Et
564 4942 790 5011 Appium
818 4941 1118 4997 Claudium.
1161 4940 1297 5008 Quia
1346 4939 1798 5011 coniunctionem,
1824 4947 1893 5006 et,

293 5028 423 5084 quzc
454 5012 508 5067 in
540 5009 794 5069 omnibus
819 5012 1092 5068 invenitur
1109 5028 1242 5068 mss.
1277 5028 1382 5067 non
1409 5009 1706 5084 agnoscunt
1736 5009 1892 5077 editi,

295 5083 666 5154 reposuerunt
696 5099 857 5152 supra
885 5084 1084 5138 auxilio
1113 5100 1209 5154 pro
1239 5083 1464 5140 auxilia.

376 5156 431 5210 7.
465 5152 678 5226 Fuisse.
709 5155 880 5211 Abest
901 5155 970 5210 ab
999 5152 1130 5210 edit.
1173 5159 1310 5226 Aug.

375 5226 433 5282 8.
466 5225 594 5299 Cum
615 5227 758 5292 exin,
790 5226 989 5299 fractis.
1023 5227 1220 5299 Vulgo,
1246 5223 1311 5281 ea:
1354 5226 1609 5299 infractis,
1644 5223 1899 5299 quod_te-

298 5308 437 5353 xtus
465 5297 583 5367 ipse
611 5295 907 5368 redarguit.
940 5295 1184 5354 Laur-1-
1205 5295 1511 5368 llidicul'um
1540 5306 1624 5354 est
1646 5295 1898 5368 mendum

303 5369 360 5424 in
396 5370 652 5424 omnibus
677 5367 862 5426 editis.
888 5368 1028 5438 Quid
1061 5371 1204 5425 enim
1228 5379 1308 5424 est
1336 5367 1463 5434 huc,
1499 5385 1619 5422 cum
1639 5367 1900 5439 infractis,

303 5439 408 5511 vel
433 5455 506 5511 ea;
518 5441 762 5510 infractis
794 5440 991 5495 viribus
1011 5442 1034 5496 ?
1057 5440 1225 5495 Recte
1253 5441 1414 5511 igitur
1443 5440 1686 5496 Lautius.

379 5509 439 5582 9.
469 5508 722 5567 Consules
749 5511 1102 5582 Agrigentum.
1133 5508 1397 5566 Consules
1423 5513 1548 5565 anni
1576 5511 1719 5582 tertii
1747 5508 1909 5582 hujus

304 5581 443 5639 belli
478 5583 540 5638 L.
584 5580 919 5654 Postumium
955 5583 1240 5654 Megellum
1263 5625 1278 5648 ,
1310 5583 1375 5649 Q.
1421 5581 1716 5637 Mamilium
1754 5580 1911 5636 Vitu-

307 5655 427 5710 lum
474 5653 746 5723 intelligit.
787 5652 852 5708 Hi
898 5652 1149 5709 enim'ad
1195 5655 1551 5724 Agrigentum
1583 5665 1913 5724 remggesse-

305 5732 466 5799 runt,
495 5722 863 5799 oppidumque
889 5735 1170 5799 ceperunt.
1191 5722 1448 5799 Polybius
1478 5724 1586 5799 lib._
1607 5739 1643 5778 ι.
1672 5722 1838 5799 ann.

385 5794 482 5856 10.
524 5794 880 5870 Agrigentum.
922 5794 1060 5852 Edd.
1101 5806 1262 5868 vett.,
1293 5794 1544 5858 Consules
1570 5796 1740 5868 itaque
1763 5794 1918 5868 Agri-

601 5895 878 5961 ΡΑτιιοι..
923 5894 1171 5959 XXXI.

2003 4653 2275 4723 displicet,
2317 4654 2440 4722 quia
2484 4653 2750 4721 sequitur,
2779 4653 2919 4723 quod
2950 4654 3034 4706 ubi
3062 4653 3294 4721 Duilius,
3324 4653 3428 4712 etc.
3461 4660 3599 4714 Vin-

1998 4725 2210 4850 lcientius
2224 4724 2622 4780 Bellovacensis
2642 4724 2886 4779 eamdem
2911 4740 3127 4794 quoque
3151 4726 3435 4784 lectionem
3463 4745 3598 4786 con-

2041 4805 2200 4850 rmat.

2021 4797 2200 4850 irmat.

2077 4868 2166 4924 l9.
2203 4866 2354 4940 Quod
2375 4865 2462 4920 ubi
2495 4865 2720 4940 Duilius.
2751 4865 2851 4940 llic
2877 4863 3045 4940 estC.
3081 4865 3291 4922 Duilius
3321 4875 3391 4926 M.
3423 4870 3485 4926 F.
3509 4874 3600 4940 qui

2006 4937 2206 4994 Pmnos
2237 4939 2440 5006 primus
2467 4937 2646 4992 classe
2673 4938 2891 4992 devicit.
2925 4935 3122 4992 Cicero
3153 4939 3205 4994 in
3235 4940 3460 5006 Catone,
3494 4935 3600 4998 Va-

2005 5009 2106 5065 ler.
2136 5008 2233 5064 lib.
2261 5023 2342 5073 nt,
2371 5021 2491 5078 cap.
2518 5010 2572 5075 ὅ,
2597 5007 2738 5080 Plin.
2773 5009 2866 5062 lib.
2897 5023 3081 5074 xxxiv,
3111 5025 3230 5080 cap.
3257 5013 3310 5066 5.
3342 5011 3598 5067 Fuit.—

2005 5080 2137 5135 Post
2174 5087 2487 5151 excerptum
2509 5150 2515 5151 ί
2529 5095 2596 5151 ex
2641 5079 2860 5146 Oresio,
2905 5080 2972 5134 de
3004 5079 3204 5151 Duilio,
3237 5082 3512 5151 subjungit
3543 5085 3598 5138 in

2004 5151 2238 5222 Speculo
2269 5149 2541 5222 llistoriali
2572 5151 2612 5204 l.
2641 5164 2694 5222 ς.
2733 5151 2979 5206 Vincent.
3004 5150 3209 5222 Bellov.
3238 5149 3351 5207 hzec
3376 5169 3390 5205 :
3416 5153 3599 5222 Hunc,

2006 5219 2159 5294 quem
2201 5232 2346 5276 vocat
2391 5219 2897 5295 OrosiusADuiliunt,
2929 5222 3050 5295 dicit
3084 5221 3414 5277 Helinandus
3443 5219 3604 5295 (seri;

2006 5291 2130 5365 ptor
2170 5301 2227 5349 et
2262 5291 2583 5365 compilator
2613 5291 2658 5347 is
2700 5293 2830 5350 vixit
2860 5292 3022 5365 paulo
3051 5302 3176 5347 ante
3202 5291 3606 5365 tempora'Vin-

2007 5361 2196 5435 centii)
2217 5361 2452 5435 eumdem
2470 5379 2600 5431 esse,
2625 5380 2769 5432 quem
2791 5361 2937 5418 vocat
2960 5361 3598 5435 llieronymus’Duellum,

2009 5437 2100 5494 lib.
2127 5453 2142 5508 ι
2167 5432 2348 5490 contra
2375 5432 2730 5489 Iovinianum.
2765 5435 2838 5508 De
2869 5435 3067 5508 Duillio
3097 5432 3182 5508 vel
3211 5434 3420 5508 Duellio
3446 5437 3605 5508 (quo-

2014 5507 2178 5565 modo
2203 5521 2348 5576 stupe
2376 5507 2432 5560 in
2464 5521 2595 5562 mss.
2629 5506 2812 5560 vocari
2842 5505 3111 5576 solet,_vel
3147 5505 3360 5572 Duello,
3392 5505 3608 5562 ut'llie-

2017 5573 2304 5650 rnnymus)
2346 5577 2418 5632 ib.
2469 5577 2588 5632 haec
2633 5577 2900 5650 habentur
2949 5618 2976 5650 ._
3005 5573 3256 5650 Duellus,
3307 5579 3401 5650 qui
3439 5579 3607 5648 primo

2021 5645 2199 5706 Roma:
2234 5645 2408 5704 nauali
2445 5649 2724 5703 certamine
2757 5645 3127 5720 triumphauit,
3168 5645 3326 5700 Iliam
3361 5645 3607 5720 virginem

2021 5723 2170 5776 duxit
2195 5737 2427 5785 uxorem,
2467 5727 2624 5774 tanta:
2659 5718 2939 5790 pudicitia,
2979 5727 3034 5790 ut
3071 5718 3162 5773 illo
3190 5736 3392 5790 quoque
3417 5718 3610 5775 sarculo

2023 5809 2118 5867 pro
2143 5793 2376 5866 exempto
2405 5792 2584 5866 fuerit,
2606 5806 2708 5864 quo
2728 5789 3052 5862 impudicitia
3079 5800 3361 5850 monstrant
3382 5802 3488 5850 erat
3509 5809 3614 5852 non

3013 5886 3095 5952 28
