4092 6346
611 272 718 332 879

1998 268 2204 327 PAULI
2246 267 2478 328 OROSll

3811 268 3922 329 880

610 389 750 446 viris
775 395 968 460 captus
995 393 1106 454 est,
1138 395 1216 456 et,
1263 385 1316 442 in
1356 393 1581 442 catenas
1611 381 1913 453 coniectus,
1942 383 1962 414 "
1990 382 2208 439 decimo
2235 391 2288 455 Α
2312 392 2395 440 ter
2418 387 2751 452 cruentequc
2784 381 2839 437 in
2888 379 3184 438 universos
3222 380 3363 453 egit,
3396 379 3541 452 quod
3569 379 3840 454 Regulum
3875 384 3920 416 ¹⁵

613 481 838 538 demum
854 495 997 537 anno
1017 479 1207 536 Punici
1226 478 1352 534 belli
1375 477 1610 532 nobilem
1633 475 1967 546 triumphum
1997 473 2216 530 Cartha-

622 575 966 646 giniensibus
991 571 1245 644 praebuit.
1267 573 1287 603 ⁸
1304 570 1650 640 Xanthippus
1667 613 1681 637 ,
1711 577 1818 623 tam
1843 567 2064 624 audacis
2089 567 2213 624 lacti

620 672 900 737 conscius,
947 684 1148 726 rerum.
1175 667 1339 740 239
1376 665 1707 721 instabilium
1753 664 2107 720 mutationem
2151 663 2217 718 ti-

617 775 809 827 mens,
846 761 993 816 illico
1039 775 1105 815 ex
1145 759 1323 826 Africa
1354 757 1608 828 migravit
1649 756 1700 812 in
1737 757 2022 813 Graeciam.
2046 755 2215 827 Igitur

619 854 881 910 jEmilius
904 852 1100 908 Paulus
1127 859 1183 908 et
1201 850 1423 906 Fulvius
1449 850 1696 905 Nobilior
1721 849 2002 917 consules,
2031 848 2216 904 audita

621 945 940 1016 captivitate
966 943 1159 1013 Reguli
1187 950 1241 997 ct
1263 940 1420 996 clade
1445 939 1722 996 exercitus
1748 939 2006 1005 Romani,
2040 949 2219 995 trans-

613 1041 694 1094 ire
712 1038 762 1090 in
783 1034 1021 1091 Africam
1043 1033 1063 1064 ⁹
1082 1048 1204 1089 cum
1224 1033 1399 1088 classe
1424 1041 1793 1088 trecentarum
1819 1032 2035 1086 navium
2054 1031 2210 1103 jussi,

613 1131 869 1199 Clupeam
894 1135 1109 1200 petunt.
1147 1125 1224 1182 Eo
1250 1126 1541 1183 confestim
1565 1125 2046 1197 Carthaginienses
2091 1141 2215 1182 cum

614 1222 731 1292 pari
758 1220 937 1276 classe
963 1227 1254 1285 venerunt,
1296 1233 1400 1274 nec
1425 1216 1635 1273 diti‘erri
1667 1218 1844 1288 potuit
1871 1217 2068 1274 navale
2092 1232 2215 1274 ccr-

613 1321 820 1368 tamen.
850 1311 1078 1367 Centum
1118 1319 1173 1366 et
1213 1319 1452 1381 quatuor
1478 1324 1644 1366 naves
1679 1309 2213 1381 Carthaginiensium

614 1407 910 1473 demersae,
942 1403 1160 1476 triginta
1198 1419 1322 1460 cum
1352 1404 1748 1476 pugnatoribus
1774 1413 1971 1475 captae,
2002 1404 2044 1435 ¹⁰
2073 1419 2212 1474 prte-

625 1510 773 1556 terea
819 1498 1036 1569 triginta
1082 1496 1321 1568 quinque
1416 1497 1584 1552 millia
1631 1497 1860 1552 militum
1892 1498 1934 1528 ¹¹
1976 1511 2040 1553 ex
2082 1495 2216 1567 ipsis

613 1607 756 1649 caesa
787 1597 916 1649 sunt
945 1591 1316 1646 Romanorum
1368 1600 1549 1644 autem
1600 1605 1793 1645 novem
1851 1591 2080 1646 navibus
2121 1590 2215 1647 de-

617 1685 843 1755 pressis,
872 1683 1023 1739 mille
1049 1679 1269 1738 centum
1287 1683 1503 1754 periere
1525 1682 1748 1738 milites.
1777 1680 2045 1739 Consules
2071 1683 2212 1754 apud

2322 476 2555 532 libenter
2581 475 2894 546 suscepisse
2933 473 3268 542 dicerentur,
3319 473 3467 531 mille
3495 475 3704 545 argenti
3741 476 3920 531 talen-

2321 569 2410 638 tis,
2452 577 2508 624 et
2531 567 2722 639 viginti
2755 566 2996 623 millibus
3031 567 3196 622 boum
3230 567 3474 637 reliquos
3515 568 3920 624 condemnavit.

2317 663 2598 732 Principes
2631 673 2809 717 autem
2842 661 3087 716 omnium
3117 661 3446 732 populorum
3480 660 3724 731 patibulo
3755 659 3920 733 240

2319 755 2544 812 sufﬁxit.
2578 754 2622 785 ¹⁶
2653 754 2837 810 Tertio
2868 769 3037 820 anno,
3071 753 3213 809 sicut
3255 768 3473 822 semper
3506 753 3807 809 indomitus
3843 755 3925 807 lu-

2319 863 2410 904 ror
2431 850 2540 904 cito
2568 844 2935 919 periculorum
2961 845 3325 914 obliviscitur,
3358 845 3628 902 Servilius
3655 846 3838 917 Cmpio
3869 855 3925 902 et

2319 941 2676 1012 Sempronius
2701 941 2907 996 Blaesus
2935 940 3214 1006 consules,
3245 940 3287 970 ⁸⁷
3314 955 3440 994 cum
3478 939 3735 996 ducentis
3762 953 3923 996 sexa-

2317 1033 2466 1106 ginta
2521 1033 2751 1090 navibus
2811 1033 2864 1089 in
2919 1032 3157 1089 Africam
3206 1033 3553 1103 transgressi,
3608 1033 3920 1089 universam

2317 1141 2471 1182 oram
2504 1126 2854 1192 maritimam,
2882 1140 3005 1196 quae
3028 1125 3174 1182 circa
3202 1123 3576 1197 Syrtesjacet,
3603 1124 3922 1196 depopulati

2317 1231 2444 1278 sunt
2476 1240 2488 1276 :
2515 1230 2675 1292 atque
2714 1221 2768 1276 in
2809 1219 3091 1292 superiora
3138 1221 3438 1291 progressi,
3465 1219 3646 1291 captis
3684 1221 3920 1276 eversis-

2316 1329 2424 1386 que
2449 1313 2766 1370 civitatibus
2797 1313 3070 1382 plurimis,
3094 1313 3384 1384 iingentem
3414 1312 3654 1383 praedam
3683 1313 3754 1369 ad
3779 1313 3919 1369 clas-

2315 1422 2432 1464 sem
2465 1407 2508 1440 ¹⁸
2543 1407 2902 1464 devexerant.
2955 1405 3112 1474 Inde,
3145 1404 3188 1438 ¹⁹
3216 1421 3343 1462 cum
3389 1405 3459 1462 ad
3499 1405 3716 1462 Italiam
3761 1405 3911 1462 redi-

2317 1509 2463 1567 rent,
2503 1500 2648 1556 circa
2679 1497 2918 1556 Palinuri
2945 1498 3399 1570 promontorium,
3431 1497 3576 1569 quod
3608 1514 3640 1554 a
3680 1498 3918 1555 Lucanis

2317 1593 2594 1648 montibus
2624 1593 2678 1647 in
2707 1591 2875 1648 altum
2920 1589 3187 1658 excurrit,
3219 1589 3349 1646 illisi
3392 1589 3654 1660 scopulis,
3694 1600 3916 1646 centum

2317 1684 2706 1755 quinquaginta
2733 1697 2902 1739 naves
2945 1683 3248 1747 onerarias,
3283 1681 3633 1753 nobilemque
3677 1682 3918 1753 prmdam

614 1775 876 1847 Clupeam
908 1783 1086 1830 castra
1129 1784 1451 1847 posuerunt.
1503 1775 1618 1829 Duo
1650 1774 1935 1843 Annoncs,
1979 1775 2213 1846 impcra-
2246 1783 2292 1843 B
2319 1777 2614 1834 crudeliter
2645 1777 2994 1848 acquisitam,
3035 1774 3331 1832 infeliciter
3361 1773 3738 1846 perdiderunt.
3774 1775 3918 1831 Vicit

613 1877 762 1924 tores
806 1867 1126 1934 Poenorum,
1173 1882 1240 1922 eo
1286 1882 1503 1922 rursum
1547 1883 1669 1922 cum
1715 1881 1910 1938 magno
1963 1868 2210 1924 exercitu

616 1969 1016 2026 convenerunt,
1070 1959 1368 2031 prmlioque
1425 1959 1745 2027 commisso,
1798 1976 1994 2016 novem
2044 1960 2212 2016 millia

616 2054 851 2110 militum
873 2053 1277 2124 perdiderunt.
1307 2053 1349 2084 “
1373 2052 1481 2108 Sed
1527 2061 1580 2109 et
1609 2061 1737 2108 tunc
1764 2053 1907 2124 apud
1937 2053 2212 2110 Romanos

616 2161 914 2216 numquam
946 2145 1200 2202 diuturna
1234 2144 1472 2200 felicitas
1507 2151 1650 2211 erat,
1697 2155 1752 2200 et
1789 2145 2212 2217 qualescumque

618 2253 908 2295 successus
935 2237 1150 2309 magnis
1174 2239 1438 2294 continuo
1465 2237 1732 2293 malorum
1757 2239 1994 2295 molibus
2022 2240 2216 2296 obrue-

617 2333 843 2389 bantur.
893 2333 1027 2388 Cum
1084 2332 1322 2387 Romana
1378 2332 1572 2388 classis
1627 2331 1694 2386 ad
1747 2331 1954 2387 Italiam
2017 2333 2213 2404 praedis

615 2435 816 2482 onusta
873 2433 1173 2494 remearet,
1233 2423 1456 2480 infando
1502 2423 1787 2494 naufragio
1840 2439 2028 2481 eversa
2078 2434 2204 2482 est:

613 2519 662 2551 ¹³
692 2534 819 2574 nam
861 2517 930 2574 de
978 2517 1237 2572 trecentis
1275 2515 1512 2571 navibus
1545 2518 1587 2546 ν’
1616 2515 1868 2571 ducenta:
1911 2525 1967 2572 et
2017 2516 2205 2587 viginti

607 2610 912 2680 perierunt,
945 2608 1231 2680 ,oet‘oginta
1260 2609 1349 2662 vix
1377 2607 1605 2677 abjectis
1648 2607 1912 2663 oneribus
1952 2608 2204 2665 liberatae

609 2707 758 2753 sunt.
792 2698 1057 2763 Amilcar,
1089 2696 1198 2752 dux
1235 2697 1552 2764 Poenorum,
1584 2712 1708 2753 cum
1735 2697 1979 2754 exercitu
2006 2699 2062 2753 in
2102 2699 2209 2755 Nu-

609 2789 832 2847 midiam
871 2789 1358 2861 Mauritaniamque
1399 2789 1622 2860 missus,
1659 2799 1950 2861 postquam
1998 2791 2211 2848 hostili-

2317 1869 2613 1940 aliquando
2652 1868 2792 1937 apud
2825 1868 3102 1924 Romanos
3139 1866 3604 1937 improbissimam
3649 1866 3920 1938 cupidita-

2315 1971 2423 2018 tem
2452 1960 2751 2018 enormitas
2777 1959 3124 2016 miseriarum
3153 1976 3168 2013 :
3194 1974 3320 2014 nam
3352 1957 3563 2030 Patres,
3587 1959 3786 2028 quibus
3802 1958 3916 2030 jam

2313 2054 2550 2110 nautica:
2593 2053 2672 2110 rei
2706 2047 2757 2084 ὐ
2783 2063 3079 2124 pertzesum
3130 2059 3300 2116 esset,
3347 2051 3643 2108 decrevere
3685 2066 3756 2107 ne
3797 2066 3918 2106 am-

2313 2147 2456 2217 plius
2485 2162 2651 2218 quam
2677 2147 2962 2219 sexaginta
3010 2143 3232 2200 navium
3279 2143 3473 2200 classis
3504 2143 3572 2200 ad
3612 2143 3920 2198 subsidium

2315 2239 2608 2295 haberetur
2636 2238 2824 2304 Italizie,
2872 2236 3016 2309 quod
3041 2235 3264 2309 quidem
3311 2235 3592 2293 decretum
3630 2235 3917 2302 continuo,

2311 2331 2489 2387 adacti
2539 2331 2807 2386 indomita
2855 2329 3174 2400 cupiditate,
3220 2338 3508 2400 ruperunt.
3555 2329 3596 2360 ²¹
3642 2327 3917 2384 Prteterea

2313 2423 2469 2478 Cotta
2495 2424 2685 2480 consul
2716 2423 2770 2478 in
2797 2421 3039 2478 Siciliam
3067 2431 3464 2493 transgressus,
3488 2421 3742 2492 plurimis
3774 2435 3922 2491 pra:-

2316 2515 2404 2572 liis
2433 2516 2727 2572 adversum
2758 2516 2960 2572 Poenos
2990 2524 3046 2572 et
3087 2515 3304 2572 Siculos
3347 2523 3493 2572 terra
3534 2514 3786 2586 marique
3815 2529 3918 2586 pu-

2314 2613 2523 2683 gnavit,
2557 2620 2613 2668 et
2645 2627 2744 2682 per
2776 2619 2947 2666 totam
2980 2609 3226 2666 Siciliam
3259 2609 3456 2679 partim
3494 2606 3763 2676 hostium,
3795 2622 3921 2679 par-

2315 2705 2413 2760 tim
2445 2705 2611 2760 etiam
2657 2704 2964 2772 sociorum,
2994 2708 3040 2739 “
3069 2702 3379 2758 inhumatas
3425 2712 3643 2772 strages
3672 2699 3917 2772 reliquit.

2317 2797 2380 2854 L.
2412 2795 2631 2855 Caecilio
2676 2797 2914 2868 Metello,
2948 2797 2995 2830 "
3023 2795 3085 2854 C.
3131 2796 3299 2853 Furio
3344 2795 3531 2854 Pacilo
3569 2795 3917 2865 consulibus,

1897 2956 2351 3020 [IAVERCAMPI
2389 2961 2617 3020 NOTIE.

605 3073 758 3145 gob.,
787 3072 898 3145 dua:
927 3072 1139 3145 nobilis,
1170 3080 1224 3128 et
1253 3072 1334 3128 sic
1364 3071 1776 3145 pleriquemss.

680 3147 737 3218 7.
777 3143 986 3198 Decimo
1035 3143 1242 3218 demum
1293 3161 1452 3218 anno.
1505 3143 1994 3218 Decimus__annus
2025 3145 2214 3218 _|mjus

612 3215 740 3270 belli
771 3218 870 3269 fuit
897 3223 1021 3284 post
1046 3217 1387 3269 consulatum
1421 3215 1610 3284 [leguli
1665 3224 1719 3270 et
1772 3215 1981 3282 Manlii,
2023 3215 2215 3272 Fulvio

607 3293 668 3342 et
697 3285 921 3341 jEmilio
961 3301 1133 3352 coss.,
1165 3301 1272 3355 quo
1299 3302 1444 3341 anno
1491 3286 1758 3355 Regulum
1805 3299 2022 3357 captum
2068 3297 2217 3345 recte

608 3368 766 3427 putat
795 3357 1068 3429 Sigonius.
1101 3357 1234 3412 Nam
1268 3365 1324 3414 et
1365 3357 1996 3429 Appianusdecaptivis
2024 3374 2212 3429 agens,

611 3432 700 3484 καὶ
744 3427 856 3502 μετ’
900 3429 1088 3517 οεύτῶεί,
1141 3427 1728 3517 ἱριιιιὶιἊᾷίστρατηγός
1757 3428 1986 3517 Ἀςςίλιος,
2017 3427 2217 3493 gnaro;

606 3497 847 3574 γεγοῦὠς,
879 3501 1210 3570 αἰχμαλωτὸς
1241 3497 1322 3560 ἦν.
1344 3497 1536 3554 Ciceri)
1569 3497 1751 3555 lalilell
1792 3502 1883 3556 lib.
1930 3517 1988 3556 ιιι
2033 3504 2102 3556 de
2125 3504 2215 3558 0f-

611 3572 702 3625 tic.
737 3571 810 3624 ita
848 3570 1082 3625 scribit:
1117 3568 1196 3623 Μ.
1233 3570 1418 3624 Atilius
1449 3568 1706 3641 Regulus,
1750 3587 1867 3626 cum
1893 3572 2075 3627 consul
2116 3575 2215 3628 ite-

610 3657 733 3695 rum
757 3642 810 3694 in
841 3641 1018 3707 Africa
1039 3657 1104 3696 ea:
1135 3641 1338 3696 insidiis
1364 3651 1542 3711 captus
1573 3649 1724 3706 esset,
1753 3651 1863 3699 etc.
1939 3643 2108 3699 FABR.

683 3711 1161 3786 8._Xantlrippns,
1233 3713 1618 3786 tantaudacis.
1681 3714 1757 3769 De
1798 3716 1998 3786 causis,
2049 3730 2217 3786 quare

612 3781 961 3858 Xanthippus
991 3785 1173 3858 subito
1224 3800 1290 3838 ex
1343 3783 1525 3858 Africa
1569 3784 1907 3858 discesserit,
1964 3781 2217 3858 Polybius

609 3853 892 3928 legendus,
943 3863 997 3909 et
1027 3855 1325 3928 Appianus.
1354 3855 1546 3928 ἙΑιιιι.
1577 3885 1646 3928 -έ
1688 3857 1994 3928 Polybium,
2055 3853 2216 3928 quem

611 3925 735 3980 vide
758 3925 855 3998 lib.
885 3941 924 3993 ι,
958 3939 1078 3998 cap.
1112 3925 1187 3998 567
1211 3925 1460 3996 sequitur
1487 3926 1735 3996 Orosius,
1768 3925 1998 3984 Romani
2028 3925 2213 3998 aliam,

616 4004 677 4050 ut
699 3996 1012 4069 probrosam
1041 3997 1247 4069 Pcenis,
1277 3998 1478 4067 passim
1503 4000 1677 4052 secuti
1708 4010 1834 4052 sunt
1860 3996 2214 4069 sententiam,

618 4081 784 4136 quam
813 4066 1060 4139 pluribus
1085 4067 1251 4123 refert
1280 4066 1516 4139 Appian.
1559 4069 1612 4122 in
1643 4069 1764 4124 init.
1792 4070 1860 4125 de
1903 4071 2019 4125 Bel.
2053 4066 2219 4126 Punié

613 4151 703 4206 co,
736 4148 900 4208 atque
928 4137 1013 4192 his
1035 4139 1215 4196 verbis
1257 4137 1604 4211 pet'Seqttitur
1648 4141 1818 4198 Silius
1849 4142 2071 4198 Italicus
2117 4143 2216 4199 lib.

613 4223 697 4265 vt.
731 4224 877 4264 vers.
906 4209 1012 4265 680
1038 4225 1052 4264 ε

609 4223 664 4263 vt
680 4250 697 4277 ,
731 4224 877 4264 vers.
906 4223 1012 4265 ϋδυ
1038 4225 1052 4264 :

675 4303 782 4368 ﬂeo
801 4317 898 4368 non
919 4305 1193 4368 projectum
1216 4308 1387 4368 puppi,
1414 4305 1694 4368 frustraque
1716 4316 1970 4361 vocantem

677 4364 1504 4432 ﬁumina{Aniycleum'mergebat
1529 4364 1713 4432 pet-"lida
1739 4381 1886 4432 ponto

675 4425 944 4494 Bectorem
964 4425 1156 4494 manus,
1184 4435 1235 4478 et
1257 4425 1387 4494 feras
1411 4425 1758 4492 tibi,'Regule',
1778 4446 1949 4494 pcenas

676 4486 990 4550 Xanthippus
1011 4489 1148 4551 digni
1172 4490 1418 4552 pendebat
1443 4493 1490 4541 in
1507 4486 1714 4555 aequore
1740 4486 1885 4545 lethi.
1909 4499 1970 4555 :3!

684 4571 744 4627 9.
787 4569 916 4625 Cum
947 4572 1109 4626 classe
1140 4582 1488 4628 trecentarum
1516 4577 1746 4632 navium.
1775 4576 1922 4633 Idem
1956 4594 2216 4637 numerus

616 4652 710 4720 est
735 4643 787 4698 in
817 4642 1104 4720 Eutropio,
1149 4643 1411 4716 Polybius
1441 4664 1452 4700 :
1481 4649 1754 4720 τριακόσια
1797 4654 1880 4707 καὶ
1909 4658 2219 4712 πεντήκοντα

621 4714 787 4788 σκάφη
817 4713 996 4788 b_abet.
1029 4715 1196 4770 Fann.

690 4783 775 4840 10.
822 4783 1104 4864 Pristerea,
1135 4787 1352 4864 triginta
1373 4789 1812 4864 guinque__millia.
1843 4792 1901 4846 In
1934 4793 2217 4864 impressis

613 4855 862 4924 Eutropii
897 4856 1051 4911 libris
1091 4867 1176 4912 est
1206 4855 1523 4924 Quindecim
1538 4862 1707 4916 millia
1733 4863 1964 4917 hostium
1994 4855 2086 4919 aut
2129 4881 2215 4918 oc-

618 4926 861 5005 ciditaut
891 4927 1043 4998 cepit.
1077 4929 1182 4984 Sed
1213 4944 1334 4984 cum
1369 4931 1424 4984 in
1468 4941 1658 4987 nostro
1686 4935 2062 5005 manuscripto
2092 4935 2165 4990 sit
2197 4955 2209 4991 :

617 5011 651 5052 v
673 4997 863 5077 millia,
891 4997 1362 5077 puto-numerum,
1389 5017 1498 5073 quo
1527 5005 1745 5076 triginta
1773 4997 2076 5077 significata
2103 5007 2216 5065 fue-

616 5077 771 5134 runt,
803 5069 1170 5127 intercidisse.
1214 5069 1382 5127 FABR.

684 5140 773 5194 11.
817 5138 903 5195 Ex
930 5141 1078 5211 ipsis.
1133 5143 1300 5198 Abest
1331 5145 1436 5200 hoc
1480 5145 1533 5200 in
1565 5153 1702 5202 vett.
1747 5147 1878 5205 edd.
1917 5157 2045 5205 ante
2085 5149 2213 5205 Bol-

608 5211 956 5294 sningianarn
1008 5222 1063 5267 et
1101 5213 1340 5294 Ilittorp.
1388 5215 1445 5270 lu
1491 5218 1687 5294 quibus
1717 5219 1850 5294 ipsis
1900 5221 2044 5277 male
2083 5237 2210 5278 mox

611 5282 942 5408 ἕξιῖἒὶιέῖιιδὶε
973 5298 1080 5354 pro
1102 5282 1382 5356 depressis,
1423 5282 1568 5359 quod
1735 5282 1887 5363 'Aug.
1918 5307 2041 5348 cum
2071 5308 2206 5351 mss.

610 5369 862 5409 exntnet.
1629 5401 1636 5412 .

683 5425 774 5479 12.
819 5425 928 5507 sed
968 5434 1016 5480 et
1045 5433 1186 5507 tunc.
1213 5427 1358 5507 μεθ.
1408 5443 1632 5507 omnes,
1671 5433 1764 5507 sed
1803 5443 1860 5488 ut
1890 5443 2037 5503 tunc,
2069 5444 2204 5505 etc.,

603 5509 800 5617 Zerpm
848 5505 961 5552 tum
989 5498 1170 5553 minor
1196 5498 1478 5558 distinctio
1507 5503 1635 5572 poni
1680 5504 1844 5561 debet
1870 5515 1995 5576 post
2021 5498 2208 5563 obrue;

639 5583 702 5617 an
731 5583 814 5617 ur.
1925 5596 1932 5603 ”

639 5575 814 5622 antur.
1873 5575 1883 5576 ’
1925 5596 1932 5603 -

678 5638 766 5693 15.
832 5637 974 5692 Nam
1026 5639 1089 5693 de
1132 5643 1385 5716 trecentis
1430 5644 1667 5716 navibus.
1717 5644 1947 5716 Eutrop.
2005 5648 2198 5714 aliter,

605 5706 775 5781 Tanta
806 5718 1087 5779 tempestas
1113 5713 1232 5781 fuit,
1279 5724 1336 5766 ut
1379 5730 1442 5768 ex
1475 5713 1583 5770 465
1621 5717 1856 5781 navibus,
1891 5706 1961 5775 80
2003 5706 2202 5776 servari

602 5779 690 5835 via:
733 5783 1014 5853 potuerint.
1047 5779 1140 5845 Sic
1181 5791 1235 5842 ct
1263 5783 1518 5856 Polybius
1544 5795 1643 5846 τῶν
1688 5791 1790 5869 γὰρ
1837 5779 2076 5862 ἐξήκοντος
2112 5797 2200 5861 nat

2240 4470 2296 4532 D

2241 3105 2286 3168 ε
2317 3082 2574 3168 τετιιςάξρων
2591 3079 2722 3168 πρρς
2742 3087 2851 3168 sai;
2865 3078 3406 3168 τριακξσίαιςτξιαυσίν,
3435 3075 3743 3151 ὀγδοήκοντα
3769 3075 3924 3149 μόνον

2321 3147 2515 3229 quasi?!)
2536 3147 2920 3229 gemmeam}
2948 3151 3140 3229 auitam.
3173 3147 3341 3229 Fasn.

2393 3223 2482 3278 14.
2524 3218 2775 3278 Du'centti:
2797 3230 2842 3276 et
2865 3218 3072 3292 viginti,
3091 3227 3197 3274 etc.
3223 3218 3392 3290 Lugd.
3413 3218 3555 3274 Batt.
3586 3233 3674 3289 pr.
3699 3227 3753 3273 et
3780 3227 3911 3273 tert.

2321 3306 2442 3348 cum
2503 3292 2644 3349 Coll.
2697 3293 2965 3359 Gronov.,
3025 3306 3201 3348 ccxxx
3251 3292 3537 3363 perierunt,
3587 3292 3923 3362 septuaginta

2317 3368 2424 3427 vix,
2451 3373 2560 3422 etc.

2319 3505 2362 3562 ϐ
2394 3436 2481 3492 15.
2524 3435 2787 3492 Libenter.
2821 3435 2991 3492 Abest
3014 3449 3044 3490 a
3067 3432 3280 3490 duobus
3308 3433 3483 3505 Lugd.
3514 3432 3657 3489 Batt.
3689 3441 3747 3489 et
3770 3432 3921 3489 Coll.

2372 3523 2562 3562 ronov.

2372 3523 2562 3564 FOHOV.

2392 3581 2480 3635 16.
2522 3578 2698 3636 Tertio
2719 3595 2878 3634 anno.
2905 3577 3130 3634 Orosius
3162 3576 3252 3633 hic
3273 3576 3410 3633 duos
3431 3590 3606 3632 annos
3637 3587 3920 3632 extremos

2322 3660 2703 3707 connumerat.
2739 3651 2871 3706 Nam
2914 3650 3056 3706 inter
3088 3648 3190 3705 hos
3218 3649 3469 3704 consules
3499 3663 3564 3704 ac
3601 3647 3920 3716 superiores

2322 3721 2575 3788 Paulum,
2620 3733 2675 3779 et
2700 3721 3062 3787 Nobiliorem,
3109 3735 3252 3776 unus
3291 3729 3498 3775 tantum
3538 3735 3714 3775 annus
3747 3719 3922 3775 inter-

2321 3791 2443 3849 fuit.
2480 3795 2555 3849 De
2598 3795 2763 3851 rebus
2793 3793 2862 3848 ab
2903 3792 2990 3848 his
3033 3807 3178 3848 coss.
3229 3791 3399 3863 gestis
3429 3791 3689 3862 Polybius
3726 3798 3782 3845 et
3816 3790 3898 3845 Eu

2323 3875 2465 3920 tron.
2496 3864 2663 3920 Fann.

2323 3875 2465 3932 trop.
2497 3875 2663 3921 b‘ann.

2393 3937 2483 3990 17.
2525 3937 2653 3992 Cum
2681 3937 2929 3992 ducentis.
2967 3934 3059 3992 Sic
3079 3949 3282 4006 repone
3308 3950 3376 3992 ex
3404 3933 3528 3991 cod.
3554 3933 3788 4004 August.
3819 3949 3925 4004 pro

2327 4007 2585 4072 ducentis,
2619 4007 2762 4078 quod
2795 4008 2847 4062 in
2877 4007 3103 4076 reliquis
3133 4015 3244 4062 est.

2396 4081 2486 4135 18.
2527 4075 2874 4135 Devexerunt.
2928 4075 3044 4150 Duo
3089 4094 3155 4133 ex
3201 4077 3371 4150 Lugd.
3423 4077 3569 4134 Batt.
3613 4091 3737 4132 cum
3771 4075 3922 4132 Coll.

2321 4149 2494 4206 Gron.
2526 4160 2580 4206 et
2610 4151 2698 4206 ed.
2728 4149 2894 4218 Ang.,
2922 4148 3266 4204 deduxerunt.
3291 4148 3306 4150 θ
3552 4217 3557 4218 ί
3739 4176 3742 4178 ν

2396 4223 2484 4278 19.
2527 4221 2656 4278 Cum
2681 4222 2750 4276 ad
2783 4220 3022 4277 Italiam.
3047 4221 3145 4276 Ed.
3179 4222 3345 4293 Aug.,
3378 4236 3496 4275 cum
3534 4217 3752 4276 Italiam
3783 4220 3932 4275 redi-

2321 4303 2450 4348 rent.

2393 4365 2486 4421 20.
2527 4364 2817 4422 Perttesum
2844 4373 2992 4421 esset.
3025 4363 3182 4435 Editi
3209 4377 3421 4430 omnes,
3446 4372 3649 4434 praeter
3684 4365 3927 4435 August.

2325 4447 2433 4490 erat
2454 4447 2838 4508 reposuerunt.
2871 4447 2928 4490 ut
2956 4437 3152 4508 melius
3173 4434 3363 4492 Latine
3392 4436 3628 4508 dictum,
3650 4434 3748 4508 sed
3779 4434 3924 4508 mss.

2322 4505 2861 4565 omnes—constanter
2908 4507 3163 4562 scribunt
3199 4517 3351 4574 esset,
3399 4505 3544 4578 quod
3581 4507 3650 4560 ab
3687 4505 3928 4573 Orosio,

2322 4579 2564 4649 ejusdem
2603 4581 2806 4637 saeculo
2835 4578 3137 4647 profectum
3171 4578 3410 4649 videtur.

2392 4651 2485 4706 21.
2527 4650 2788 4706 Prteterea
2811 4650 2959 4705 Cotta
2985 4649 3186 4705 consul.
3211 4648 3270 4705 C.
3309 4649 3565 4705 Aurelius
3593 4647 3748 4706 Cotta
3777 4662 3928 4703 con-

2321 4721 2402 4776 sul
2431 4737 2557 4778 cum
2587 4722 2646 4777 P.
2678 4723 2911 4780 Servilio
2957 4722 3190 4777 Gemino
3220 4719 3322 4775 fuit
3365 4735 3508 4776 anno
3537 4720 3690 4775 urbis
3716 4734 3770 4775 nl
3815 4736 3934 4788 quo

2319 4807 2446 4848 eum
2479 4795 2548 4850 de
2592 4793 2773 4850 Pmnis
2825 4803 2880 4848 et
2926 4793 3130 4849 Siculis
3173 4792 3540 4863 triumphasse
3595 4790 3934 4862 Capitolinis

2319 4864 2520 4921 tabulis
2559 4875 2645 4920 est
2671 4864 2964 4934 proditum.
3002 4863 3166 4919 ΡΑιιιι.
3239 4932 3246 4934 Α
3352 4932 3359 4934 Α
3583 4865 3586 4869 ’

2387 4935 2481 4992 2'2.
2524 4932 2835 4990 lnlminatas
2876 4944 3098 5007 strages.
3149 4932 3386 5007 Vulgati,
3431 4934 3748 5007 inhumanas
3781 4948 3808 5007 ξ
3838 4933 3932 4988 iu-

2318 5007 2554 5063 liumane
2581 5017 2757 5064 certe.
2791 5003 3460 5072 Laur.;—Compr0batur
3491 5020 3554 5060 ea
3587 5004 3750 5060 lectio
3779 5003 3928 5060 Lau-

2317 5078 2375 5150 tii
2407 5095 2511 5134 non
2539 5079 2701 5134 modo
2734 5078 2802 5132 iis
2842 5093 2975 5133 mss.
3008 5093 3074 5133 ex
3105 5076 3384 5150 quibusin
3411 5075 3537 5150 ed:~l_.
3570 5074 3831 5150 reliquis,
3862 5085 3933 5131 ut

2315 5148 2462 5205 Bois.
2488 5150 2720 5220 Hittorp.
2751 5158 2807 5206 et
2835 5164 2990 5221 seqq.
3021 5144 3409 5221 fuit'reposita,
3438 5146 3543 5221 sed‘
3558 5155 3613 5201 et
3641 5144 3929 5221 Florentt.

2315 5221 2496 5289 primo
2521 5232 2576 5278 et
2608 5218 2791 5288 tertio,
2827 5228 2882 5276 et
2909 5218 3034 5277 ineo
3075 5220 3290 5285 codice,
3320 5227 3381 5274 ut
3407 5228 3463 5275 et
3488 5218 3583 5273 illo
3607 5218 3698 5288 qui
3730 5233 3930 5287 quon-

2312 5291 2438 5348 dam
2468 5291 2746 5348 Perizonii
2775 5291 2894 5346 fuit.
2921 5292 3070 5347 Flor.
3100 5307 3210 5348 sec.
3253 5289 3418 5346 habet
3447 5291 3749 5344 innumeras
3781 5299 3937 5344 stra-

2311 5362 2607 5436 ges.Cotta
2631 5376 2765 5420 vero
2798 5363 3194 5436 proconsulare
3224 5361 3519 5436 imperium
3540 5373 3649 5436 _eo_
3679 5375 3836 5416 anno
3865 5361 3931 5416 in

2309 5430 2495 5490 Sicilia
2526 5430 3052 5490 habuisse‘videtur.
3089 5435 3204 5490 Vox
3240 5430 3396 5488 etiam
3437 5434 3492 5488 in
3524 5430 3740 5487 duobus
3776 5447 3928 5489 mss.

2311 5504 2487 5575 Lugd.
2521 5507 2663 5562 Batt.
2695 5521 2803 5561 non
2835 5506 3124 5562 invenitur.

2377 5573 2471 5634 23.
2517 5577 2679 5633 Furia
2709 5575 2915 5632 Pacilo.
2952 5576 3188 5644 Pacilus,
3214 5591 3323 5632 non
3354 5573 3610 5630 Placidus
3637 5573 3796 5630 Furii
3827 5590 3928 5632 co-

2307 5662 2545 5719 gnomen
2576 5658 2662 5706 est
2694 5649 2745 5702 in
2778 5647 2955 5706 Fastis
2984 5649 3158 5720 Capit.
3196 5662 3437 5720 quorum
3464 5647 3789 5720 auctoritas
3821 5662 3937 5702 no-

2307 5717 2391 5776 bis
2415 5721 2735 5792 gravissima
2764 5731 2869 5778 est.
2914 5721 2991 5779 De
3019 5717 3081 5779 re
3121 5735 3152 5778 a
3193 5717 3412 5778 Metello
3440 5727 3594 5792 gesta
3625 5717 3835 5790 Polyb.
3868 5729 3938 5777 et

2305 5791 2534 5866 Eutrop.
2567 5791 2738 5853 Fasn.
