4046 6344
268 311 366 372 881

1334 319 1809 383 lllSTORlARUM
1848 325 2055 386 LIBER
2095 328 2187 386 IV.
2227 331 2384 391 CAP.
2426 335 2494 391 X.

3468 349 3579 410 882

266 431 560 501 Asdrubal,
598 447 772 492 novus
801 433 1335 509 Carthaginiensium
1381 439 1702 512 imperator,
1737 459 1860 498 eum
1890 445 1944 508 Α
1967 455 2023 502 et
2053 447 2282 505 Manlius
2312 449 2480 507 Vulso
2505 450 2665 508 ambo
2695 452 2891 512 iterum
2918 457 3207 524 consules,
3235 471 3360 518 cum
3388 461 3570 522 classe

266 525 579 596 elephantis
608 538 830 584 centum
878 530 1102 600 triginta
1143 539 1199 586 et
1240 533 1483 601 equitum
1517 533 1869 607 peditumque

265 619 500 689 amplius
522 620 751 690 triginta
777 621 1039 688 millibus,
1062 622 1362 696 Lilybaeum
1387 627 1536 682 venit
1561 643 1625 682 es
1659 627 1864 699 Africa,

263 723 317 768 et
349 714 615 769 continuo
657 730 782 771 cum
826 715 1046 772 Metello
1088 720 1318 775 consule
1366 722 1507 792 apud
1541 721 1865 780 Panormum

1973 541 2329 599 ducentarum
2364 546 2580 602 navium
2613 557 2667 604 et
2688 552 3247 624 quatuorlegionibus
3273 556 3568 628 Lilybmum

1975 636 1996 666 ⁵
2027 637 2258 706 profecti
2303 649 2466 696 sunt:
2514 643 2660 711 quod
2701 645 2958 714 oppidum
3005 647 3059 702 in
3091 652 3468 718 promontorio
3497 655 3572 707 si-

1973 739 2110 798 tum,
2148 732 2310 806 252
2335 735 2561 790 Romani
2595 737 2849 795 obsidere
2889 742 3110 808 conati,
3153 745 3572 811 superveniente

261 824 498 880 pugnam
530 811 831 867 conseruit.
862 811 970 868 Sed
1019 811 1288 882 Metellus,
1323 815 1430 870 vim
1463 831 1715 887 magnam
1750 817 1868 872 bel-
1969 823 2278 892 Annibale,
2330 829 2421 897 qui
2472 828 2763 886 Amilcaris
2809 832 2954 888 filius
3003 834 3122 898 Fuit,
3167 837 3316 902 victi,
3355 839 3564 910 majore

258 905 478 958 luarum
510 905 734 969 timens,
768 905 920 974 prius
948 920 1064 972 eas,
1105 922 1304 978 magno
1333 923 1465 962 usus
1493 909 1746 975 consilio,
1778 909 1864 965 vcl

257 997 311 1051 in
339 996 547 1066 fugam,
583 997 668 1054 vel
697 997 752 1052 in
800 1008 1036 1053 mortem
1069 1000 1203 1069 egit,
1234 1010 1292 1057 et
1329 1001 1408 1058 sic
1435 1001 1596 1058 facile
1617 1002 1864 1072 quamvis

256 1105 512 1160 magnam
541 1091 652 1148 vim
681 1091 921 1147 hostium
957 1096 1256 1164 snperavit.
1290 1095 1490 1167 Viginti
1533 1097 1703 1152 millia
1733 1097 1861 1153 Car.

255 1187 683 1258 thaginiensium
735 1189 790 1244 in
839 1202 905 1244 eo
953 1190 1147 1258 ιιι-ωηο
1196 1205 1336 1246 caesa
1385 1202 1531 1259 sunt,
1579 1191 1858 1264 elephanti

251 1295 475 1351 quoque
526 1279 716 1352 viginti
763 1294 859 1336 sex
912 1279 1188 1337 interfecti
1241 1281 1402 1356 241
1445 1288 1490 1321 ³⁸
1534 1293 1752 1339 centum
1804 1293 1860 1340 et

248 1381 491 1442 quatuor
514 1371 681 1444 capti,
711 1382 765 1428 ct
806 1387 902 1442 per
931 1372 1139 1438 Italiam
1172 1373 1346 1444 ducti,
1374 1375 1671 1430 maximum
1704 1375 1854 1432 ltali-

247 1465 330 1519 cis
354 1465 614 1536 gentibus
635 1465 1006 1537 spectaculum
1031 1466 1400 1537 prazbuerunt.
1431 1467 1701 1524 Asdrubal
1727 1483 1850 1523 cum

247 1557 444 1628 paucis
494 1557 793 1628 Lilybreum
843 1558 1102 1631 profugit,
1152 1567 1316 1632 atque
1359 1560 1559 1617 absens
1599 1577 1629 1616 a
1669 1561 1853 1619 Panis

245 1653 449 1723 capitis
479 1651 768 1709 damnatus
797 1662 902 1709 est.

879 1743 1109 1802 CAPUT
1147 1745 1218 1801 Χ.

1967 918 2245 972 exercitus
2290 919 2373 974 sui
2424 930 2578 991 parte
2629 922 2874 993 perdita,
2914 925 3020 996 ipsi
3057 942 3203 997 aegre
3250 942 3562 987 evaserunt.

1967 1007 1989 1039 ⁸
2010 1009 2134 1063 Post
2187 1009 2287 1064 hos
2331 1009 2590 1068 Claudius
2639 1015 2875 1070 consul"
2899 1031 3022 1072 cum
3061 1018 3236 1075 classe
3263 1030 3483 1078 centum
3507 1034 3567 1080 et

1964 1101 2153 1173 viginti
2205 1103 2422 1159 navium
2469 1106 2537 1161 ad
2577 1106 2808 1178 Drepani
2836 1111 3096 1179 portum8
3125 1120 3317 1168 contra
3346 1113 3562 1172 hostem

1963 1195 2242 1264 profectus
2266 1239 2282 1261 ,
2313 1197 2501 1268 ibique
2548 1214 2670 1254 mox
2726 1211 2988 1270 exceptus
3029 1204 3208 1261 classe
3239 1205 3559 1276 Pomorum,

1961 1299 2252 1360 superatus
2281 1300 2384 1346 est.
2419 1291 2488 1348 Et
2517 1293 2634 1362 ipse
2660 1295 2880 1365 quidem
2914 1312 3036 1352 cum
3073 1299 3292 1371 triginta
3334 1302 3561 1360 navibus

1961 1382 2259 1457 Lilybaeum
2294 1386 2344 1440 in
2377 1395 2554 1442 castra
2583 1391 2603 1420 ο
2633 1388 2881 1460 confugit
2907 1407 2920 1446 :
2944 1391 3166 1462 reliqua.-
3192 1409 3384 1450 omnes
3406 1436 3422 1460 ,
3451 1394 3559 1452 hoc

1959 1485 2044 1532 est
2093 1479 2411 1547 nonaginta,
2455 1487 2548 1534 aut
2599 1488 2803 1550 captaa,
2856 1491 2948 1536 aut
2989 1483 3251 1540 demersa:
3297 1487 3553 1543 fuerunt:

1957 1575 2084 1623 octo
2114 1569 2283 1625 millia
2325 1570 2558 1626 militum
2590 1587 2730 1628 caesa
2753 1614 2767 1639 ,
2798 1573 2987 1643 viginti
3023 1575 3192 1630 millia
3225 1587 3381 1648 capta
3411 1581 3559 1636 refer

1957 1668 2172 1716 runtur.
2205 1660 2365 1716 Caius
2393 1677 2609 1734 quoque
2636 1665 2832 1719 Junius
2859 1708 2872 1729 ,
2902 1666 3108 1737 collega
3141 1665 3352 1723 Claudii
3380 1712 3396 1738 ,
3427 1669 3523 1728 nni

1955 1765 2171 1807 versam
2223 1753 2452 1810 classem
2506 1754 2789 1824 naufragio
2832 1757 3050 1814 amisit:
3099 1759 3141 1791 ¹⁰
3171 1760 3330 1815 Anno
3377 1763 3529 1818 etiau

245 1859 407 1927 Quod
439 1857 590 1915 Poeni
635 1877 764 1933 pace
803 1860 900 1914 sibi
947 1870 1136 1933 negata
1172 1861 1428 1931 Regulum
1464 1863 1742 1918 crudeliter
1769 1864 1845 1919 in-

1957 1846 1998 1880 “
2031 1848 2412 1917 consequenti,
2454 1850 2648 1904 classis
2693 1850 2899 1906 Punica
2950 1852 3004 1906 in
3055 1853 3267 1909 Italiam
3312 1857 3551 1930 transiit,

321 1931 644 1986 teremerint.‘
689 1931 971 2005 Romanos
1014 1931 1198 2004 parum
1237 1935 1458 2005 feliciter
1508 1936 1561 1988 in
1612 1936 1849 1991 Siciliam

314 2005 475 2059 semel
502 2015 653 2074 atque
679 2003 863 2058 iterum
895 2013 1207 2076 pugnantes,
1239 2003 1450 2061 tandem
1480 2007 1684 2064 vicisse.

315 2118 447 2176 Post
473 2119 613 2183 lucc,
651 2118 781 2175 fessi
811 2128 890 2175 tot
927 2119 1083 2174 malis
1123 2118 1623 2191 Carthaginienses,
1657 2131 1844 2194 peten-

241 2211 370 2266 dam
394 2227 519 2268 esse
538 2227 568 2267 a
592 2211 854 2268 Romanis
879 2227 1068 2283 pacem
1098 2213 1484 2271 decreverunt.
1518 2216 1534 2248 ¹
1565 2216 1646 2272 Ad
1676 2233 1838 2288 quam

236 2325 358 2366 rem
409 2309 636 2366 Atilium
683 2311 952 2382 Regulum
995 2322 1156 2368 antea
1209 2310 1405 2367 ducem
1454 2311 1475 2342 ³
1512 2309 1839 2379 Romanum,

236 2419 408 2474 quem
441 2403 552 2474 jam
583 2419 684 2475 per
710 2405 951 2476 quinque
986 2419 1157 2460 annos
1195 2403 1467 2474 captivum
1499 2400 1836 2471 detinebant,

240 2497 390 2552 inter
421 2507 652 2554 czcteros
691 2497 908 2569 legatos
946 2499 1217 2569 prmcipue
1261 2495 1584 2553 mittendum
1617 2505 1842 2567 putave-

237 2600 374 2646 runt
405 2604 603 2661 :quem
631 2632 646 2656 ,
693 2605 802 2646 non
848 2589 1138 2661 impetrata
1187 2603 1348 2660 pace,
1377 2587 1445 2644 ab
1477 2587 1626 2642 Italia
1655 2602 1840 2643 rever-

237 2698 388 2748 snm,
414 2682 435 2714 ³
465 2683 692 2739 resectis
732 2682 1002 2755 palpebris
1025 2725 1041 2752 ,
1071 2683 1336 2753 illigatum
1367 2683 1418 2737 in
1444 2680 1720 2750 machina,
1753 2682 1839 2736 vi-

236 2776 461 2850 gilando
505 2788 858 2835 necaverunt.
881 2778 902 2810 ⁶
925 2777 1078 2835 Alter
1113 2776 1309 2834 deinde
1352 2777 1550 2834 Atilius
1577 2775 1836 2847 Regulus,

1952 1939 2180 2010 ejusque
2212 1940 2472 2009 plurimas
2511 1949 2694 2010 partes
2725 1942 2883 2012 longe
2919 1944 3134 2014 lateque
3164 1947 3419 2002 vastavit.
3465 1949 3544 2003 ln-

1954 2043 2102 2089 terea
2127 2035 2170 2066 ¹²
2202 2033 2449 2089 Lutatius
2479 2049 2600 2090 cum
2645 2035 2821 2092 classe
2845 2045 3214 2093 trecentarum
3243 2039 3460 2094 navium
3489 2041 3544 2096 iu

1951 2125 2194 2184 Siciliam
2241 2136 2582 2184 transvectus
2607 2169 2622 2195 ,
2672 2128 2800 2184 dum
2841 2129 2983 2200 apud
3022 2130 3332 2201 Drepanum
3361 2132 3552 2188 civita-

1949 2225 2060 2274 tem
2094 2234 2327 2289 pugnam
2361 2219 2404 2251 “
2434 2220 2577 2276 inter
2609 2223 2876 2292 primores
2900 2223 3028 2289 ciet,
3052 2224 3312 2279 transfixo
3340 2226 3549 2281 femore

1948 2311 2267 2384 aegerrime,
2300 2325 2426 2368 cum
2466 2313 2576 2382 jam
2609 2314 2958 2382 obrueretur,
2986 2327 3208 2387 ereptus
3238 2327 3343 2374 est.
3377 2319 3549 2375 Porro

1943 2414 2128 2460 autem
2160 2403 2314 2460 Pani
2361 2419 2483 2459 cum
2514 2405 2927 2477 quadringentis
2960 2408 3194 2464 navibus
3222 2409 3545 2481 magnisque

1946 2497 2119 2568 copiis
2149 2495 2216 2550 ad
2245 2495 2520 2564 Siciliam,
2570 2497 2713 2554 duce
2742 2503 2994 2564 Annone.
3028 2512 3382 2558 concurrunt.
3435 2503 3548 2559 Nec

1947 2591 2196 2648 Lutatius
2221 2591 2460 2661 segnior,
2495 2593 2662 2647 immo
2689 2593 2919 2648 consilia
2943 2594 3234 2651 Poenorum
3263 2598 3544 2653 celeritate

1946 2687 2082 2740 mira
2109 2684 2393 2756 pravenit.
2446 2684 2609 2758 243
2651 2685 2942 2756 Postquam
2974 2690 3222 2758 proxime
3257 2689 3363 2745 sibi
3394 2699 3539 2745 utro‘

1947 2791 2180 2846 rumque
2227 2776 2434 2833 classes
2459 2776 2502 2808 ”
2525 2777 2668 2847 apud
2715 2777 2942 2850 Egates
2965 2777 3219 2846 insulam,
3249 2797 3349 2852 per
3376 2790 3541 2836 totam

1526 2887 1980 2944 IlAVERCAMPl
2017 2885 2252 2943 NOTAE.

316 3005 412 3059 24.
454 3004 671 3060 Centum
711 3014 760 3061 et
801 3013 1024 3071 quatuor
1066 3004 1204 3076 capti
1235 3011 1290 3076 et
1311 3019 1402 3073 per
1427 3003 1646 3076 Italiam
1671 3004 1835 3076 ducti.

240 3077 303 3133 In
339 3077 600 3144 Eutropio
628 3085 714 3133 est
739 3119 754 3137 .
805 3077 1072 3132 Metellum
1125 3073 1216 3148 per
1260 3073 1476 3148 Italiam
1501 3075 1714 3148 duxisse
1739 3075 1839 3148 ele-

241 3148 467 3214 phantos
509 3149 634 3204 150.
674 3149 812 3204 Plin.
851 3149 947 3203 lib.
980 3164 1099 3215 vttt,
1126 3145 1183 3202 c.
1215 3147 1250 3202 6
1278 3146 1468 3202 scribit
1496 3145 1760 3200 Metellum
1785 3146 1839 3200 in

1945 3003 2082 3058 mari
2107 3003 2276 3078 verba
2304 3003 2524 3078 debere,
2556 3012 2736 3058 contra
2762 3005 2960 3060 hostem
2989 3007 3274 3078 profectus,
3307 3008 3394 3061 ubi
3423 3011 3545 3064 mea:

1945 3082 2188 3148 exceptus
2201 3075 2361 3130 classe
2378 3074 2673 3148 Paenorumn
2686 3087 2734 3130 et
2756 3074 3054 3148 superatus,
3081 3074 3194 3148 ipse
3205 3079 3410 3147 quidem
3432 3090 3540 3136 etc.

1946 3145 2053 3200 Pro
2082 3154 2326 3213 exceptus
2355 3148 2408 3202 in
2441 3146 2616 3220 Lugd.
2645 3146 2789 3204 Batt.
2820 3145 2998 3204 tribus
3029 3158 3086 3205 et
3106 3145 3263 3206 'Col'l.
3293 3151 3538 3207 Gronov.

239 3221 461 3274 Italiam
491 3221 837 3274 lransvexisse
860 3219 983 3274 142.
1020 3214 1092 3273 At
1113 3220 1165 3273 in
1199 3219 1484 3289 Epitoma,
1521 3217 1616 3272 lib.
1648 3233 1740 3272 XIX
1771 3217 1835 3272 le-
1867 3214 1914 3280 C
1944 3227 2032 3289 est
2055 3226 2315 3289 acceptus.

239 3289 727 3362 gimusinMetelli
761 3291 1035 3361 triumpho
1065 3290 1411 3362 dnctusl‘20.
1444 3288 1608 3362 Hann.

316 3361 448 3434 Car:
477 3361 546 3434 X.
567 3365 719 3434 —-rl.
756 3361 836 3415 Ad
860 3359 1015 3434 quam
1043 3377 1148 3416 rem
1181 3360 1413 3434 Atilium.
1471 3359 1638 3434 Victis
1667 3374 1696 3414 a
1729 3359 1864 3414 Me-'

246 3435 380 3489 tello
404 3430 972 3503 Carthaginiensibus.
993 3433 1231 3502 Regulus
1251 3432 1476 3503 Romam
1498 3430 1564 3485 ad
1589 3441 1837 3503 senatum

241 3507 447 3558 missus
471 3500 707 3574 iuratus,
735 3514 791 3559 et
819 3507 1066 3574 captivos
1079 3500 1402 3558 reddendos
1433 3503 1683 3574 negavit,
1710 3500 1841 3556 Car-

251 3572 639 3646 tliagine’mque
659 3576 726 3632 ad
752 3572 1075 3646 suptilicium
1105 3574 1267 3630 rediit
1293 3616 1307 3638 ,
1335 3589 1447 3646 qua,
1470 3574 1538 3646 de
1566 3589 1626 3646 re
1655 3572 1839 3640 dispu-

239 3657 322 3701 tat
351 3646 471 3702 Cic.
508 3643 602 3702 lib.
639 3663 695 3702 ιιι
721 3647 788 3701 de
819 3645 974 3702 Oilic.
1023 3646 1314 3716 multisque
1359 3644 1482 3716 aliis
1527 3643 1658 3698 locis
1690 3660 1838 3698 men.

242 3722 452 3772 linncm
487 3717 632 3773 facit.
674 3718 812 3774 Vide
862 3717 1074 3773 Livium
1114 3715 1208 3773 lib.
1229 3714 1392 3781 ᾰνιιι,
1427 3714 1748 3781 Eulropium
1777 3730 1835 3781 ll,

240 3789 530 3861 Valerium
565 3804 581 3844 ι
613 3805 731 3861 cap.
760 3793 819 3857 l,
856 3789 994 3861 Gell.
1043 3804 1094 3844 vt
1143 3803 1265 3861 cap.
1293 3790 1350 3854 4,
1384 3787 1570 3842 llorat.
1607 3787 1728 3840 libr.
1759 3801 1838 3855 Ill,

238 3862 430 3916 Carm.
465 3859 569 3914 oda
601 3861 658 3924 5,
680 3859 882 3916 'Silinm
913 3860 1007 3914 lib.
1033 3876 1109 3915 vr.
1145 3859 1310 3915 FABR.

315 3934 377 3987 ‘2.
419 3931 736 3987 Romanum.
771 3931 873 3988 Ed.
905 3933 1159 3995 August.,
1197 3931 1566 3985 Romanorum.

315 4004 371 4058 5.
415 4003 644 4058 Iiescctis
663 4004 945 4074 palpebris.
975 3999 1148 4057 Verba
1174 4013 1301 4057 sunt
1323 4001 1597 4074 Ciceronis
1621 3999 1688 4054 de
1708 4013 1839 4074 sup-

242 4073 410 4141 p‘icio
464 4071 672 4143 Reguli
705 4071 764 4129 in
802 4083 941 4129 orat.
990 4074 1042 4128 in
1095 4075 1370 4128 Pisonem.
1421 4071 1572 4139 Quod
1607 4087 1737 4126 vero
1766 4072 1838 4143 bl.

239 4146 456 4218 Tullius
503 4142 589 4218 ait,
613 4144 879 4218 Regulum
924 4145 976 4199 in
1029 4144 1276 4199 machina
1311 4158 1431 4218 esse
1467 4151 1751 4218 necatum,
1789 4142 1841 4197 id

239 4217 523 4286 Appianus
549 4217 628 4272 sic
657 4213 930 4287 eipressit
955 4261 967 4281 ,
997 4220 1082 4273 καὶ
1105 4218 1254 4272 αὐτὸν
1298 4216 1344 4290 oi
1386 4213 1718 4290 uapzndégtoi
1756 4237 1842 4269 κα-

241 4284 529 4414 Οεῖρξῗντες
554 4289 601 4342 ἐν
621 4284 882 4365 Valide/pq:
910 4290 1092 4366 κέντρα
1125 4289 1368 4344 πάντοθεν
1403 4284 1604 4357 ἐχόῦσῃ
1635 4284 1844 4359 διέςνθει⁴

245 4382 360 4414 ραν.
439 4375 560 4414 ABR.

279 4385 360 4416 αν.
391 4375 560 4414 I‘ABR.

241 4382 563 4486 ἡλικίῧὲ
594 4429 782 4485 deinde
807 4431 1000 4502 Atilius
1035 4431 1285 4502 Regulus.
1335 4429 1399 4485 C.
1439 4426 1844 4502 Alilius_Regu-

244 4503 329 4556 Ius
379 4511 434 4557 et
491 4501 556 4557 L.
606 4503 833 4557 Manlius
877 4501 1045 4558 Vulso
1090 4496 1344 4557 consules
1387 4502 1584 4554 iterum
1625 4496 1844 4554 iucrUnt

243 4589 390 4628 anno
420 4587 538 4629 nm.
588 4571 792 4628 llorum
839 4574 1125 4629 consulum
1158 4575 1380 4628 nomina
1417 4572 1468 4625 in
1504 4585 1624 4625 meo
1651 4585 1840 4624 manu-

246 4647 459 4714 scripto
487 4643 708 4700 Iustino
738 4646 859 4700 libr.
896 4660 986 4699 xu
1020 4647 1224 4713 integra
1259 4642 1537 4714 sunt,_nisi
1569 4643 1711 4708 quod
1741 4657 1839 4714 pro

251 4712 488 4770 Vulsone
515 4729 667 4771 more
702 4717 926 4786 antiquo
955 4712 1214 4786 scriptum
1240 4727 1322 4770 est
1347 4755 1362 4780 ,
1399 4712 1624 4786 Bnlsouc
1649 4727 1668 4766 :
1697 4712 1840 4786 unde

243 4788 299 4842 in
330 4788 567 4857 vulgatis
618 4786 816 4842 factum
840 4783 945 4842 'est
977 4785 1188 4839 Pisone.
1245 4787 1322 4842 Ea
1351 4799 1475 4854 qua:
1505 4783 1841 4857 bi_eonsules

243 4873 370 4912 cum
395 4855 580 4914 Phanis
606 4867 914 4929 gesserunt,
945 4858 1129 4914 multis
1151 4858 1328 4914 verbis
1347 4864 1532 4911 narrat
1559 4855 1838 4927 Polybius.

244 4930 415 4986 Fanu.

323 5004 378 5057 5.
421 5000 655 5072 Profecti
696 5009 838 5058 sunt.
885 5000 944 5055 ln
995 5000 1112 5054 solo
1156 5001 1280 5056 cod.
1311 5012 1458 5072 Ameo
1507 5004 1842 5069 postremum

250 5073 477 5143 verbum
513 5070 756 5143 apparet,
788 5088 819 5127 a
849 5072 1084 5143 reliquis
1110 5087 1240 5128 mss.
1276 5070 1452 5143 abest.

325 5145 380 5200 6.
427 5137 672 5199 Post-llos
702 5137 1199 5199 Claudius-consul.
1251 5142 1348 5198 Hic
1386 5150 1467 5197 est
1499 5141 1557 5194 Γ.
1589 5137 1846 5194 Claudius

254 5214 358 5285 Ap.
387 5215 456 5272 F.
483 5216 578 5285 qui
603 5257 618 5281 ,
663 5230 788 5271 cum
815 5230 974 5271 cavea
1008 5215 1218 5270 liberati
1252 5211 1384 5284 pulli
1407 5227 1521 5285 _nou
1552 5225 1842 5282 pasceren-

257 5283 366 5353 tur,
400 5283 573 5357 mergi
620 5300 716 5342 eos
759 5287 814 5342 in
863 5300 1058 5356 aquam
1085 5283 1288 5356 jussit,
1321 5294 1380 5340 ut
1406 5283 1680 5357 biberent,
1710 5297 1847 5353 quo-

255 5359 400 5413 niam
426 5354 549 5414 essé
575 5357 808 5414 nollent.
849 5354 963 5413 Cic.
999 5354 1098 5413 lib.
1126 5373 1163 5412 ll
1189 5357 1256 5412 de
1281 5357 1470 5412 Natur.
1501 5354 1668 5411 Fann.

326 5432 376 5484 7.
421 5429 552 5484 Cum
580 5429 743 5486 classe
771 5439 976 5484 centum
1002 5439 1049 5483 ct
1078 5429 1259 5501 viginti
1301 5428 1530 5501 navium.
1586 5427 1680 5482 His
1732 5436 1847 5482 tres

252 5503 404 5627 gddit
453 5501 754 5573 Polybius,
802 5501 895 5572 qui
944 5500 1162 5556 omnem
1211 5515 1326 5556 rem
1371 5500 1591 5569 copiose
1635 5507 1842 5554 narrat.

295 5591 416 5627 ABR.

295 5591 416 5629 ABR.

324 5646 379 5701 8.
424 5645 620 5700 Contra
649 5643 846 5699 hostem
887 5644 1167 5715 profectus.
1191 5714 1202 5715 ί
1227 5641 1284 5698 In
1314 5640 1848 5715 cod._meo_additur

255 5725 350 5770 est.
381 5717 517 5772 Dein
547 5732 645 5788 pro
669 5715 838 5784 ibique
859 5711 998 5781 mox,
1029 5716 1151 5770 cod.
1182 5714 1434 5772 Perizon.
1459 5711 1678 5788 legitibi
1701 5729 1844 5788 mons,

253 5798 305 5842 at
335 5781 774 5865 reliqui'omncs
819 5787 905 5842 ubi
928 5802 1049 5841 mox
1073 5828 1088 5850 ,
1140 5801 1370 5865 quorum
1417 5796 1613 5865 magna
1645 5781 1847 5865 deinde

255 5875 375 5929 pars
399 5857 546 5918 delet
576 5867 652 5916 est
697 5868 823 5930 post
860 5867 1130 5928 superatus
1148 5857 1170 5926 ξ
1217 5857 1360 5915 unde
1410 5864 1537 5928 puto
1563 5857 1642 5912 sic
1672 5857 1846 5912 reton-

2014 3288 2066 3343 9.
2111 3288 2397 3366 Confuqil._
2431 3288 2618 3366 Meus,
2671 3291 2924 3363 profugit,
2978 3300 3044 3366 et_
3075 3306 3203 3346 mox
3230 3309 3410 3348 mersa
3439 3310 3540 3366 pro

1941 3360 2338 3436 εἰριηριίδαιζΕἰΙ.
2372 3360 2509 3430 Aug.
2559 3360 2808 3418 demersa:
2832 3360 2982 3418 sunt.
3018 3363 3126 3418 Pro
3157 3360 3455 3436 referuntur
3483 3366 3538 3422 in

1942 3430 2063 3485 Meo
2093 3432 2348 3502 feruntur.

2017 3502 2104 3557 10.
2138 3503 2482 3574 γᾼηηονειὶαηι
2526 3505 2869 3574 consequenti.
2925 3504 3050 3560 llaec
3092 3521 3120 3559 a
3157 3505 3396 3562 Diacono
3426 3507 3552 3563 Eu-'

1943 3573 2375 3697 :ropii‘historize
2414 3575 2619 3630 inserto
2646 3573 2744 3646 pro
2776 3574 3125 3646 Eutropianis
3158 3577 3317 3647 vulgo
3350 3579 3539 3650 legun-

1969 3659 2051 3697 lll‘.
2134 3660 2255 3697 ABR.
2360 3666 2366 3673 '

1943 3651 2051 3698 tur.
2087 3644 2255 3699 Fann.
2360 3666 2366 3673 ·

2013 3715 2102 3768 Η.
2146 3713 2510 3784 Consequenti.
2565 3717 2701 3773 Tres
2742 3732 2810 3772 ex
2855 3717 3029 3789 Lugd.
3061 3719 3208 3774 Batl.
3241 3733 3364 3775 eum
3397 3718 3538 3777 Coll.

1941 3783 2207 3852 Gronov.,
2239 3791 2487 3855 sequenti.

2015 3856 2110 3910 12.
2152 3855 2394 3911 Lutatius
2440 3876 2558 3914 cum
2597 3858 2766 3913 classe
2805 3868 3144 3914 trecentarum
3189 3860 3418 3916 navium.
3469 3861 3536 3917 C.

1949 3926 2197 3982 Lutatius
2228 3929 2451 3983 Catulus
2491 3945 2606 3986 cos.
2649 3945 2770 3983 eum
2797 3931 2862 3985 A.
2898 3929 3176 3984 Postumio
3210 3931 3408 3986 Albino
3436 3931 3540 3987 fuit

1949 4013 2096 4052 anno
2137 3999 2206 4052 ab
2237 3999 2332 4054 [ἰ.
2383 4016 2508 4055 con.
2552 4011 2660 4056 nvi.
2693 4000 2941 4055 Catulum
2967 4016 3087 4055 cum
3123 4002 3284 4056 classe
3314 4003 3418 4058 300
3445 4020 3540 4056 na-

1948 4071 2084 4123 vium
2119 4079 2462 4124 transvectum
2494 4089 2557 4125 ex
2595 4073 2820 4127 telttstis
2851 4072 3003 4126 libris
3030 4073 3345 4136 scripsimus
3367 4114 3384 4139 ,
3415 4088 3539 4129 cum

1948 4141 2111 4209 vulgo
2141 4142 2207 4194 sit
2250 4143 2430 4196 classis
2468 4144 2575 4199 ΞΟΟ
2603 4145 2830 4195 uarium.
2884 4142 3176 4210 EutrOpius
3201 4159 3416 4212 qttoque
3441 4160 3542 4198 au-

1945 4221 2069 4284 ctor
2099 4220 2204 4284 est,
2231 4212 2480 4284 Catulum
2513 4230 2636 4268 cum
2666 4213 2770 4268 500
2802 4212 3031 4268 navibus
3057 4211 3109 4268 in
3141 4211 3376 4269 Siciliam
3403 4231 3506 4284 pm

1947 4282 2150 4356 fectum
2183 4282 2376 4356 fuisse.
2433 4285 2620 4356 Neque
2660 4301 2790 4340 vero
2830 4284 3021 4337 adduci
3084 4299 3300 4356 possunt
3329 4282 3512 4340 ut'crt.

1945 4353 2067 4408 dam
2122 4355 2376 4424 populum
2425 4355 2490 4411 R.
2533 4353 2741 4425 praeter
2785 4355 2893 4410 200
2941 4357 3062 4409 illas
3093 4355 3539 4423 quinqueremes,

1945 4441 2082 4498 quas
2123 4440 2150 4480 a
2199 4427 2423 4495 privatis
2471 4429 2770 4482 mdilicatas
2816 4426 3007 4480 scribit
3039 4426 3295 4498 Polybius
3320 4469 3334 4494 ,
3367 4428 3541 4482 nullas

1947 4495 2080 4550 alias
2115 4513 2279 4568 naves
2311 4499 2557 4568 publicas
2588 4499 2866 4554 habuisse.
2901 4498 3068 4552 Fann.
3139 4495 3151 4498 ’
3378 4531 3384 4539 ι

2021 4569 2111 4623 15.
2152 4567 2304 4639 Inter
2336 4573 2584 4639 primores
2610 4572 2726 4626 ciet.
2782 4571 2856 4624 Ita
2885 4569 3234 4638 reposuimus
3261 4583 3328 4624 ex
3353 4579 3545 4625 aucto-

1869 4624 1923 4685 D
1948 4638 2107 4694 ritate
2135 4637 2269 4694 Cod.
2302 4624 2546 4710 L'ongob.
2568 4681 2583 4703 ,
2619 4624 3057 4710 VastipuIanti'bus
3092 4656 3309 4710 quoque
3335 4624 3444 4696 sec.
3483 4654 3540 4697 et

1947 4711 2107 4765 tertio
2135 4711 2404 4782 Florentt.
2446 4713 2502 4767 In
2541 4712 2790 4782 vulgatis
2835 4711 3029 4779 legitur
3055 4711 3240 4780 inepte
3265 4713 3395 4765 inter
3426 4715 3536 4782 pri-

1948 4797 2114 4836 mores
2143 4781 2343 4836 Sicilia:
2367 4785 2542 4838 cieret.
2570 4781 2833 4836 Videlicet
2858 4797 2922 4835 ex
2953 4783 3077 4848 ciet,
3102 4783 3186 4837 vel
3215 4782 3392 4847 cieret,
3417 4781 3545 4838 nata

1948 4853 2162 4907 videtur
2189 4856 2337 4906 varia
2369 4854 2532 4908 lectio
2559 4853 2760 4908 Sicilire
2783 4853 2836 4904 in
2859 4853 3178 4917 quibusdam
3203 4867 3360 4919 mss.,
3383 4863 3546 4922 atque

1952 4922 2080 4977 inde
2112 4932 2342 4991 utraque
2387 4926 2545 4978 lectio
2579 4923 2742 4977 fuisse
2773 4924 3084 4986 conjuncta.
3139 4924 3205 4977 Et
3235 4923 3364 4978 hinc
3389 4926 3544 4979 cieret

1950 4993 2103 5048 deest
2135 4994 2186 5047 in
2215 4995 2302 5048 ed.
2323 4997 2546 5064 August.
2570 5004 2734 5064 atque
2787 4994 2841 5049 in
2867 4992 3012 5048 Coll.
3058 4995 3326 5062 Gronov.,
3355 5005 3410 5048 et
3436 5011 3541 5062 pro

1951 5064 2140 5138 eodem
2191 5066 2363 5138 verbo
2406 5069 2536 5138 gerit
2565 5065 2618 5120 in
2652 5065 2822 5134 Lugd.
2853 5065 2995 5138 Batt.
3029 5072 3422 5138 praetgquart.
3450 5067 3540 5118 in-

1952 5137 2188 5189 venitur.
2222 5135 2279 5188 ln
2309 5135 2431 5190 meo
2459 5152 2561 5190 ll':S.
2607 5152 2824 5206 quoque
2864 5136 3060 5190 melior
3089 5137 3183 5190 illa
3216 5135 3380 5190 lectio
3406 5136 3546 5189 inter

1949 5207 2200 5275 primores
2229 5208 2350 5274 ciet,
2383 5205 2674 5273 invenitur,
2707 5205 2804 5262 sed
2836 5207 2912 5261 ita
2936 5217 2993 5261 ut
3017 5221 3181 5275 supra
3212 5208 3309 5260 ciet
3337 5205 3550 5262 lineola

1950 5279 2204 5337 ducatur.
2252 5294 2374 5348 qua:
2423 5279 2648 5335 innucre
2682 5278 2898 5333 videtur
2926 5281 3081 5332 cieret
3116 5276 3317 5332 ibidem
3344 5275 3550 5348 debere

1951 5348 2136 5404 scribi.
2169 5347 2280 5405 Pro
2302 5352 2439 5404 inter
2469 5352 2721 5420 primores
2745 5349 2914 5420 Lugd.
2946 5350 3066 5403 Bat.
3093 5356 3220 5404 tert.
3250 5362 3375 5402 cum
3403 5347 3548 5406 Coll.

1949 5420 2191 5477 Gronov.
2230 5421 2393 5477 habet
2418 5423 2553 5476 inter
2582 5423 2798 5489 primos.

2023 5493 2301 5565 Mqlpud
2333 5493 2553 5564 {Egates
2583 5488 2830 5546 insulam.
2863 5491 3150 5565 Polybius,
3174 5488 3391 5565 ἔπλευσε
3417 5492 3552 5565 πρὸς

2085 5564 2333 5639 Δῖγουσαν
2381 5563 2534 5625 νῆσον
2559 5571 2650 5624 τὴν
2696 5565 2796 5640 πρὸ
2835 5571 2924 5618 τοῦ
2970 5563 3249 5619 Λιλυϐαίου
3299 5563 3552 5634 κειμένην.

1948 5635 2114 5692 Silius
2144 5635 2236 5693 lib.
2272 5653 2288 5691 ι
2321 5654 2334 5695 :

2198 5818 2451 5882 ..τηηΛν-ρι
2475 5818 2676 5882 IEgates
2698 5815 2900 5868 abolere
2921 5816 3180 5878 parentum

2205 5880 2457 5932 Dedecus.
