4092 6346
498 359 662 418 88¹5’

1907 329 2041 390 PAU
2050 329 2116 388 [ιι
2152 329 2378 387 0110811

3710 319 3822 378 8M

501 481 725 532 noo'em
775 461 1085 522 intertextis
1122 455 1514 531 propemodum
1577 445 1796 510 ancoris
1845 448 2111 510 constite-
2136 449 2187 510 Δ
2213 461 2379 518 pensa
2408 446 2726 510 videantur,
2755 441 2824 498 de
2849 439 3212 510 praesentibus
3245 438 3543 511 iudicetur.
3589 441 3612 474 ⁸
3660 440 3824 496 Anno

512 575 664 634 runt,
699 568 822 616 orta
848 559 970 612 luce
997 597 1010 620 ,
1051 553 1200 624 prior
1231 549 1479 606 Lutatius
1507 545 1722 612 signum
1755 543 1902 601 bello
1931 541 2102 598 dedit.

510 656 884 713 Crudescente
911 664 1088 720 pugna
1114 686 1130 710 ,
1161 645 1335 700 victus
1363 641 1522 698 Anno
1553 654 1750 696 navem
1781 637 1977 692 avertit
2004 676 2018 696 .
2051 643 2107 692 et

511 751 620 807 dus
653 749 791 817 fuga:
824 743 1030 814 primus
1058 739 1182 796 fuit-
1214 735 1503 804 Aliquanta
1531 747 1651 787 cum
1695 746 1762 788 co
1794 745 1918 798 pars
1947 743 2109 784 exer-

511 844 654 898 citus
687 838 770 894 sui
796 835 1038 891 Africam
1061 832 1108 866 ¹⁸
1135 828 1298 899 petit,
1326 826 1416 881 alii
1461 823 1754 894 confugere
1787 822 2106 894 Lilylimam,

511 935 554 966 ¹⁶
583 929 866 1000 sexaginta
892 933 950 980 et
979 934 1092 978 tres
1121 921 1342 981 Punica
1374 931 1540 974 naves
1571 925 1740 985 capta:
1771 922 1898 972 sunt
1921 954 1935 975 .
1965 927 2104 970 een-

507 1039 620 1082 tum
646 1022 834 1093 viginti
858 1019 1095 1090 quinque
1111 1015 1397 1078 demersae,
1424 1010 1643 1082 triginta
1672 1009 1783 1066 duo
1812 1005 1980 1062 millia
2007 1004 2110 1060 bo-

501 1117 706 1172 mintsm
727 1119 908 1182 capta,
939 1122 1086 1165 omsa
1116 1102 1526 1177 quattuordecim
1571 1101 1736 1162 millia
1771 1101 1941 1162 fuere.
1996 1097 2109 1152 Ro-

516 1223 798 1268 manorum
847 1213 1029 1260 autem
1083 1200 1371 1256 duodecim
1421 1212 1589 1256 naves
1634 1196 1906 1252 derrtersaa
1960 1199 2106 1248 sunt.

512 1301 760 1359 Lutatius
788 1296 992 1358 deinde
1019 1293 1086 1352 ad
1118 1293 1408 1364 Erycinam
1435 1290 1739 1353 civitatem,
1765 1302 1928 1358 quam
1962 1285 2112 1344 l‘mul

520 1393 798 1458 tenebant,
817 1388 969 1446 venit
992 1405 1008 1456 ;
1032 1387 1215 1455 ibique
1237 1384 1345 1446 duo
1368 1384 1533 1444 millia
1557 1379 2112 1452 Carthaginiensium,

513 1497 766 1548 conserta
793 1499 994 1559 pugna,
1020 1481 1322 1539 interfecit.

1130 1616 1362 1675 CAPUT
1399 1615 1492 1672 XI.

512 1720 966 1792 Carthaginienses
1009 1716 1403 1792 conditionibus
1443 1715 1710 1792 pretioque
1772 1727 1949 1792 pacem
1976 1783 1988 1792 _
2014 1710 2117 1764 im-

576 1783 806 1867 petra'sse
825 1808 842 1844 :
865 1789 1221 1867 calamitosam
1238 1785 1431 1867 Tiberis
1443 1785 1857 1867 _irt_undrrtionent,
1879 1783 2116 1867 ignis-(lue

577 1855 851 1934 cujusdam
869 1861 1209 1916 vastationem
1233 1858 1412 1914 [ianua
1433 1859 1614 1928 fuisse.
1635 1855 1713 1912 De
1739 1856 1874 1910 bello
1902 1855 1955 1909 in
2003 1855 2109 1908 Fa-

581 1935 760 1993 liscos.

575 2049 729 2105 'l‘unc
778 2045 1254 2118 Carthaginienses
1304 2043 1570 2114 praecipiti
1646 2039 1994 2098 festinatione
2039 2040 2108 2098 ad

505 2141 780 2198 Lutatium
831 2138 1142 2208 consulem,
1189 2151 1253 2192 ac
1307 2134 1508 2191 deinde
1559 2135 1784 2190 Romam
1840 2133 2103 2199 mittunt,

503 2242 662 2290 orant
687 2246 874 2304 pacem
908 2249 920 2285 :
964 2246 1124 2301 quam
1151 2228 1562 2287 conditionibus
1594 2229 1609 2260 ¹
1653 2236 1778 2282 ante
1813 2226 2109 2297 propositis

511 2327 658 2382 illico
683 2335 1110 2395 consequuntur.
1156 2322 1511 2378 Conditiones
1551 2329 1732 2377 autem
1761 2332 1915 2376 erant
1940 2362 1954 2387 ,
1987 2325 2010 2355 ί
2052 2327 2112 2376 ut

509 2421 694 2478 Sicilia
725 2419 1088 2490 Sardiniaque
1140 2418 1501 2483 decederent,
1548 2417 1572 2450 ⁸
1616 2431 1822 2486 proque
1850 2413 2111 2486 impensis

505 2513 719 2569 bellicis
762 2510 884 2582 puri
913 2509 1079 2584 2“
1107 2509 1316 2581 argenti
1350 2510 1451 2564 tria
1505 2508 1673 2563 millia
1715 2506 1736 2537 ⁸
1779 2506 2109 2562 talentorum

505 2604 870 2662 Euboicorum
892 2645 908 2670 ,
941 2604 1116 2672 inquis
1137 2601 1530 2674 pensionibus,
1576 2615 1674 2670 per
1703 2613 1876 2656 annos
1919 2597 2111 2668 viginti

505 2697 828 2770 penderent.
863 2694 1035 2766 Hujus
1079 2693 1235 2765 pacis
1278 2693 1522 2754 conditio
1578 2702 1661 2752 est
1705 2691 1890 2747 habita
1921 2692 1942 2724 ⁸
1992 2699 2112 2760 post

507 2805 713 2844 annum
761 2788 979 2843 tertium
1011 2793 1071 2841 et
1117 2785 1438 2857 vigesimum
1461 2824 1478 2852 ,
1509 2800 1576 2840 ex
1621 2799 1728 2854 quo
1777 2783 1980 2839 bellum
2011 2783 2113 2838 Pu-

510 2882 692 2936 nicum
719 2881 950 2950 primum
975 2879 1150 2935 fuerat
1173 2878 1506 2934 inchoatum.
1528 2877 1680 2944 Quis,
1706 2890 1857 2946 rogo,
1882 2875 2109 2932 duarum

509 2973 788 3034 civitatum
819 2990 982 3030 unum
1006 2974 1206 3030 bellum
1234 2989 1330 3046 per
1351 2987 1522 3030 annos
1548 2970 1735 3043 viginti
1762 2979 1872 3036 tres
1897 2980 2110 3042 gestum

507 3065 676 3122 [arido
697 3065 976 3137 explicet?
1020 3073 1154 3137 quot
1198 3080 1353 3138 reges
1382 3062 1938 3134 Carthaginiensium,
1980 3069 2115 3133 quot

506 3156 761 3213 consules
817 3156 1192 3212 Romanorum
1223 3198 1238 3224 ,
1291 3165 1425 3229 quot
1451 3157 1666 3228 agmina
1719 3155 2059 3212 exercituum
2095 3195 2112 3222 ,

2210 541 2276 595 ab
2330 539 2477 596 Urbe
2534 536 2750 593 condita
2800 551 2910 592 nvtt
2959 533 3243 604 repentina
3297 532 3585 590 subversio
3646 532 3820 602 ipsius

2209 633 2397 690 Romae
2441 631 2700 702 prmvenit
2750 627 3084 698 triumphum
3141 627 3509 682 Romanorum
3561 643 3576 679 :
3634 639 3816 693 neque

2210 728 2356 784 enim
2407 736 2614 781 temere
2657 724 2926 792 dixerim,
2979 720 3195 791 quando
3244 736 3350 776 non
3402 720 3483 774 vel
3535 718 3814 776 modicam

2211 820 2456 876 ketitiam
2483 819 2670 873 Romae
2700 817 3098 888 superveniens
3122 822 3344 884 repente
3388 829 3552 884 quam
3602 813 3822 882 gravis-

2211 914 2382 970 simus
2411 914 2589 968 luctus
2618 910 2974 979 oppresserit.
3005 909 3061 964 Si
3093 923 3254 980 quem
3287 909 3305 938 "
3335 907 3399 976 Q.
3453 905 3667 962 Lutatio
3687 947 3702 971 ,
3749 908 3828 961 Δ.

2213 1007 2414 1062 Manlio
2459 1005 2779 1060 consulibus
2818 1047 2832 1070 ,
2889 1003 3126 1057 diversae
3185 1000 3391 1073 ignium
3443 1013 3828 1069 aquarumque

2211 1099 2394 1156 clades
2439 1113 2581 1169 pene
2618 1098 2975 1166 absumpsere
3030 1093 3254 1152 Urbem.
3311 1091 3446 1148 Nam
3477 1091 3693 1152 Tiberis
3742 1090 3828 1144 in-

2213 1194 2392 1250 solitis
2456 1206 2648 1248 auctus
2693 1190 2994 1256 imbribus,
3047 1197 3101 1244 et
3159 1187 3301 1243 ultra
3350 1186 3670 1254 opinionem
3739 1181 3828 1239 vel

2213 1283 2567 1340 diuturnitate
2622 1282 2710 1338 vel
2779 1279 3150 1351 magnitudine
3193 1277 3508 1338 redundans
3551 1319 3568 1345 ,
3623 1274 3814 1334 omnia

2215 1377 2403 1434 Romae
2454 1375 2682 1432 mdilicia
2735 1375 2757 1406 ⁸
2813 1374 2870 1428 in
2913 1373 3074 1442 plano
3106 1370 3281 1442 posita
3317 1369 3537 1426 delevit.
3577 1369 3826 1424 Diversa:

2217 1469 2509 1540 qualitates
2544 1468 2783 1523 locorum
2806 1509 2822 1536 ,
2855 1464 2921 1520 ad
2953 1479 3113 1519 unam
3142 1476 3450 1518 convenere
3481 1460 3778 1531 perniciem
3812 1475 3827 1510 :

2215 1561 2468 1630 quoniam
2511 1568 2568 1614 et
2596 1572 2721 1630 quae
2747 1556 2966 1628 segnior
2995 1553 3320 1610 redundatio
3373 1553 3579 1618 tenuit,
3637 1549 3832 1604 madc-

2217 1650 2357 1706 faeta
2403 1651 2684 1716 dissolvit,
2727 1660 2783 1705 et
2831 1664 2954 1720 quae
2999 1661 3192 1702 cursus
3247 1645 3505 1702 torrentis
3564 1643 3825 1707 invenit,

2219 1746 2454 1815 impulsa
2507 1744 2725 1814 dejecit.
2803 1743 3081 1814 Aquarum
3153 1739 3530 1812 gravissimam
3603 1737 3822 1792 cladem

2148 1839 2194 1900 B
2223 1839 2437 1910 gravior
2470 1838 2609 1908 ignis
2642 1846 2830 1893 secuta
2857 1835 3091 1891 vastatio
3121 1844 3204 1890 est
3232 1850 3248 1888 :
3293 1833 3383 1903 qui
3435 1833 3576 1903 ignis
3597 1874 3613 1899 ,
3647 1831 3831 1886 inccr-

2215 1941 2328 1986 tum
2359 1931 2501 1986 unde
2530 1929 2860 1996 surrexerit,
2892 1929 3152 1998 plurimas
3172 1927 3407 1987 civitatis
3431 1934 3609 1996 partes
3636 1937 3831 1994 perva-

2213 2033 2400 2094 gatus,
2451 2039 2576 2078 cum
2636 2021 2922 2078 hominum
2993 2021 3395 2089 domorumque
3445 2015 3824 2078 miserabilem

2213 2125 2451 2187 stragem
2484 2114 2651 2184 fecit,
2700 2122 2814 2170 tum
2861 2110 3026 2174 etiam
3081 2121 3293 2168 tantum
3336 2124 3497 2180 opum
3545 2123 3654 2165 uno
3693 2123 3830 2164 con-

2212 2211 2446 2281 sumpsit
2489 2209 2776 2275 incendio,
2804 2217 3065 2278 quantum
3099 2207 3346 2277 plurima:
3397 2213 3454 2258 et
3513 2202 3823 2273 peregrina:

2213 2305 2459 2361 victoria:
2480 2303 2732 2360 conferre
2751 2305 2771 2336 θ
2803 2303 2889 2360 vis
2921 2311 3162 2371 possent.
3185 2298 3394 2353 Dehinc
3415 2312 3536 2352 cum
3561 2294 3740 2354 omnia
3765 2295 3827 2349 in

2214 2396 2442 2453 circuitu
2473 2396 2576 2452 fori
2606 2395 2957 2466 popularetur
2981 2438 2996 2462 ,
3025 2393 3188 2468 245
3211 2391 3253 2422 ¹⁰
3283 2391 3453 2445 aedem
3488 2387 3667 2444 Vesta:
3700 2402 3830 2442 cor-

2215 2489 2398 2559 ripuit.
2427 2489 2492 2544 Et
2523 2504 2592 2547 ne
2611 2488 2714 2544 sibi
2743 2487 2961 2560 quidem
2989 2487 3092 2548 dtis
3121 2481 3594 2544 subvenieutibus,
3629 2481 3819 2551 ignem

2214 2579 2396 2646 illum,
2459 2579 2548 2650 qui
2597 2589 2834 2635 aeternus
2889 2578 3215 2652 putabatur,
3266 2573 3629 2648 Iemporarins
3682 2571 3829 2642 ignis

2214 2672 2463 2746 oppressi
2497 2690 2509 2726 :
2543 2671 2685 2728 ttnde
2726 2672 2888 2728 etiam
2920 2670 3199 2735 Metellus,
3253 2667 3380 2722 dum
3413 2678 3637 2719 arsuros
3689 2662 3828 2717 deos

2215 2767 2394 2837 eripit,
2421 2765 2506 2822 vix
2539 2768 2580 2798 "
2624 2766 2849 2822 brachio
2902 2762 3308 2820 semiuslulatus
3361 2757 3590 2830 aufugit.
3634 2759 3679 2792 "
3733 2756 3826 2811 Ti.

2216 2860 2543 2927 Sempronio
2573 2858 2854 2924 Graccho,
2883 2855 2945 2911 P.
2979 2853 3199 2911 Valerio
3229 2850 3455 2907 Faltone
3481 2847 3822 2914 consulibus,

2214 2967 2336 3006 cum
2366 2949 2592 3005 Faliscis
2618 2948 2888 3004 bellavere
2918 2945 3153 3002 Romani
3178 2985 3194 3012 ,
3235 2959 3409 3014 eoque
3437 2942 3628 3013 praelia
3649 2940 3820 3012 quiu-

2215 3043 2389 3102 deciru
2421 3042 2591 3098 millia
2622 3041 2959 3098 Faliscorum
2991 3038 3281 3094 interfecta
3306 3046 3456 3091 sunt.

2814 3151 3046 3212 CAPUT
3087 3149 3203 3206 XII.

517 3255 778 3319 quantum
820 3264 1108 3305 numerum
1137 3250 1356 3306 "ﬂium
1385 3249 1753 3318 contraxerit,
1789 3247 2109 3321 Ρτθαίεπίίν
2137 3234 2185 3299 c
2217 3271 2402 3329 Gallos
2434 3269 2750 3341 Cisalpinos,
2785 3269 3035 3341 Romanis
3065 3284 3222 3322 novos
3254 3266 3577 3341 infestosque
3596 3265 3772 3319 hostes
3803 3305 3824 3332 ,

507 3343 888 3416 oppresserit?
921 3352 976 3400 et
1006 3353 1118 3402 tum
1147 3344 1406 3414 demum,
1436 3344 1484 3410 si
1521 3343 1612 3401 illa
1638 3343 1704 3400 ad
1744 3343 1959 3416 plenum
1993 3356 2116 3414 per-

2289 3360 2451 3400 cwsos
2481 3335 2828 3400 :Sardiniam
2849 3337 3184 3396 rebellantem
3207 3335 3501 3405 subactam,
3535 3335 3728 3394 Poenos
3751 3352 3829 3392 w-

1787 3568 1924 3628 HAV
1935 3567 2240 3632 ERCAIPI
2275 3569 2508 3628 ΝΟΤιΕ.

509 3713 810 3842 {jugulum
857 3719 934 3772 est
979 3722 1050 3766 vr.
1103 3709 1221 3770 idus
1255 3708 1736 3780 Martias,‘inquit
1779 3707 2100 3780 Eutrapius.

557 3800 677 3841 sua.

557 3800 677 3841 ABR.

585 3857 676 3912 15.
711 3851 873 3908 Petit.
904 3851 1042 3910 Cod.
1073 3852 1317 3922 Longoh.
1354 3853 1518 3922 petiit.

586 3928 677 3983 16.
728 3925 1016 3996 Sexaginta
1053 3935 1097 3979 et
1151 3934 1251 3978 tres
1298 3922 1517 3979 Punica:
1546 3941 1700 3982 naves
1745 3932 1913 3992 capta:
1943 3931 2101 3991 sunt,

515 3995 848 4054 innumeris
873 3995 1058 4050 Orosii
1089 3996 1210 4051 libri
1257 4011 1378 4050 cum
1419 3995 1763 4062 EntrOpianis
1810 3999 1922 4050 fere
1974 4009 2107 4047 con-

508 4067 1031 4139 sentiuntLl’olybio
1059 4067 1281 4124 cumbis
1304 4082 1494 4136 magna
1509 4067 1785 4124 dissensio
1803 4077 1880 4122 eSI
1895 4107 1908 4122 .
1935 4065 2103 4121 Faau.

587 4139 724 4197 CAP.
754 4136 850 4194 XI.
881 4136 952 4180 -ἔ-
981 4141 1034 4194 1.
1064 4143 1194 4193 Ante
1218 4139 1516 4210 prepositis.
1549 4139 1790 4196 Floreat.
1836 4153 1949 4194 sec.
1984 4153 2106 4193 cum

514 4213 650 4268 edit.
681 4212 908 4282 August.
928 4252 943 4274 ,
973 4220 1093 4282 ante
1120 4209 1318 4282 positis.
1352 4209 1516 4282 Forte
1546 4211 1760 4266 melius.

585 4285 642 4339 9.
682 4280 751 4336 Ut
799 4281 982 4338 Sicilia
1033 4280 1388 4354 Sardiniaque
1430 4281 1753 4354 decederent.
1812 4281 2104 4354 Polybius,

513 4354 793 4430 Ἐκχωριζν
819 4363 912 4415 τῆς
937 4354 1159 4430 Ergsile;
1184 4353 1415 4430 ἃπάσῃς,
1450 4353 1850 4430 Καρχηδονίους,
1897 4353 1986 4430 *αξ
2012 4361 2111 4430 τῶν

511 4423 701 4494 νὴσῶνξ
743 4423 862 4480 ὅσαι
884 4426 1070 4496 μετοιξύ
1115 4433 1207 4486 τῆς
1234 4425 1446 4485 Ἰταλίας
1493 4423 1689 4482 ultimi
1732 4429 1848 4496 καὶΔ
1869 4425 2106 4487 Σικελίας.

513 4497 669 4552 Poeni
713 4496 854 4550 omni
885 4494 1078 4552 Sicilia
1124 4505 1172 4552 et
1217 4496 1437 4562 insulis,
1477 4511 1591 4564 quin
1639 4499 1773 4552 inter
1823 4494 2036 4550 Italiam
2062 4507 2111 4550 et

517 4567 757 4624 Siciliam
805 4577 956 4630 sunt,
989 4567 1299 4622 decedente.
1331 4566 1515 4621 Livius
1565 4567 1705 4621 libro
1755 4582 1847 4622 su
1893 4585 1905 4621 :
1961 4565 2111 4621 Pazni

515 4640 713 4767 παναιέ
709 4639 777 4692 ad
791 4637 864 4692 ΛΕ
867 4650 1010 4710 gates
1038 4640 1185 4694 clade
1203 4648 1438 4709 accepta,
1463 4637 1647 4693 Sicilia
1667 4649 1715 4694 et
1731 4638 1979 4694 Sardinia
2001 4655 2113 4694 ces-

515 4725 645 4765 sere.
718 4726 839 4766 sua.

514 4725 645 4765 sere.
674 4725 839 4766 ιοἈη.

586 4782 640 4837 5.
695 4781 906 4860 Proque
954 4781 1198 4860 impensis
1253 4780 1468 4860 bellicis.
1505 4785 1773 4860 'Apjnpioy
1800 4792 2114 4860 xarsvsyxsiu

513 4851 898 4930 gapxndoviou:
946 4856 1210 4930 'Pwtsaiotc
1256 4855 1307 4930 lat
1356 4851 1520 4930 ἴεισιγ
1550 4851 1710 4930 tibiae:
1739 4851 1993 4930 δυσχίλιά
2031 4855 2114 4910 καὶ

511 4923 748 4983 saxeam
793 4926 1019 4982 τάλαντα
1041 4923 1308 4982 Ἐύϐοἰκὰ.
1366 4923 1514 4980 Ι)ωηὶ
1542 4925 1793 4982 Romanis
1843 4923 1898 4980 in
1949 4941 2114 4979 annos

2206 3707 2299 3765 hic
2325 3724 2563 3781 quoque,
2610 3723 2781 3766 annos
2805 3709 3044 3780 quinque
3071 3709 3250 3766 minus
3280 3721 3590 3781 numerare.
3643 3706 3820 3763 Fsau.

2280 3778 2732 3848 7._Q.'Lutatio,
2788 3778 2854 3836 Α.
2903 3778 3104 3836 Manlio
3153 3799 3288 3837 coss.
3341 3778 3518 3835 Catuli
3571 3794 3820 3846 nomen,

2206 3853 2349 3922 quod
2379 3851 2590 3907 Lutatio
2620 3854 2670 3907 in
2699 3853 2874 3908 Orosii
2925 3854 3075 3910 libris
3105 3852 3262 3908 datur
3283 3895 3298 3919 ,
3331 3868 3429 3906 nos
3465 3849 3771 3905 tlelet'imus
3803 3868 3818 3903 :

2208 3940 2328 3977 cum
2364 3925 2451 3979 ille
2497 3941 2602 3980 non
2631 3941 2698 3980 ex
2731 3925 3087 3989 Catulorum,
3134 3923 3228 3979 sed
3274 3923 3558 3978 Cerconum
3608 3922 3816 3988 familia

2211 3995 2401 4060 fuerit,
2432 4007 2597 4066 atque
2637 3999 2688 4050 in
2717 3995 3040 4064 Capitolinis
3084 3996 3262 4050 Fastis
3313 3996 3391 4050 sic
3423 3994 3774 4066 describatur
3802 4039 3817 4061 ,

2208 4083 2261 4130 ρ.
2313 4065 2571 4123 ιυτΑτιυς
2620 4083 2670 4124 c.
2720 4084 2768 4122 ι’.
2799 4083 2850 4124 c.
2884 4084 2936 4122 Ν.
2991 4083 3182 4124 cuneo.
3241 4067 3405 4122 hau.
3447 4096 3520 4107 —
3552 4066 3610 4120 ltt
3653 4065 3815 4120 cditt.

2214 4139 2553 4194 Fabricianis
2580 4148 2634 4196 et
2686 4139 2773 4194 illa
2805 4140 2973 4194 Scotti
2995 4181 3010 4201 ,
3042 4137 3312 4194 omittitur
3343 4152 3649 4208 cognomen
3678 4207 3681 4208 ν
3708 4138 3815 4189 (la-

2213 4211 2330 4275 tuli,
2354 4209 2496 4280 quod
2529 4211 2579 4265 iu
2612 4209 2856 4280 reliquis,
2887 4221 2941 4265 ut
2972 4221 3025 4265 et
3059 4224 3189 4264 mss.
3225 4207 3475 4266 omnibus
3503 4207 3812 4273 invenitur;

2213 4291 2400 4408 sutura
2427 4284 2708 4338 veritatem
2738 4293 2886 4338 certe
2911 4323 2926 4348 ,
2958 4281 3059 4338 nisi
3092 4281 3267 4360 ipsum
3294 4280 3545 4338 Orosium
3587 4294 3817 4335 errasse

2252 4368 2476 4407 Icarnus.

2252 4368 2476 4407 IClllnllS.

2286 4425 2336 4479 8.
2383 4422 2451 4478 In
2508 4425 2666 4498 plano
2707 4425 2875 4498 posita
2923 4425 3129 4498 delevit.
3182 4423 3359 4498 Lugd.
3391 4424 3506 4498 Bal.
3545 4435 3705 4490 lerl.,
3762 4432 3819 4485 in

2253 4494 2576 4568 lanoposita
2601 4494 2811 4568 dejécit,
2840 4497 3000 4568 etdsic
3021 4512 3237 4567 quoque
3260 4494 3388 4568 legit
3411 4495 3661 4556 Vincent.
3692 4501 3818 4558 Bel-

2234 4581 2323 4648 0v“.
2358 4566 2451 4648 lib.
2485 4584 2534 4626 vt
2557 4609 2572 4633 ,
2605 4565 2728 4635 cap.
2755 4567 2848 4648 1’38.
2883 4565 3180 4648 Ed._aug.‘,
3214 4569 3264 4621 in
3290 4565 3447 4648 plano
3469 4569 3570 4648 sita
3601 4575 3815 4648 dejccit.

2289 4639 2341 4692 9.
2371 4637 2489 4717 _l’ia;
2517 4649 2746 4717 possent.
2774 4639 2830 4697 In
2860 4637 3297 4717 omnibusnmss.
3320 4639 3504 4717 inveni
3536 4637 3815 4717 non‘pos-

2215 4719 2346 4764 sent.
2370 4708 2482 4765 Nec
2501 4711 2658 4766 aliter
2687 4709 2999 4766 Vincentius
3031 4709 3450 4765 Bcllot‘acensis.

2289 4781 2376 4836 10.
2412 4781 2604 4836 ιιΕάειη
2633 4781 2801 4842 Vestae
2822 4781 3093 4852 corripuit.
3126 4781 3201 4836 De
3224 4781 3342 4838 aede
3375 4781 3549 4838 Vestae
3581 4785 3819 4843 incensa

2217 4851 2400 4908 Livius
2427 4852 2518 4908 lib.
2549 4869 2640 4910 ιιι
2675 4873 2685 4908 ;
2721 4863 2879 4910 nocte
2905 4851 3025 4908 eam
3055 4853 3257 4908 arsisse
3286 4852 3450 4908 tradit
3485 4855 3667 4912 Valcr.
3705 4859 3803 4914 lib.

2218 4939 2256 4987 ι,
2311 4928 2549 5000 cap.__4._
2582 4927 2642 4980 L.
2677 4923 2926 4980 Metellus
2960 4933 3112 5000 pont.
3157 4940 3302 5000 max.
3354 4925 3457 5000 hoc
3513 4927 3815 5000 incendio,

513 4994 1498 5089 gbjdujomilitanttcenta‘talenta
1541 4997 1770 5089 Euboica
1805 4996 2101 5089 .pendunt‘o:
2131 5027 2186 5089 Ι)
2218 5011 2339 5089 eum
2369 4996 2668 5089 Palladium
2703 5007 2917 5089 raperet
2940 5012 3002 5051 es
3033 4996 3152 5052 aade
3185 4995 3360 5089 Vefta:
3380 5039 3394 5064 ,
3427 4997 3635 5089 lu‘p‘tiua
3665 4994 3813 5089 arui;

510 5067 620 5124 Sed
661 5068 852 5124 decem
895 5067 1103 5137 legatos
1152 5077 1364 5138 tempus
1414 5069 1668 5138 stipendii
1709 5080 1944 5124 mutasse
1970 5108 1985 5135 ,
2037 5081 2104 5124 ac

509 5138 894 5210 milletalenta
920 5139 1199 5196 addidisse
1226 5182 1241 5205 ,
1272 5140 1414 5196 idem
1446 5141 1683 5210 subjicit.
1717 5140 1882 5196 Fanu.

579 5212 639 5265 ὁ.
667 5209 1016 5266 Talentorum.
1047 5212 1312 5268 Florentt.
1342 5221 1486 5277 tres,
1516 5213 1785 5267 talentum.
1817 5211 1936 5267 Mox
1969 5209 2096 5266 cdd.

508 5291 642 5356 vett.
672 5281 920 5356 quaedam
942 5327 956 5348 ,
992 5284 1318 5353 portionibus
1342 5299 1438 5356 pro
1467 5285 1816 5356 pensionibus.

665 5353 794 5408 Post
818 5371 1010 5408 annum
1040 5355 1252 5410 tertium
1281 5369 1342 5409 ac
1384 5353 1704 5425 vigesimum.
1748 5353 2001 5426 Polybius
2045 5363 2102 5410 ct

507 5423 721 5490 Livius,
775 5427 865 5492 qui
896 5434 1110 5496 tempus
1153 5427 1313 5494 hujus
1341 5423 1472 5482 belli
1503 5427 1718 5482 excitati
1755 5423 2052 5496 respiciunt
2081 5467 2097 5489 ,

508 5497 756 5552 scribunt
783 5497 834 5552 id
877 5507 1086 5566 gestum
1114 5500 1271 5552 armis
1296 5499 1405 5562 Si;
1456 5499 1549 5553 sed
1577 5499 1802 5554 Orosius
1845 5505 2095 5552 timuerat

511 5569 577 5620 ab
608 5567 711 5637 Ap.
761 5570 983 5624 Claudio
1029 5579 1084 5624 et
1111 5572 1173 5636 ρ.
1220 5571 1410 5625 Fulvio
1449 5585 1592 5626 coss.
1645 5572 1840 5636 qntlttts
1889 5569 2091 5624 bellum

504 5638 766 5712 Punicum
785 5642 1014 5708 primum
1036 5646 1147 5712 geri
1171 5653 1404 5710 emptum
1436 5653 1538 5695 εει.
1567 5642 1730 5696 Fauu.

579 5710 633 5766 6.
667 5711 814 5766 Anno
844 5712 906 5769 ab
935 5710 1071 5767 Urbe
1101 5714 1305 5768 condita
1354 5728 1480 5767 nvu.
1516 5713 1610 5766 llic
1637 5727 1808 5766 annus
1833 5757 1845 5778 ,
1878 5727 1982 5781 quo
2025 5712 2092 5779 Q.

510 5780 756 5836 Lutatius
786 5792 840 5838 et
868 5782 934 5837 A.
965 5784 1190 5840 Manlius
1228 5800 1368 5839 coss.
1401 5785 1651 5848 fuerunt,
1694 5785 1744 5837 in
1778 5780 1950 5837 Fastis
1990 5783 2094 5839 Ca-

508 5853 752 5919 pitolinis
776 5864 857 5911 est
881 5869 1016 5910 om.
1050 5855 1147 5912 Ubi
1170 5854 1318 5911 vides
1343 5854 1618 5924 Orosium,
1643 5864 1698 5912 ut
1724 5854 1991 5928 superius,
2017 5856 2089 5911 ita

2211 5068 2317 5142 sit,
2355 5077 2542 5142 auctor
2586 5067 2799 5142 Pl_inius
2831 5068 2924 5125 lib.
2959 5083 3056 5138 vu,
3099 5083 3221 5142 cap.
3252 5067 3344 5137 45,
3389 5079 3445 5125 et
3471 5069 3808 5128 Plutarchus
3843 5125 3846 5128 .

2207 5139 2262 5194 in
2291 5139 2596 5195 Parallelis.
2628 5139 2794 5196 anu.

2275 5211 2379 5286 41.
2418 5211 2639 5286 liracltio
2668 5212 3076 5286 semiustulaltts.
3119 5211 3246 5286 Mss.
3280 5221 3337 5286 et
3353 5211 3497 5286 pediti
3519 5213 3752 5286 quidam
3783 5257 3798 5280 ,

2205 5283 2414 5408 ἵναεήἱο
2443 5284 2688 5408 seruitute
2716 5283 2938 5340 ablatus.
2977 5284 3289 5341 Vincentius
3319 5281 3597 5346 Metellum
3625 5289 3816 5357 panti-

2225 5369 2359 5408 tcem
2391 5369 2520 5408 voca
2551 5394 2564 5407 .

2225 5369 2359 5408 tcem
2391 5369 2564 5410 vocat.

2279 5426 2360 5482 12.
2411 5425 2490 5481 Ti.
2534 5426 2842 5499 Sempronio
2883 5426 3151 5499 Graccho,
3196 5426 3266 5484 P.
3320 5425 3532 5483 Valerio
3564 5428 3802 5486 Fullone

2203 5514 2334 5552 coss.
2374 5496 2727 5569 Consuleshi
2759 5516 2822 5554 cx
2855 5496 3147 5569 Capitolia.
3197 5499 3370 5556 Fastis
3402 5516 3492 5554 an.
3531 5517 3635 5556 nxv
3673 5503 3800 5558 fue-

2200 5579 2349 5624 runt.
2401 5568 2554 5635 Quod
2598 5580 2778 5625 autem
2828 5568 3053 5625 Orosius
3101 5569 3303 5627 belluu
3354 5569 3690 5627 Faliscorum
3724 5574 3790 5626 atl

2200 5639 2342 5716 _b_unc_
2370 5657 2570 5716 annum
2603 5640 2788 5716 refert,
2820 5645 2870 5696 in
2901 5657 2968 5697 eo
2992 5642 3245 5716 dissentit
3277 5642 3344 5697 ab
3369 5641 3656 5714 Eutrapio,
3685 5647 3787 5716 qui

2199 5711 2251 5766 id
2276 5713 2509 5788 triennio
2533 5721 2689 5788 ante,
2710 5715 2952 5788 Cercone
2984 5724 3039 5768 et
3068 5712 3344 5788 Torquato
3382 5711 3552 5784 (3055.,
3579 5711 3798 5788 gestiunt

2198 5785 2641 5859 scribit,_cosquc
2659 5785 2985 5859 delfaliseis
3019 5786 3385 5859 tritttttpbassc
3428 5785 3678 5844 notatum
3709 5799 3797 5843 est

2197 5855 2252 5910 in
2288 5855 2482 5912 tabulis
2516 5854 2858 5928 Capitolinis.
2903 5855 3070 5912 Fanu.
