4092 6346
477 311 582 370 887

1877 304 2086 366 PAULI
2120 305 2349 367 OROSII

3667 307 3836 383 ass

475 427 566 484 vel
611 424 876 497 majorum
919 422 1136 496 gaudia,
1167 422 1250 482 vel
1285 423 1556 480 minorum
1600 420 1780 478 studia
1818 421 1862 454 ’⁸
1905 421 2066 478 recli-
2093 429 2148 490 Α
2170 422 2514 480 dediderunt.
2539 421 2728 478 Tertio
2754 421 3014 494 deinceps
3039 435 3184 478 anno
3213 421 3472 479 miseram
3495 422 3780 480 civitatem

477 530 700 584 nantur,
737 521 981 590 profecto
1017 517 1366 583 discernitur,
1398 526 1453 573 et
1482 530 1642 587 quam
1672 513 2072 586 iucunditatem

476 614 737 669 habuerit
780 612 896 668 haec
936 612 1194 679 brevitas,
1234 622 1290 665 et
1317 625 1480 681 quam
1519 606 1939 663 amaritudinem
1979 606 2072 662 illa

481 707 772 777 prolixitas
799 725 812 759 :
843 705 947 761 hoc
975 715 1078 770 est,
1113 714 1167 760 et
1189 704 1345 774 quies
1369 703 1459 757 illa
1486 717 1646 773 quam
1677 709 1828 771 grata
1856 702 2071 768 fuisset,

482 801 532 856 si
571 801 827 855 diuturna
869 799 1179 862 mansisset,
1207 805 1264 852 et
1306 796 1424 850 haec
1472 795 1815 851 incessabilis
1859 795 2076 850 miseria

482 909 647 965 quam
683 894 849 949 etiam
889 891 1107 947 vitanda
1143 890 1330 959 fuerit,
1377 890 1426 946 si
1465 888 1624 945 vitari
1657 891 1699 923 ¹⁹
1734 903 2078 961 quacumque

485 996 603 1042 arte
630 986 916 1057 potuisset.

972 1077 1138 1150 243
1172 1074 1401 1132 CAPUT
1442 1073 1582 1130 xm.

487 1195 567 1252 De
591 1194 802 1248 interitu
832 1192 1194 1260 Amilcaris,et
1223 1190 1356 1246 bello
1377 1189 1732 1244 Romanorum
1756 1191 1810 1244 in
1836 1188 2079 1260 Illyrios,

557 1268 771 1331 eiusque
800 1281 981 1318 causa.
1018 1264 1097 1317 De
1127 1264 1258 1318 bello
1289 1266 1344 1316 in
1375 1261 1558 1317 Gallos
1598 1263 1895 1332 Cisalpinos
1919 1277 1937 1313 :
1963 1262 2085 1316 item

555 1339 613 1391 in
651 1336 901 1390 Insubres
941 1334 1143 1406 Gallos.
1187 1333 1266 1388 De
1312 1335 1572 1406 prodigiis
1619 1335 1799 1388 variis.
1833 1334 1912 1387 De
1952 1349 2086 1388 nova

558 1408 834 1463 Gallorum
859 1407 1028 1475 clade,
1052 1405 1281 1476 belloque
1309 1407 1364 1460 in
1385 1405 1575 1460 Istros.

558 1545 579 1575 ι
610 1547 772 1599 Anno
817 1544 886 1600 ab
915 1542 1062 1600 Urbe
1089 1543 1308 1599 condita
1341 1558 1487 1598 uxvn
1528 1543 1791 1612 Amilcar,
1825 1543 1934 1598 dux
1957 1541 2089 1598 Car-

492 1637 1031 1708 thaginiensium,ab
1061 1636 1320 1706 IIiSpanis
1353 1638 1406 1691 in
1438 1636 1604 1702 bello,
1637 1653 1761 1691 cum
1792 1636 1938 1692 aliud
1963 1637 2081 1693 bel-

487 1731 604 1786 lum
650 1731 916 1787 adversus
967 1731 1246 1787 Romanos
1273 1731 1413 1787 clam
1454 1742 1696 1802 pararet,
1719 1731 1934 1787 occisus
1976 1740 2081 1787 est.

2176 516 2456 587 sacrilegis
2485 515 2769 572 sacrificiis
2795 515 2938 572 male
2971 525 3226 586 potentes
3255 517 3606 574 funestavere
3643 531 3783 588 pon-

2179 610 2386 675 tifices,
2426 623 2661 680 namque
2697 608 3002 665 decemviri
3041 610 3061 640 ³
3091 611 3538 667 consuetudinem
3585 611 3784 682 priscas

2178 703 2583 773 superstitionis
2613 703 2881 774 aggressi,
2900 700 2923 732 ‘
2941 702 3157 759 Gallum
3181 704 3357 758 virum
3387 713 3444 760 et
3465 704 3679 759 Gallam
3704 704 3785 759 fe-

2182 798 2386 850 minam
2403 810 2527 850 cum
2554 795 2781 852 muliere
2803 795 2965 850 simul
2984 797 3173 851 Graeca
3197 797 3250 851 in
3271 799 3387 852 foro
3410 797 3603 853 boario
3620 797 3779 852 vivos

2180 886 2520 944 defoderunt.
2545 887 2712 960 249
2733 887 2839 945 Sed
2863 888 3282 960 obligamcntum
3309 891 3410 948 lioc
3434 893 3702 962 magicum
3729 893 3785 947 in

2181 983 2514 1041 contrarium
2542 983 2804 1037 continuo
2831 998 3048 1039 versum
3079 993 3183 1039 est.
3215 984 3457 1056 Namque
3481 985 3630 1041 diras
3659 985 3786 1041 illas

2183 1089 2312 1145 quas
2326 1073 2567 1130 fecerant
2594 1085 2940 1130 externorum
2968 1086 3195 1146 mortes,
3217 1076 3532 1133 fcedissimis
3556 1093 3784 1135 suorum

2184 1169 2424 1224 caedibus
2453 1170 2836 1240 expiaverunt,
2867 1170 3172 1241 sequidem,
3204 1172 3226 1204 '
3254 1171 3315 1227 L.
3348 1171 3580 1227 Emilio
3611 1172 3784 1242 Papo.

2185 1263 2246 1318 C.
2297 1263 2467 1318 Atilio
2517 1263 2725 1333 Regulo
2769 1263 3126 1332 consulibus,
3178 1279 3374 1334 magna
3424 1263 3719 1320 formidine
3764 1265 3786 1296 ‘

2186 1364 2569 1412 consternatus
2599 1367 2684 1413 est
2715 1369 2938 1413 senatus
2975 1358 3291 1415 defectione
3319 1357 3617 1430 Cisalpinae
3663 1359 3789 1415 Gal-

2187 1451 2296 1520 liaa,
2342 1465 2466 1506 cum
2499 1451 2664 1508 etiam
2703 1466 2774 1508 ex
2815 1452 3074 1509 ulteriore
3123 1452 3298 1509 Gallia
3338 1451 3530 1522 ingens
3575 1451 3782 1507 adven-

2190 1553 2308 1601 tare
2334 1544 2608 1600 exercitus
2656 1546 3033 1615 nuntiaretur,
3078 1547 3099 1578 ⁷
3131 1545 3372 1602 maxime
3414 1545 3785 1612 Gzcsatorum,

2191 1639 2335 1710 quod
2361 1654 2556 1694 nomen
2590 1653 2696 1694 non
2729 1640 2909 1710 gentis
2935 1682 2949 1706 ,
2978 1640 3073 1696 sed
3102 1640 3571 1696 mercennariorum
3600 1639 3788 1698 Gallo-

2197 1747 2316 1786 rum
2355 1742 2459 1786 est.
2503 1731 2690 1802 itaque
2720 1733 2951 1802 permoti
2987 1733 3255 1790 consules
3281 1774 3297 1800 ,
3327 1733 3498 1790 totius
3522 1733 3700 1788 Italia:
3727 1731 3793 1788 ad

491 1825 513 1854 ²
538 1824 800 1894 Sequenti
825 1838 970 1878 anno
997 1825 1160 1894 legati
1188 1824 1560 1879 Romanorum
1591 1824 1659 1879 ab
1687 1823 1890 1895 Illyriis
1919 1825 2089 1880 inter-
2120 1823 2168 1884 B
2196 1824 2512 1895 praesidium
2554 1825 2771 1896 imperii
2802 1834 3129 1882 contraxere
3156 1828 3327 1882 vires.
3356 1825 3475 1892 Quo
3520 1825 3670 1882 facto
3693 1867 3710 1892 ,
3739 1826 3793 1881 in

490 1915 618 1972 fecti
651 1925 798 1973 sunt.
830 1916 963 1970 Post
989 1931 1113 1971 cum
1144 1916 1275 1986 ipsis
1303 1916 1500 1987 Illyriis
1528 1916 1937 1971 atrocissimum
1969 1916 2083 1972 bel-

492 2009 607 2063 lum
637 2018 849 2079 gestum
879 2017 960 2064 est
991 2024 1006 2063 ε
1038 2009 1091 2063 in
1122 2025 1232 2080 quo
1275 2009 1460 2064 multis
1505 2007 1722 2080 oppidis
1764 2008 2086 2080 populisque

491 2100 709 2172 deletis,
736 2101 936 2172 reliqui
963 2118 1024 2160 se
1061 2102 1258 2159 Fulvio
1294 2101 1724 2172 Posthumioque
1765 2102 2086 2158 consulibus

2201 1917 2484 1986 utriusque
2513 1917 2754 1972 consulis
2783 1919 3026 1973 exercitu
3051 1919 3363 1989 octingenta
3395 1916 3569 1973 millia
3618 1933 3796 1972 arma-

2194 2019 2373 2065 torum
2416 2009 2586 2065 fuisse
2630 2009 2976 2079 referuntur,
3019 2013 3208 2068 t’sicut
3234 2010 3438 2066 Fabius
3468 2011 3790 2080 historicus,

2193 2104 2284 2174 qui
2309 2103 2487 2159 eidem
2516 2103 2664 2159 bello
2692 2104 2959 2174 interfuit,
2991 2105 3235 2177 scripsit.
3269 2107 3291 2139 ⁹
3323 2103 3406 2160 Ex
3439 2104 3644 2176 quibus
3671 2104 3780 2159 Ro-

1791 2284 2238 2344 IIAVERCAMPI
2274 2287 2502 2344 NOTAE.

567 2424 658 2481 l8.
694 2424 1053 2483 Reelinantur.
1081 2424 1185 2480 Ed.
1208 2424 1371 2494 Aug.,
1401 2422 1746 2494 declinantur.
1771 2420 1944 2493 Lugd.
1965 2422 2085 2477 Bat.

496 2504 650 2562 tert.,
682 2497 1024 2552 redimantur.
1061 2497 1182 2552 Mox
1215 2493 1350 2551 Coll.
1394 2493 1658 2561 Gronov.,
1701 2493 2088 2560 discernuntur,

496 2576 560 2622 ut
588 2578 644 2621 et
668 2567 840 2636 Lugd.
875 2569 990 2621 Bat.
1024 2577 1150 2622 tert.
1175 2580 1274 2636 pro
1305 2565 1636 2619 discernitur.

571 2638 660 2693 19.
693 2638 1026 2708 Quacumque
1068 2647 1180 2692 arte
1214 2638 1492 2708 potuisset.
1515 2636 1570 2688 In
1599 2650 1732 2708 mss.
1762 2636 2009 2708 optimis,
2036 2636 2088 2692 id

495 2717 600 2776 est,
635 2710 809 2764 tribus
846 2707 1111 2765 Florentt.
1140 2707 1262 2764 Ilico
1289 2719 1343 2762 et
1377 2707 1629 2774 Perizon,
1660 2707 1791 2762 illud
1829 2717 1940 2762 arte
1981 2724 2089 2763 non

496 2780 792 2851 invenitur.
845 2780 982 2836 Edd.
1017 2793 1235 2851 quoque
1279 2779 1464 2851 prima:
1511 2787 1575 2851 et
1616 2776 2084 2851 Venettedelent.

497 2850 591 2906 Sic
634 2867 950 2919 quacumque
995 2849 1203 2907 dictum
1240 2849 1368 2917 erit,
1401 2858 1463 2903 ut
1505 2849 1681 2920 aliqua
1719 2849 1862 2921 apud
1904 2849 2095 2922 Virgil.

493 2921 698 2978 Ecloaa
726 2938 802 2978 ιιι.
826 2923 914 2978 15.

527 2923 698 2992 icloga
726 2938 802 2988 ιιι,
826 2923 914 2978 15.

684 3023 812 3074 Etsi
836 3035 933 3072 non
959 3023 1119 3087 aliqua
1146 3023 1419 3087 nocuisses,
1444 3026 1669 3073 mortuus
1689 3035 1846 3074 esses.

499 3129 561 3213 Id
609 3139 694 3186 est
733 3132 1074 3201 aliquatenus,
1099 3129 1275 3202 aliqua
1320 3131 1543 3199 ratione,
1589 3138 1651 3185 ut
1695 3130 1933 3201 expliCat
1969 3130 2100 3188 Ser-

502 3217 646 3257 VIUS.

574 3245 702 3327 Grip.
733 3272 876 3330 XIII.
901 3303 974 3316 —-
996 3275 1049 3330 ‘l.
1073 3275 1222 3330 Anno
1241 3273 1304 3327 ab
1332 3272 1468 3327 Urbe
1490 3288 1608 3326 con.
1632 3288 1803 3329 nxvn.
1830 3275 2086 3338 Amilcar,
2122 3245 2169 3310 ε

500 3353 657 3416 pater
704 3344 1021 3414 Annibalis,
1067 3356 1292 3402 auctore
1324 3343 1684 3416 Cassiodoro,
1725 3345 1776 3398 in
1828 3345 2090 3415 Hispania

506 3415 723 3471 Occisus
772 3428 893 3483 εει,
936 3417 1005 3471 Μ.
1055 3417 1278 3472 ᾹΞιιιιΙὶο
1321 3415 1578 3479 Barbula,
1628 3415 1696 3468 Μ.
1745 3416 1906 3470 Junio
1959 3419 2090 3472 Pera

502 3502 672 3554 coss.,
707 3488 798 3555 qui
845 3503 1018 3542 annus
1064 3491 1121 3543 in
1171 3487 1348 3542 Fastis
1377 3485 1700 3556 Capitolinis
1732 3495 1816 3540 est
1849 3489 1918 3540 ab
1948 3487 2092 3543 Urbe

503 3572 630 3630 con.
677 3573 841 3612 nxxn.
895 3559 972 3630 De
1019 3559 1305 3615 Amilcaris
1363 3558 1583 3612 interitu
1634 3557 1792 3627 plura
1836 3559 2093 3630 Polybius

506 3629 666 3683 initio
690 3631 781 3682 lib.
814 3645 871 3685 ιι.
903 3629 1067 3685 ΡΑιιιι.

565 3701 628 3772 2.
665 3699 912 3768 Sequenti
951 3719 1090 3755 anno
1131 3701 1285 3772 legati
1325 3699 1702 3754 Romanorum.
1734 3700 1965 3770 Legatos
1993 3701 2094 3756 Po-

497 3771 692 3849 lybius
715 3772 807 3849 lib.
832 3787 869 3824 tt
903 3775 1142 3849 nominat
1160 3773 1306 3849 Pulsa
1323 3776 1423 3849 ίκαξ
1446 3775 1654 3827 Λεύκιον
1671 3777 2049 3849 ’Κοροσγκᾳνίογς
2077 3792 2090 3826 :

503 3843 594 3914 qui
627 3842 695 3896 ad
729 3842 956 3897 Teutam
984 3845 1243 3914 Reginam
1270 3845 1602 3914 Illyriorum,
1633 3845 1703 3899 ob
1732 3842 1958 3913 injurias
1988 3846 2091 3897 lta-

502 3913 622 3967 licis
666 3913 1272 3972 mercatoribus’illatas
1305 3913 1454 3968 missi
1488 3915 1729 3982 fuerunt,
1755 3926 1916 3984 atque
1957 3917 2093 3969 alter

507 3999 697 4038 eorum
723 3984 882 4053 jussu
903 3987 1106 4054 reginae
1131 3985 1448 4041 interfectus
1470 3985 1594 4051 fuit,
1627 3997 1681 4040 nt
1704 3987 1845 4040 idem
1879 3987 2091 4043 scribit.

506 4054 580 4128 In
618 4058 854 4128 epitonia
897 4073 1112 4126 quoque
1159 4058 1297 4112 libro
1345 4059 1608 4123 vigesimo
1638 4057 1852 4128 legitur,
1887 4056 2092 4111 Bellum

501 4125 712 4196 Illyriis
762 4125 974 4198 propter
1021 4125 1179 4182 unum
1233 4145 1294 4182 ea:
1346 4128 1553 4199 legatis,
1601 4125 1802 4198 qui'ad
1829 4146 1914 4199 eos
1952 4130 2094 4182 tttissi

504 4206 675 4262 erant,
706 4197 950 4262 occisum,
976 4201 1226 4253 indictum
1252 4209 1344 4254 est.
1368 4197 1646 4268 Appianus
1700 4202 1826 4254 item
1879 4197 2093 4253 Corun-

505 4270 647 4324 canii
677 4271 745 4324 ab
778 4269 978 4340 Illyriis
1008 4271 1280 4326 interfecti
1321 4272 1573 4324 meminit
1609 4271 1660 4323 in
1696 4271 1930 4341 Illyrico.
1968 4270 2095 4325 Flo-

505 4355 602 4394 rus
644 4355 776 4395 vero
811 4342 954 4395 libro
998 4342 1256 4407 secundo,
1287 4341 1466 4410 capite
1495 4341 1551 4404 5,
1593 4341 1797 4408 legatos
1819 4341 2094 4398 Romanos

503 4412 811 4482 imperante
833 4411 1002 4466 Teuta
1030 4413 1244 4469 occisos
1273 4412 1484 4466 scribit.
1519 4411 1725 4466 Plinius
1759 4413 1901 4466 libro
1927 4414 2094 4482 trige-

500 4481 642 4536 simo
663 4485 1078 4553 quarto,capite
1108 4491 1283 4547 sexto,
1300 4483 1544 4538 nominat
1565 4483 1773 4551 legatos
1797 4483 1855 4536 P.
1875 4481 2091 4538 Junitnn

506 4560 563 4626 et
601 4553 664 4608 T.
698 4555 1118 4620 Coruncanium,
1152 4553 1428 4626 quibus,_a
1459 4553 1630 4626 Teuta
1662 4554 1968 4626 Illyriorum
2005 4571 2092 4610 re-

505 4622 630 4700 gina
665 4625 988 4693 interfectis,
1022 4637 1216 4682 statua:
1257 4627 1311 4679 in
1365 4624 1574 4681 Rostris
1616 4622 1806 4694 positae
1849 4626 2084 4682 fuerunt.
2120 4638 2174 4700 ι)

495 4695 671 4753 FAnn.

573 4769 627 4840 5.
653 4765 1083 4840 consuetudinem
1104 4768 1287 4840 prisca:
1307 4766 1690 4837 superstitionis
1709 4769 1954 4840 aggressi.
1989 4770 2093 4825 Pro

504 4839 691 4914 prisca:
710 4838 864 4914 Meus
889 4840 1049 4914 habet
1073 4838 1308 4914 pristina:
1337 4850 1428 4893 :at
1456 4855 1553 4909 pro
1582 4838 1834 4913 aggressi,
1863 4856 2094 4910 quomo-

498 4909 574 4964 do
601 4910 916 4979 invulgatis,
952 4909 1391 4983 sola’Augustana
1421 4909 1672 4981 excepta,
1709 4909 1939 4983 legitur;
1973 4928 2091 4968 om-

497 4995 601 5036 nes
621 4997 754 5037 mss.
771 4998 896 5038 cum
916 4985 1106 5038 eodem
1130 4983 1220 5037 ed.
1249 4982 1506 5037 exhibent
1527 4984 1738 5052 egressi.
1763 4982 1894 5052 Quae
1927 4985 2092 5039 lectio

500 5067 602 5108 nos
633 5052 700 5108 ad
742 5069 922 5110 veram
977 5057 1178 5111 ducere
1223 5053 1474 5120 videtur;
1507 5063 1636 5125 puto
1674 5058 1817 5111 enim
1860 5056 1938 5110 sic
1968 5071 2090 5112 esse

494 5125 869 5198 scribendum,
920 5127 1160 5198 Namque
1211 5125 1482 5198 decemuiri
1547 5127 1615 5180 ad
1671 5127 2094 5183 consuetudinem

495 5197 682 5271 prisca:
711 5197 1099 5271 superstitionis
1125 5197 1360 5266 regressi.
1384 5197 1705 5264 Quintilian.
1736 5199 2093 5271 inVProaantio

493 5267 593 5342 Iib.
622 5283 660 5333 ι,
693 5285 747 5339 p.
777 5267 830 5336 8,
866 5271 1001 5326 Inde
1028 5271 1262 5342 quidam,
1294 5278 1600 5342 contempto
1627 5273 1752 5325 bene
1773 5270 1977 5325 dicendi
2010 5273 2090 5324 la-

495 5341 634 5406 bore,
666 5343 735 5416 ad
779 5341 1081 5416 formandas
1115 5342 1316 5416 animos
1351 5341 1765 5416 statuendasque
1794 5343 1912 5416 citra
1952 5342 2089 5416 leges

486 5413 732 5487 regressi.
779 5411 1098 5487 Exemplum
1133 5411 1387 5470 sacrificii
1431 5413 1627 5468 similis
1669 5411 1904 5487 occurrit
1949 5411 2091 5482 apud

488 5483 732 5558 Livium,
761 5483 1038 5558 aliquanto
1090 5496 1246 5558 post,
1289 5497 1534 5556 tempore
1587 5485 1892 5554 Annibalis,
1929 5500 2092 5556 pera-

493 5557 790 5630 ctu_m,__lib.
821 5557 952 5621 sint,
981 5557 1101 5630 cap.
1128 5559 1216 5630 57.

562 5627 617 5680 4.
643 5625 859 5683 Gallum
883 5625 1368 5684 ttirum'et’Gallam.
1394 5627 1655 5691 Romani,
1675 5628 1850 5697 inquit
1879 5627 2087 5683 Plutar-

489 5696 628 5773 clins
654 5699 705 5773 in
734 5701 1156 5766 Qtucsnonibus,
1180 5701 1271 5756 δύο
1303 5703 1392 5772 μὲν
1423 5699 1613 5773 ἄνδρας
1645 5696 1820 5773 δρο⁷δὲ
1842 5708 2087 5773 γυναῖκᾳς

492 5769 544 5820 έν
566 5775 630 5848 τῇ
677 5771 807 5848 βοῶν
825 5845 831 5848 .
847 5775 1012 5848 ἀγορᾷ
1037 5769 1443 5848 λεγομέγῃίτ-οτές
1588 5769 2085 5848 ἐλληναςτ’,τεξὺς.δέ

490 5837 741 5900 Γαλάταις.
777 5837 966 5904 Caburi-ac
992 5837 1310 5917 ξατῶῥυξάν.
1346 5842 1402 5898 Id
1432 5837 1562 5901 vero
1598 5857 1695 5900 cos
1721 5857 1791 5900 ex
1814 5844 1968 5899 libris
1997 5842 2084 5898 Si-

2193 2423 2414 2500 byllinis
2445 2425 2836 2500 fecisseinitjo
2861 2425 2991 2483 belli
3030 2426 3229 2484 Gallici
3275 2426 3546 2500 Cisalpini
3601 2427 3799 2486 scribit

2195 2496 2337 2550 idem
2369 2499 2421 2552 in
2449 2497 2724 2553 Marcello.
2759 2499 2926 2556 FABR.

2267 2567 2321 2641 5.
2366 2567 2694 2641 L.£milio
2736 2568 2910 2641 Papo.
2965 2569 3191 2626 Emilio
3251 2569 3429 2641 Catuli
3489 2586 3799 2641 cognomen

2201 2638 2364 2708 vulgo
2392 2651 2648 2710 corrupte
2686 2640 2773 2696 ltic
2802 2638 3020 2696 additur
3044 2681 3061 2708 ,
3093 2642 3236 2697 sicut
3266 2639 3435 2696 Pauli
3475 2638 3621 2710 apud
3655 2642 3795 2698 Plin.

2195 2709 2335 2766 libro
2361 2725 2458 2779 ut,
2485 2709 2605 2793 cap.
2637 2711 2728 2766 20.
2778 2711 2833 2795 In
2877 2712 3056 2769 Fastis
3100 2711 3420 2782 Capitolinis
3451 2709 3800 2770 lii'consules

2202 2797 2292 2835 an.
2325 2798 2515 2837 DXXIIX
2547 2797 2629 2836 SIC
2669 2795 3034 2850 nominantur,
3070 2800 3121 2841 C.
3159 2800 3412 2850 Αειιιιιιιε,
3444 2800 3496 2849 ρ.
3532 2799 3585 2840 F.
3619 2800 3710 2842 CN.
3741 2801 3794 2841 Π.

2203 2868 2387 2909 pavus.
2418 2869 2470 2910 c.
2501 2868 2737 2910 ATILIUS.
2776 2871 2833 2910 ιι.
2869 2872 2922 2910 ε.
2952 2872 3010 2912 ιι.
3056 2872 3110 2911 N.
3147 2871 3409 2912 necuws.
3441 2857 3556 2910 lloc
3595 2856 3796 2912 bellum

2203 2923 2470 2980 Gallicum
2501 2924 2816 2981 describunt
2845 2927 3106 2996 Polybius
3152 2927 3295 2982 libro
3341 2942 3419 2992 II,
3463 2926 3792 2982 Plutarchus

2202 2996 2256 3069 i_n
2287 2995 2776 3069 Marcello.Livius
2805 2995 3065 3065 libro'xx,
3095 2998 3290 3054 Florus
3316 2998 3414 3053 lib.
3447 3013 3507 3067 tt,
3533 3002 3715 3069 capite
3739 2998 3792 3065 4,

2205 3066 2500 3129 Eutropius
2531 3067 2669 3122 libro
2701 3085 2760 3124 ιι.
2786 3069 2950 3124 ΡΑιιιι.

2273 3139 2327 3192 6.
2361 3138 2732 3194 Consternatus
2760 3152 2835 3195 est
2875 3139 3538 3196 senatus.'Rcvocavimus
3562 3141 3791 3197 verbum

2205 3219 2279 3264 est
2310 3225 2379 3266 ex
2409 3210 2586 3278 Lugd.
2633 3212 2755 3266 Bat.
2787 3215 2950 3266 tertio
2995 3223 3048 3268 et
3087 3211 3229 3268 Coll.
3262 3211 3503 3269 Gronov.
3534 3228 3549 3279 ;
3583 3228 3708 3268 nam
3740 3213 3793 3270 in

2207 3281 2403 3354 vulgg.
2424 3282 2580 3337 abest
2603 3325 2618 3348 ,
2636 3294 3013 3354 praeterquam
3049 3286 3100 3337 in
3125 3285 3357 3354 August.

2267 3353 2321 3408 7.
2352 3353 2584 3426 Maxime
2618 3353 2966 3409 Gtesatorum.
3013 3355 3090 3410 Ita
3125 3353 3230 3410 hoc
3259 3371 3457 3426 nomen
3489 3371 3556 3410 ex
3583 3355 3788 3426 optimo

2196 3420 2363 3501 Corn.
2411 3424 2692 3501 Gualtlieri
2745 3426 3217 3501 liliro_descripsi.
3267 3425 3528 3501 Polybius
3562 3444 3576 3481 :
3608 3420 3786 3501 Ᾱιὸπερ

2195 3497 2376 3557 εὐθέως
2400 3498 2467 3551 τὰ
2497 3498 2714 3575 μὲγισῖα
2748 3504 2851 3575 τῷν
2891 3499 3059 3564 ἐθνῶν,
3106 3500 3165 3553 τὸ
3211 3498 3474 3575 Ἰνσόϐρων
3516 3502 3613 3575 καί

2195 3566 2624 3646 συμφροιςήσέινὲᾳ
2655 3566 2992 3646 διεπέμποντο
3019 3572 3149 3646 πρὸς
3178 3572 3298 3632 τοὺς
3321 3566 3453 3646 iraira}
3477 3572 3570 3637 τὰς
3588 3568 3793 3632 ’Ἄλπεις

2195 3643 2279 3692 καὶ
2306 3637 2389 3696 ibi
2416 3637 2638 3716 Ῥοδανρν
2665 3637 2900 3716 narranda
2929 3637 3293 3702 κατοίκοῡντας
3313 3641 3568 3704 Γαλάτας,
3590 3663 3795 3716 προσα-

2194 3712 2564 3788 γᾳρειέοὲιένους
2588 3709 2642 3766 δέ
2673 3709 2760 3788 διᾲ
2793 3709 2852 3766 is
2879 3713 3068 3788 μισθᾳῦ
3097 3715 3398 3788 στρατεύειν
3422 3709 3736 3788 Γαισὰτὸυξ.
3764 3716 3793 3772 ἦ

2193 3781 2291 3859 γᾷρ
2328 3781 2458 3846 λέξις
2491 3781 2632 3859 ἀὕτη
2675 3783 2845 3859 τούτο-
2869 3786 3106 3859 angulus:
3140 3781 3348 3859 κύρὲως,
3387 3784 3436 3836 id
3493 3794 3620 3859 est:
3678 3785 3789 3859 Quo

2196 3851 2334 3906 circa
2363 3853 2586 3925 mamma
2613 3863 2791 3925 gentes
2819 3851 3122 3907 Insubrium
3153 3851 3480 3925 et'quorum
3500 3897 3514 3921 ,
3545 3856 3687 3925 facta
3716 3855 3792 3907 in-

2196 3930 2272 3997 ter
2297 3940 2353 3997 se
2377 3922 2646 3990 societate,
2677 3922 2873 3995 legatos
2905 3925 3152 3979 miserunt
3181 3924 3250 3979 ad
3279 3924 3486 3994 Gallos,
3515 3922 3606 3997 qui
3633 3924 3785 3997 Alpes

2200 3993 2616 4068 Rhodanumque
2663 3993 2924 4068 accolunt,
2967 4005 3015 4050 et
3063 4014 3093 4048 a
3119 3997 3380 4060 mercede,
3409 3993 3624 4068 qua'ad
3655 3993 3792 4049 mili-

2197 4065 2750 4138 tianreonducuntttr.
2784 4065 2978 4120 σανδαιὶ
3019 4068 3351 4138 appellantur
3378 4083 3397 4122 :
3420 4065 3486 4120 id
3514 4069 3650 4122 enim
3678 4084 3794 4135 pro-

2196 4137 2305 4209 pria
2331 4135 2428 4209 hac
2467 4153 2647 4189 nomen
2677 4137 2960 4207 signiﬁcat.
3006 4135 3159 4209 Apud
3197 4139 3548 4194 Plutarchum
3578 4139 3634 4192 in
3665 4140 3793 4192 Mar-

2196 4207 2336 4261 ccllo
2368 4207 2473 4262 hoc
2511 4223 2712 4262 nomen
2745 4207 3066 4276 corruptum
3093 4219 3180 4264 cst
3207 4227 3220 4263 :
3259 4211 3455 4280 legitur
3485 4211 3630 4266 cnim
3661 4253 3674 4274 ,
3713 4213 3790 4265 καί

2195 4280 2867 4358 μέετεπέμποντΟᾏΓαλατῶν
2905 4287 3028 4358 τοῦ-ς
3080 4283 3267 4358 μισθοῦ
3330 4284 3786 4358 στρατξρομένους,

2196 4349 2243 4404 oi
2272 4349 2495 4426 Γερᾶται
2540 4352 3008 4426 καλοῦντᾳιηηιιυᾱ
3044 4349 3300 4426 mendum
3333 4349 3437 4422 cgb
3468 4349 3790 4426 illisacccp-

2199 4431 2309 4476 tum
2340 4423 2780 4498 l’ero_,__qu_i__mpa‘z
2801 4423 2859 4477 τὸ
2885 4424 3068 4498 χέρσςςλ,
3105 4425 3208 4480 hoc
3235 4439 3433 4480 nomen
3464 4424 3666 4481 deduci
3694 4439 3790 4494 pu-

2199 4501 2416 4562 tarunt,
2450 4493 2827 4565 Virgilius‘vnt
2861 4493 3082 4550 IEneid.

2571 4645 2683 4697 Duo
2707 4647 2917 4711 quisque
2941 4645 3116 4710 Alpina
3139 4655 3418 4711 c_oruscant_

2449 4707 2588 4760 Caesa
2612 4707 2774 4758 munit.
2835 4707 2849 4711 ⁷
3006 4707 3017 4710 ⁷
3146 4708 3295 4760 Ἐλβιι.

2269 4837 2324 4893 8.
2362 4836 2512 4893 Sicut
2539 4835 2739 4892 Fabius
2769 4835 3066 4892 historicus.
3115 4836 3217 4892 Hic
3243 4845 3328 4893 est
3357 4837 3648 4905 Quinctius
3692 4834 3788 4890 Fa-

2196 4909 2316 4966 bius
2341 4908 2544 4974 Pictor,
2570 4909 2662 4980 qni
2697 4910 2782 4964 his
2807 4909 3154 4977 temporibus
3175 4909 3330 4972 visit,
3355 4919 3408 4964 et
3437 4924 3547 4963 non
3578 4919 3784 4964 tantum

2197 4979 2321 5036 linic
2364 4981 2536 5041 bello.
2569 4979 2664 5034 sed
2707 4990 2763 5035 et
2805 4981 2966 5049 paulo
3005 4989 3127 5046 post
3169 4981 3410 5035 secundo
3452 4980 3684 5042 Punico,
3731 4989 3786 5032 ut

2198 5053 2381 5107 Livius
2424 5053 2644 5113 scribit,
2696 5051 2963 5105 interfuit.
3004 5052 3077 5105 Dc
3109 5053 3211 5106 hoc
3246 5051 3568 5119 Eutropius,
3597 5051 3786 5104 Tradi-

2197 5135 2306 5178 tum
2337 5134 2409 5178 est
2438 5139 2470 5176 a
2503 5121 2669 5178 Fabio
2699 5123 2942 5176 historico
2965 5164 2979 5186 ,
3003 5124 3094 5192 qui
3121 5124 3168 5177 ei
3197 5122 3331 5177 bello
3352 5123 3593 5193 interfuit
3620 5164 3635 5185 ,
3666 5137 3788 5178 nccc

2197 5195 2363 5250 millia
2393 5195 2656 5249 hominum
2691 5204 2873 5263 parata
2904 5194 2974 5247 ad
3002 5195 3058 5247 id
3099 5194 3290 5249 bellum
3331 5195 3514 5264 fuisse.
3583 5193 3788 5248 Plinius

2197 5267 2339 5322 libro
2365 5282 2422 5321 ιιι
2450 5267 2626 5336 capite
2645 5265 2908 5335 vigesimo
2933 5265 3144 5331 scribit,
3178 5265 3382 5320 Italiam
3414 5265 3517 5318 hoc
3547 5275 3789 5336 tempore

2196 5352 2440 5394 armasse
2487 5335 2727 5409 equitum
2761 5352 2900 5391 Lxxx
2953 5335 3145 5405 millia,
3177 5336 3415 5408 peditum
3456 5351 3553 5392 nec
3599 5335 3784 5391 millia.

2196 5409 2363 5464 Faau.

2268 5482 2321 5537 9.
2366 5479 2452 5535 Ex
2478 5480 2665 5551 quibus
2711 5479 2864 5535 Rom.
2897 5488 2944 5532 et
2972 5479 3154 5552 Camp.
3205 5479 3465 5551 Polybius
3486 5520 3501 5546 ,
3537 5481 3788 5552 Ῥωμαίων

2197 5552 2252 5610 δέ
2309 5557 2396 5609 καὶ
2445 5560 2732 5624 Καμπανῶν
2782 5551 3023 5624 πληθῦςη
3051 5551 3217 5618 πεζῶν
3258 5555 3351 5624 μὲν
3399 5553 3472 5624 si;
3510 5553 3673 5606 εἰκοσι
3712 5555 3788 5606 καὶ

2195 5631 2342 5711 irim
2401 5621 2787 5696 κατελέχθησαν
2830 5622 3127 5711 μυριάδες,
3175 5621 3368 5711 irritam
3425 5621 3483 5711 δὲ
3533 5625 3620 5678 ἐπὶ
3677 5630 3789 5683 ταῖς

2195 5697 2563 5772 δύᾳ-μυριάσιν
2580 5693 2784 5772 iniectu
2813 5693 3083 5772 ⁵ἕτιξτιοεῑςῖ
3128 5693 3386 5772 χιᾏιάδες.
3434 5695 3788 5772 Iiomanorum

2193 5781 2241 5823 et
2266 5765 2646 5839 Campanorum
2671 5765 2952 5839 multing
2971 5765 3087 5820 'erat
3112 5765 3343 5836 peditum
3372 5765 3445 5820 ad
3473 5781 3572 5822 CCL
3600 5765 3782 5830 millia,

2194 5835 2420 5911 equitum
2452 5837 2621 5894 millia
2642 5852 2795 5895 χχιιι.
2829 5835 2996 5895 Ρηιι.
