4092 6346
291 339 404 401 889

1333 335 1808 398 lllSTOlilARUM
1849 336 2054 397 LIBER
2093 338 2182 398 IV.
2225 336 2379 397 CAP.
2421 337 2565 397 XIV.

3487 343 3599 405 890

288 470 581 515 manorum
609 466 666 514 et
691 456 1094 528 Campanorum
1125 454 1340 512 fuerunt
1369 455 1608 527 peditum
1642 465 1886 511 trecenta
1915 456 1963 518 Α
1993 455 2068 509 ria
2134 464 2189 510 et
2238 455 2465 512 Rhodus
2523 452 2719 512 insulae
2769 454 2907 512 adeo
2961 468 3245 514 concussa:
3305 466 3489 524 sunt,‘
3528 467 3592 516 ut

289 551 650 624 quadraginta
692 559 817 607 octo
863 551 1031 606 millia
1075 550 1320 614 ducenti,
1365 551 1604 620 equitum
1645 564 1777 605 vero
1806 548 1888 603 vi-

287 647 427 716 ginti
472 661 568 700 sex
611 644 778 700 millia
819 644 1066 700 sexcenti
1103 662 1116 700 :
1150 657 1345 700 ctctcra
1389 644 1683 699 multitudo
1713 645 1892 698 socio-

291 754 416 794 rum
446 737 571 794 fuit.
613 737 919 793 Commisso
964 737 1152 806 praelio
1200 738 1340 808 apud
1384 736 1654 805 Aretium,
1691 737 1887 792 Atilius

291 833 492 888 consul
511 831 728 887 occisus
756 839 869 886 est:
895 831 938 863 ¹⁰
966 831 1274 900 octingenta
1305 831 1472 886 millia
1494 830 1885 895 Romanorum,

217 957 219 960 ‹
297 942 402 982 nec
427 926 624 983 saltem
653 933 798 980 tanta
825 966 840 989 ,
883 935 1080 995 quanta
1111 923 1276 996 250
1301 938 1395 979 eos
1427 933 1634 980 terrere
1661 921 1884 988 debuit,

286 1035 436 1075 Cresa
487 1018 570 1074 sui
601 1027 780 1088 parte,
828 1015 1127 1088 fugerunt:
1171 1032 1295 1072 nam
1343 1016 1443 1072 tria
1488 1015 1655 1070 millia
1697 1029 1888 1072 eorum

288 1121 424 1168 tunc
454 1111 734 1166 interiecta
766 1111 806 1141 “
837 1108 1088 1166 historici
1122 1109 1370 1176 tradunt,
1399 1108 1543 1182 quod
1574 1107 1699 1163 ideo
1733 1108 1888 1174 igno-

289 1202 934 1272 miniosiusturpiusque
957 1209 1076 1266 est,
1107 1211 1215 1255 tam
1241 1201 1428 1271 paucis
1460 1199 1704 1266 amissis,
1739 1207 1888 1253 tanta

287 1296 508 1366 agmina
536 1293 836 1366 diﬂ‘ugisse,
863 1294 990 1365 quia
1016 1309 1079 1350 se
1110 1293 1162 1348 in
1196 1293 1317 1348 aliis
1344 1291 1587 1347 victoriis
1615 1306 1720 1346 uon
1756 1291 1887 1346 viri-

291 1389 401 1444 bus
439 1387 752 1444 animorum
785 1387 1138 1458 praevaluisse
1165 1427 1181 1454 ,
1215 1386 1309 1442 sed
1361 1385 1624 1442 bellorum
1659 1401 1890 1456 proven-

291 1482 463 1546 tibus,
517 1480 897 1552 prodiderunt.
940 1481 1073 1548 Quis
1111 1484 1282 1548 enim,
1326 1494 1482 1550 rogo,
1530 1478 1584 1534 in
1635 1480 1887 1536 exercitu

291 1573 666 1629 Romanorum
685 1573 939 1629 crederet
973 1588 1258 1629 numerum
1282 1573 1444 1628 istum
1476 1573 1643 1628 fuisse
1668 1573 1886 1641 saltem,

295 1682 408 1720 non
441 1666 566 1722 dico
609 1665 860 1746 fugisse?
891 1667 1021 1722 Post
1066 1666 1183 1722 hazc
1227 1667 1530 1722 secundum
1561 1681 1682 1722 cum
1717 1665 1887 1722 Gallis

289 1758 540 1828 pnelium
565 1768 775 1830 gestum
803 1767 908 1826 est,
932 1758 986 1813 in
1011 1773 1118 1829 quo
1145 1759 1305 1828 plane
1326 1758 1681 1829 quadraginta
1711 1757 1886 1813 millia

2000 547 2308 603 labentibus
2357 547 2516 618 vulgo
2546 548 2724 614 tectis,
2760 549 2805 581 ¹⁸
2833 549 3030 620 ingens
3061 565 3275 622 quoque
3304 551 3393 606 ille
3419 551 3598 608 colos-

1995 653 2086 694 sus
2109 642 2268 714 251
2295 649 2496 696 rueret.
2517 640 2780 697 “Eodem
2804 657 2949 696 anno
2970 642 3270 698 Flaminius
3297 658 3437 709 cos.,
3463 660 3598 700 con-

1997 731 2214 799 temptis
2255 730 2515 800 auspiciis
2543 731 2742 800 quibus
2772 747 3014 802 pugnare
3045 733 3463 802 prohibebatur,
3499 735 3594 790 ad-

1996 837 2207 878 versum
2241 822 2426 878 Gallos
2469 822 2738 888 conﬂixit,
2772 833 2828 879 et
2851 825 2999 878 vicit.
3029 825 3070 857 ι’
3097 825 3154 880 In
3186 841 3295 894 quo
3318 826 3467 882 bello
3499 843 3596 882 no-

1993 932 2114 973 vem
2145 917 2312 972 millia
2349 917 2629 973 Gallorum
2662 933 2802 973 caesa
2826 961 2841 984 ,
2874 919 3065 974 decent
3098 928 3153 975 et
3176 929 3390 990 septem
3423 921 3594 977 millia

1993 1020 2148 1084 capta
2173 1011 2510 1066 sunt.“Post
2529 1011 2903 1068 hocClattdius
2928 1012 3468 1068 consulesatorum
3494 1013 3595 1070 tri-

1993 1103 2139 1174 ginta
2180 1102 2348 1158 millia
2387 1102 2612 1170 delevit,
2652 1104 2746 1159 ubi
2785 1103 2950 1159 etiam
2993 1104 3110 1175 ipse
3142 1106 3183 1138 ¹⁹
3209 1104 3593 1162 Virdomarum

1994 1211 2206 1268 regem,
2235 1197 2286 1251 in
2315 1197 2542 1264 primam
2567 1195 2742 1252 aciem
2766 1211 3116 1268 progressus,
3147 1197 3348 1253 occidit
3383 1216 3395 1250 :
3431 1209 3483 1254 et
3515 1199 3600 1254 in-

1994 1299 2077 1348 ter
2125 1291 2294 1346 ntulta
2338 1290 2670 1355 Insubrium,
2701 1305 2842 1361 quos
2869 1291 2937 1347 ad
2972 1291 3302 1348 deditionem
3335 1301 3596 1363 coegerat

1995 1385 2210 1457 oppida,
2234 1384 2595 1441 Mediolanum
2620 1399 2858 1456 quoque,
2886 1385 3079 1441 urbem
3106 1384 3550 1442 ﬂorentissimam
3573 1427 3590 1453 ,

1994 1479 2157 1551 cepit.
2181 1479 2228 1511 ὀ
2251 1479 2458 1535 Deinde
2479 1479 2625 1550 lstri,
2653 1480 2779 1534 novi
2806 1478 3018 1545 hostes,
3042 1480 3266 1536 excitati
3287 1491 3433 1546 sunt,
3457 1495 3598 1552 quos

1994 1575 2278 1634 Cornelius
2292 1575 2660 1648 .‘llinutiusque
2687 1576 2968 1644 consules,
2989 1577 3033 1608 ²¹
3057 1575 3234 1631 multo
3257 1574 3476 1644 quidem
3493 1575 3601 1630 Ro-

1996 1683 2286 1723 manorum
2319 1665 2604 1739 sanguine,
2636 1667 2988 1738 subegerunt.
3021 1667 3269 1738 Emergit
3300 1668 3388 1723 hic
3413 1667 3598 1738 paulu-

1995 1759 2104 1815 lum
2131 1759 2384 1830 antiquus
2411 1760 2502 1815 ille
2528 1759 2898 1816 Romanorum
2932 1760 3195 1830 improbae
3223 1759 3400 1815 laudis
3424 1759 3588 1814 etiam

287 1852 572 1906 Gallorum
627 1849 899 1906 trucidata
951 1857 1099 1905 sunt.
1151 1849 1415 1921 Sequenti
1466 1865 1609 1905 anno
1652 1849 1882 1905 Manlius
1913 1852 2054 1912 Bdc
2103 1852 2411 1923 parricidiis
2460 1853 2755 1923 appetitus.
2803 1852 2937 1908 Nam
2971 1855 3016 1884 “
3053 1852 3254 1908 Fabius
3297 1851 3596 1908 Censorius

287 1944 600 2015 Torquatus
657 1953 713 2001 et
767 1943 991 2000 Fulvius
1036 1943 1261 2001 Flaccus
1310 1945 1588 2008 consules,
1635 1945 1676 1976 η
1725 1945 1886 2016 primi

287 2050 442 2094 trans
470 2038 675 2094 Padum
711 2038 990 2093 Romanas
1026 2037 1236 2095 duxere
1273 2039 1534 2110 legiones.
1582 2039 1886 2108 Pugnatum

286 2143 374 2188 est
421 2132 497 2187 ibi
542 2147 665 2186 cum
718 2131 1035 2188 Insubribus
1078 2131 1271 2196 Gallis,
1321 2145 1553 2200 quorum
1603 2130 1886 2187 interfecta

287 2231 424 2279 sunt
449 2223 639 2295 viginti
663 2224 762 2278 tria
794 2223 986 2289 millia,
1017 2223 1060 2255 ¹³
1081 2221 1318 2294 quinque
1348 2223 1516 2278 millia
1545 2231 1705 2293 capta
1735 2231 1888 2278 sunt.

287 2317 370 2372 Eo
391 2315 592 2372 deinde
620 2329 787 2382 anno,
821 2314 912 2385 qui
942 2314 1068 2369 huic
1096 2315 1380 2384 proximus
1413 2313 1534 2378 fuit,
1567 2313 1684 2368 dira
1718 2313 1886 2369 mise-

289 2425 406 2465 ram
434 2407 637 2465 Urbem
670 2419 912 2464 terruere
940 2407 1203 2478 prodigia.
1234 2406 1487 2462 Miseram
1521 2406 1726 2477 utique,
1764 2421 1886 2478 qua:

289 2500 421 2555 hinc
447 2499 674 2557 fremitu
705 2498 944 2554 hostium
966 2538 982 2565 ,
1014 2497 1141 2554 inde
1171 2497 1408 2568 nequitia
1434 2497 1744 2552 dtemonum
1775 2505 1885 2552 ter-

288 2592 554 2660 rebatur,
594 2589 638 2622 “
666 2604 900 2661 namque
941 2589 994 2645 in
1022 2589 1224 2645 Piceno
1252 2588 1452 2644 ﬂumen
1493 2589 1758 2658 sanguine
1799 2588 1882 2644 ef-

289 2683 451 2738 ﬂuxit
472 2725 486 2749 ,
519 2691 575 2739 et
603 2681 746 2752 apud
774 2681 983 2738 Tuscos
1014 2681 1212 2738 coelum
1251 2681 1447 2737 ardere
1475 2682 1646 2736 visum
1695 2691 1800 2748 est,
1831 2690 1887 2738 et

291 2775 526 2832 Arimini
572 2784 736 2832 nocte
785 2775 952 2831 multa
1011 2775 1185 2832 lucem
1229 2775 1434 2831 claram
1485 2773 1780 2842 effulsisse,
1821 2790 1886 2830 ac

298 2881 408 2927 tres
475 2869 632 2926 lunas
697 2868 1028 2926 distantibus
1093 2868 1217 2925 σαειὶ
1286 2868 1604 2939 regionibus
1661 2877 1886 2925 exortas

289 2963 634 3034 apparuisse.
680 2961 833 3018 Tunc
895 2976 1113 3033 quoque
1168 2975 1367 3032 magno
1420 2969 1734 3016 tcrrmmotu
1781 2961 1887 3016 Ca-

1995 1945 2214 2001 Fahinm
2243 1945 2574 2012 Buteonem,
2611 1945 2780 2000 lilium
2827 1959 3023 2016 suum,
3058 1944 3187 2001 furti
3217 1944 3596 2000 insimulatum

1992 2036 2296 2102 interfecit,
2328 2036 2551 2108 dignum
2577 2037 2790 2094 scilicet
2817 2037 3052 2107 facinus,
3086 2038 3231 2109 quod
3264 2045 3419 2109 pater
3437 2036 3488 2070 ”
3508 2035 3598 2091 vel

1993 2133 2292 2202 parricidio
2325 2133 2674 2202 plectendum
2720 2132 2980 2200 duceret,
3013 2132 3156 2203 quod
3191 2147 3260 2188 ne
3288 2133 3440 2202 leges
3468 2129 3596 2201 qui-

1991 2228 2114 2282 dem
2163 2226 2266 2282 nisi
2291 2226 2339 2260 “
2378 2228 2582 2284 mulcta
2622 2227 2867 2295 pecuniae
2889 2227 2938 2260 ³⁵
2962 2237 3055 2282 aut
3095 2226 3163 2281 ad
3194 2241 3465 2281 summum
3493 2224 3598 2289 ex;

1992 2321 2128 2389 silii,
2159 2320 2207 2354 "
2235 2321 2382 2378 circa
2414 2318 2712 2393 quemlibet
2736 2319 3019 2375 hominum
3051 2327 3413 2376 censuerunt.

2491 2459 2654 2533 252
2693 2457 2923 2516 csrur
2954 2457 3092 2516 xw.

2063 2575 2143 2632 De
2163 2573 2295 2630 bello
2329 2574 2531 2630 Punico
2559 2575 2806 2630 secundo.
2831 2573 3057 2646 Annibal
3079 2574 3522 2646 ingentesstrages
3543 2571 3600 2628 in

2209 2646 2474 2702 Ramnes
2500 2647 2692 2713 edidit,
2727 2663 2823 2717 per
2847 2644 3032 2700 Gallos
3064 2644 3201 2700 viam
3228 2644 3485 2717 aperiens.

2068 2783 2084 2814 ¹
2118 2782 2277 2836 Anno
2304 2781 2372 2838 ab
2399 2780 2551 2838 Urbe
2577 2780 2797 2838 condita
2828 2795 3052 2847 nxxxtv,
3085 2778 3356 2848 Annibal,
3393 2779 3596 2839 Poeno-

1991 2890 2111 2930 rum
2139 2873 2460 2943 imperator,
2485 2873 2784 2945 Saguntum
2805 2915 2818 2938 ,
2849 2871 3288 2928 ﬂorentissimam
3318 2870 3590 2941 Hispania:

1991 2966 2300 3031 civitatem,
2343 2965 2575 3022 amicam
2620 2965 2802 3038 populi
2843 2964 3108 3032 Romani,
3140 2964 3373 3036 primum
3405 2973 3426 3004 ²
3455 2963 3598 3022 bello

1580 3055 2034 3114 IIAVERCAMPI
2078 3059 2314 3115 NOTAE.

364 3156 453 3212 10.
505 3155 817 3225 Octingenta
856 3153 1026 3208 millia
1072 3152 1446 3225 Romanorum.
1479 3139 1658 3221 Vulgo.
1683 3160 1872 3225 contra
1903 3152 1948 3214 C

291 3227 452 3283 ﬁdem
482 3223 748 3282 librorum
777 3225 1272 3296 manuscriptorum
1301 3223 1508 3296 legunt,
1537 3233 1586 3296 et
1610 3223 1876 3296 octoginta

291 3298 460 3353 millia
491 3299 864 3362 Romanorum,
893 3311 1002 3350 non
1035 3293 1381 3351 attendentes
1410 3293 1660 3350 Orosiutn
1695 3293 1744 3348 in
1775 3295 1877 3350 hac

291 3369 519 3424 historia
563 3368 886 3435 exponenda
920 3367 1070 3436 sequi
1096 3381 1193 3421 eos
1225 3367 1313 3432 qui
1343 3366 1578 3436 primum
1603 3365 1874 3434 prmliutn,

291 3441 342 3495 in
384 3457 494 3511 quo
533 3441 673 3497 Galli
701 3440 1013 3509 superiores
1041 3438 1298 3511 fuerunt,
1341 3438 1696 3511 scripserunt
1729 3452 1879 3491 cntu-

292 3509 516 3568 m‘sSum
540 3513 742 3582 junctis
769 3511 1056 3580 utriusque
1097 3510 1340 3582 consuls
1380 3509 1597 3582 copiis:
1648 3509 1877 3582 ideoque

289 3598 412 3637 cum
444 3579 754 3653 signiﬁcare
781 3579 986 3647 vellet,
1018 3580 1332 3635 universum
1365 3579 1668 3653 exercitum
1711 3580 1763 3632 in
1795 3579 1878 3633 fu-

289 3671 413 3724 gam
445 3652 748 3724 conjectum
786 3653 981 3718 fuisse,
1007 3655 1110 3718 ait,
1141 3668 1271 3708 accc
1300 3652 1466 3706 millia
1506 3652 1874 3724 ll_otnanorutn

291 3721 492 3793 fugisse
527 3721 650 3782 {tot
692 3727 835 3781 enim
867 3725 1035 3779 fuisse
1067 3725 1226 3792 paulo
1265 3732 1391 3778 aute
1429 3738 1497 3777 ex
1535 3721 1703 3776 Fabio
1729 3730 1878 3776 retu-

292 3797 375 3851 lit.
407 3797 662 3869 Polybius
686 3811 819 3852 vero
839 3799 998 3851 aliter
1019 3795 1194 3850 dehis
1219 3795 1378 3848 rebus
1399 3793 1873 3869 scribit,qnicutn

291 3879 482 3924 nostro
506 3864 686 3938 'neqne
709 3869 762 3923 in
799 3869 864 3921 iis
891 3884 1011 3938 qua:
1039 3877 1359 3936 sequuntur,
1380 3865 1674 3938 consentit.
1707 3864 1868 3919 Faen.

362 3942 449 3995 Η.
484 3937 732 3996 Historict'
773 3937 1001 3994 (radunt.
1045 3938 1211 3992 Fabr.
1256 3948 1306 3991 et
1359 3938 1576 3993 Scottus
1618 3937 1870 4002 ltistorire,

291 4012 433 4076 quod
462 4024 544 4067 est
571 4021 759 4067 contra
793 4027 924 4066 mss.
957 4022 1008 4065 et
1043 4007 1171 4064 cdd.
1196 4023 1408 4063 omnes.
1436 4008 1588 4072 Quod
1619 4007 1877 4075 prreccdit

292 4099 498 4143 eorum,
533 4085 584 4138 in
623 4085 946 4150 quibusdam
993 4095 1124 4135 mss.
1158 4089 1214 4134 et
1260 4080 1383 4133 cdd.
1429 4094 1535 4133 non
1572 4080 1872 4132 invenitur.

291 4154 461 4220 Lugd.
497 4155 611 4208 Bal.
638 4155 788 4210 delet
814 4164 910 4213 est,
944 4153 1087 4218 quod
1117 4152 1167 4204 in
1203 4151 1308 4205 line
1341 4149 1542 4218 periodi
1576 4150 1870 4204 invenitur.

363 4228 454 4282 1‘2.
499 4225 666 4280 Primi
697 4234 845 4279 trans
875 4225 1103 4278 Padum.
1146 4223 1316 4290 l’lnjus
1355 4223 1430 4276 rei
1465 4223 1668 4276 mentio
1701 4231 1787 4277 est
1821 4221 1872 4276 in

228 4351 232 4353 Α
294 4295 537 4364 Epitoma
567 4298 795 4352 Liviana
828 4296 970 4350 libro
998 4294 1281 4363 vigesimo.
1313 4293 1477 4347 FABR.

362 4369 452 4423 15.
486 4368 720 4434 Quinque
763 4368 930 4422 millia
974 4375 1127 4434 capta
1162 4372 1301 4418 sunt.
1354 4363 1526 4433 Lugd.
1579 4363 1720 4419 Batt.
1765 4371 1875 4418 tres

362 4387 452 4423 10.
486 4387 619 4432 unm
660 4387 720 4422 ue
763 4387 930 4422 mttua
974 4387 1127 4434 capta
1162 4387 1301 4418 sum.
1354 4387 1526 4433 Lugu.
1579 4387 1720 4419 Dilll.
1766 4387 1870 4418 "'83

290 4453 410 4492 cum
442 4441 582 4496 Coll.
615 4387 854 4496 Gronov.
888 4446 944 4492 et
989 4435 1077 4492 ed.
1111 4438 1339 4505 August.
1381 4452 1474 4490 sea:
1519 4435 1689 4488 millia
1719 4444 1870 4505 capta

292 4511 456 4565 fuisse
505 4511 773 4577 scribunt,
815 4510 996 4564 occisa
1027 4524 1155 4561 vero
1182 4508 1348 4561 millia
1396 4507 1609 4578 triginta
1647 4507 1770 4560 tria.
1814 4506 1871 4560 In

289 4591 569 4651 captorum
600 4596 828 4636 numero
849 4580 1132 4651 consentit
1147 4583 1236 4632 ed.
1265 4579 1495 4649 August.

362 4648 450 4708 14.
487 4650 1038 4726 Namqueinjficeno.
1072 4649 1278 4726 Horum
1299 4648 1674 4726 prodigiorum
1708 4663 1874 4726 _men-

289 4724 492 4779 tionem
523 4720 784 4792 Eutropio
810 4723 1082 4778 Diaconus
1110 4721 1371 4776 inseruit:
1397 4721 1492 4775 sed
1527 4720 1647 4774 loco
1672 4721 1874 4792 alieno.

288 4793 366 4850 De
414 4795 606 4852 iisdem
654 4789 980 4852 Plutarchus
1011 4794 1064 4847 in
1103 4792 1382 4860 Marcello,
1419 4793 1688 4864 Φλαμινίου
1710 4789 1763 4864 δὲ
1793 4794 1880 4846 καὶ

285 4872 501 4945 Φουρίορ
540 4875 641 4924 τῶν
669 4869 892 4945 tinnituru-
923 4865 1168 4945 μεγάλρς
1215 4861 1696 4945 harpag-sudaverat»
1721 4861 1878 4945 δγνέιτ

285 4933 435 5010 μεσὶν
457 4941 542 5024 ini
585 4942 708 5024 τεὺς
731 4933 1025 5024 ἰησόϐρἀς’,
1067 4933 1350 5024 spespe»;
1364 4937 1546 5024 aiﬁa‘t't
1587 4933 1714 5022 ῥέων
1728 4933 1881 5024 Ἇὸιδιὰ

285 4961 435 5010 μεσιν
457 4958 542 4994 επι
585 4960 708 5001 τους
733 4958 990 5012 ἰνσοδρας
1011 4979 1025 5002 υ
1067 4958 1202 5024 ωῖυη
1232 4958 1321 5008 μεν
1364 4958 1546 5063 «ignem
1587 4958 1714 5006 ρεων
1741 4958 1767 4988 ο
1797 4958 1880 4989 οια

283 5020 380 5071 τῆς
397 5009 696 5098 ,ηικληνίξος
720 5013 905 5098 seu:
930 5008 1475 5098 satis-
1501 5005 1880 5098 ῖθξὲίξξέήγοξξ

321 5091 498 5161 aurium
522 5086 642 5161 περὶ
667 5076 823 5139 πᾶὶῖιιί
842 5076 1106 5161 ’Δρίμινρὴ
1134 5079 1196 5161 Μ.
1219 5076 1321 5144 est,
1350 5080 1479 5161 cum
1513 5076 1881 5161 li'laminius‘el

318 5151 487 5207 "urius
509 5148 642 5207 cos's.
674 5148 900 5224 magnas'
925 5148 1107 5224 capias
1128 5150 1371 5224 adversus
1402 5148 1648 5224 nsubres
1671 5148 1882 5203 eduxis-

284 5236 426 5287 sent,
478 5228 674 5295 ﬂumen
715 5220 852 5293 quod
905 5220 995 5295 per
1043 5220 1294 5276 Picenum
1347 5221 1883 5295 labitur,_sanguine

285 5299 449 5365 ﬂuere
478 5292 665 5350 risum
705 5292 802 5362 est,
841 5292 1242 5365 nuntiatumque,
1267 5295 1405 5347 circa
1444 5292 1738 5347 Ariminum
1781 5300 1883 5346 tres

287 5363 438 5421 lunas
477 5367 800 5439 apparuisse.
832 5365 1095 5439 Fsan._—-_—
1127 5363 1204 5418 Es
1236 5364 1510 5439 Plutarchi
1557 5365 1677 5419 loco
1710 5372 1878 5439 patet,

287 5434 562 5505 vulgatam
615 5438 937 5508 scripturam
996 5436 1196 5491 debere
1255 5435 1500 5506 pne-ferri
1550 5450 1657 5503 pra:
1697 5434 1880 5508 altera

286 5525 409 5572 quae
443 5512 493 5563 in
526 5505 980 5578 primis—occurrit
1005 5508 1155 5570 edd.,
1175 5505 1387 5577 ﬂumine
1413 5508 1632 5576 sanguis
1653 5505 1879 5574 effluxit.

287 5580 392 5635 Pro
421 5579 677 5646 effulsisse
707 5597 839 5636 tnss.
873 5579 1132 5648 affulsisse
1160 5581 1358 5647 passim
1391 5580 1473 5632 vel
1506 5578 1805 5648 obfulsisse.

358 5653 449 5706 15.
484 5651 675 5722 Ingens
722 5647 925 5724 quoque
973 5650 1354 5724 ille__colossus.
1397 5649 1474 5705 De
1525 5647 1881 5724 b_oo_colosso

289 5723 519 5779 Stt'asho
551 5719 641 5780 lib.
672 5719 786 5791 xcv,
824 5719 1030 5777 Plinius
1060 5720 1155 5776 lib.
1189 5736 1371 5789 xxxrv,
1397 5736 1519 5784 cap.
1551 5721 1605 5776 7.
1637 5719 1802 5791 FABR.

359 5797 451 5850 16.
469 5793 668 5850 Eodem
688 5790 845 5851 anno.
867 5793 944 5850 ιω
964 5806 1153 5850 omnes
1180 5804 1363 5849 amant
1387 5807 1518 5849 mss.
1536 5806 1652 5862 prae
1673 5790 1882 5848 eodem-

288 5882 385 5936 que
413 5882 572 5922 anno.
1511 5901 1518 5936 ς

1903 4548 1957 4610 D

2055 3155 2140 3208 l7.
2177 3153 2242 3225 In
2271 3171 2372 3225 quo
2404 3154 2556 3208 bello.
2589 3153 2722 3210 Cod.
2755 3154 3029 3220 Pcrizon.,
3060 3155 3112 3207 in
3141 3169 3204 3208 eo
3230 3152 3388 3225 bello.

2054 3225 2141 3281 18.
2179 3222 2307 3280 Post
2329 3225 2426 3280 hoc
2449 3226 2700 3282 Claudius
2729 3241 2838 3280 cos.
2868 3226 2966 3280 Hic
2991 3234 3078 3280 est
3099 3224 3441 3280 M.Claudius
3457 3222 3600 3279 Mar-

1980 3297 2172 3363 cellos,
2191 3298 2280 3364 qui
2306 3308 2426 3365 post
2447 3298 2737 3367 quinquies
2757 3297 2950 3351 consul
2975 3296 3099 3350 fuit.
3125 3297 3201 3352 De
3221 3295 3450 3350 victoria
3477 3297 3598 3364 ejus

1979 3379 2176 3494 ego”;
2217 3367 2496 3435 Insubres,
2544 3368 2844 3435 Plutarch.,
2883 3367 3158 3435 l’olibius,
3203 3367 3500 3438 Eutropius
3543 3375 3598 3422 et

1981 3455 2097 3494 an.
2181 3453 2311 3494 Aen.

1981 3453 2097 3494 alll.
2135 3453 2311 3496 P'ABR.

2053 3510 2140 3564 19.
2176 3511 2543 3565 Virdomarum
2589 3527 2779 3583 regem.
2828 3510 2982 3565 Hunc
3023 3525 3205 3578 regem
3239 3509 3400 3581 vulgo
3429 3508 3593 3576 male,

1986 3581 2379 3638 Viridomarum
2407 3581 2712 3638 nominant.
2746 3583 3061 3652 Propertius
3093 3583 3188 3636 lib.
3220 3583 3302 3638 iv:

2104 3695 2402 3759 Virdomari,
2427 3708 2592 3758 genus
2625 3695 2705 3746 hic
2726 3694 2904 3744 Rheno
2917 3693 3132 3756 iactabat
3157 3694 3218 3743 ab
3243 3694 3372 3757 ipso.

1981 3801 2133 3869 Apud
2162 3801 2510 3857 Plutarchum
2554 3802 2609 3858 in
2639 3801 2894 3857 Marcello
2924 3801 3141 3871 legitur,
3161 3808 3268 3871 Δ’τῶν
3301 3801 3536 3856 Γεσὰτων
3570 3799 3597 3855 ὁ

1979 3875 2228 3953 βᾳςηλςύς
2254 3878 2689 3953 [imbuant-LP")
2718 3869 3027 3949 Βιρδὸμαρὸς
3057 3871 3113 3953 ln
3144 3869 3377 3953 Capitol.
3410 3873 3599 3925 trium-

1979 3941 2103 4018 phis
2132 3947 2239 4018 dux
2272 3941 2505 4018 Hostium
2547 3941 2892 4018 Virdumarus
2924 3941 3254 4018 notuinatnr.
3280 3941 3395 4018 FAu

2050 4017 2138 4072 90.
2177 4017 2373 4071 Deinde
2391 4015 2534 4071 Istri.
2583 4015 2897 4080 Eutropius,
2928 4013 3159 4068 Minucio
3182 4013 3346 4083 Rufo,
3373 4011 3440 4065 P.
3471 4011 3598 4067 Cor;

1980 4087 2114 4144 nelio
2145 4105 2277 4143 coss.
2314 4087 2465 4142 [stris
2507 4087 2696 4141 bellum
2741 4087 2947 4141 illatum
2977 4096 3088 4151 est,
3130 4086 3256 4156 quia
3298 4085 3600 4156 latrocinali

1979 4175 2128 4213 naves
2147 4160 2499 4214 Romanorum
2519 4161 2874 4229 fuerant,qua:
2899 4155 3157 4229 frumenta
3185 4155 3512 4229 exhibebant,
3538 4171 3598 4207 ac

1978 4233 2142 4284 multo
2167 4226 2527 4285 Romanorum
2548 4226 2797 4300 sanguine
2824 4230 2974 4299 fuso,
3001 4227 3276 4300 perdomiti
3297 4236 3437 4300 sunt.
3464 4226 3595 4280 Fas.

2049 4302 2141 4354 21.
2165 4302 2218 4354 Μ
2226 4302 2334 4356 ulto
2354 4304 2580 4372 quidem.
2614 4289 2713 4356 Ed.
2741 4289 3012 4372 princeps,
3044 4299 3208 4372 multo
3230 4298 3485 4368 equidem.

2047 4372 2137 4426 22.
2160 4371 2682 4428 FabiusCensorius.
2701 4372 2764 4426 Ν.
2789 4371 3020 4426 Ρειιιίιιῐι
3043 4371 3440 4436 Buleonem,ex
3465 4383 3597 4423 cen-

1977 4446 2156 4509 soriis,
2181 4447 2272 4513 qui
2299 4445 2561 4504 viverent.
2583 4443 3033 4504 vetustissimum,
3056 4441 3377 4513 dictatorem
3399 4441 3598 4513 factum

1981 4530 2122 4568 anno
2153 4510 2376 4572 osxxvtt
2404 4514 2593 4571 scribit
2617 4514 2802 4570 Livius
2821 4515 2959 4568 libro
2985 4528 3136 4569 χχιιι.
3169 4511 3336 4567 Recte
3357 4526 3487 4582 ergo
3509 4510 3594 4566 Si-

1982 4588 2174 4656 gonius
2220 4587 2364 4643 hunc
2404 4587 2629 4656 Fabium
2676 4585 2740 4641 C.
2786 4585 3008 4656 Aurelio
3049 4582 3224 4639 Cottae
3254 4583 3323 4656 in
3364 4596 3596 4656 censura

1980 4653 2105 4728 anni
2130 4675 2245 4714 nxtt
2269 4653 2529 4728 collegam
2557 4659 2740 4720 dedit,
2765 4671 2894 4728 cum
2919 4655 3066 4710 illius
3087 4669 3282 4710 nomen
3312 4654 3366 4708 in
3395 4653 3597 4709 tabulis

1979 4726 2296 4799 Capitolinis
2327 4726 2712 4786 intércidisset.
2745 4727 2910 4784 Fsan.

2050 4793 2143 4856 ‘25.
2183 4800 2282 4857 Vel
2312 4801 2680 4871 parricidio.ln
2698 4799 2869 4856 tribus
2892 4799 3061 4870 Lugd.
3082 4798 3201 4855 Bat.
3232 4806 3286 4854 et
3312 4793 3596 4853 Coll.Gro-

1983 4887 2110 4928 nov.
2146 4872 2302 4928 deest
2324 4875 2426 4927 vel.

2051 4943 2145 5017 24.
2171 4943 2381 5017 rblulcta
2424 4943 2675 5017 pecunia.
2699 4942 2888 5017 L_u_gd._
2915 4941 3058 4998 Batt.
3091 4956 3191 5017 pr.‘
3209 4949 3265 4996 et
3309 4947 3434 4997 tert.
3464 4953 3591 4995 cum

1985 5014 2124 5070 Coll.
2158 5013 2434 5080 Gronov.,
2459 5013 2628 5068 multa
2655 5013 2978 5068 reddendum
3009 5013 3263 5082 pecunias.

2052 5086 2143 5141 25.
2173 5087 2274 5140 Aut
2296 5088 2366 5140 ad
2390 5103 2645 5142 summum
2667 5084 2856 5140 exsilii.
2884 5085 3022 5140 Cod.
3045 5083 3288 5154 Longob.
3307 5097 3431 5138 cum
3460 5082 3593 5137 Flo-

1983 5167 2124 5214 rent.
2161 5173 2272 5214 sec.
2296 5199 2312 5222 ,
2343 5158 2554 5214 duobus
2582 5156 2750 5228 Lugd.
2785 5157 2925 5212 Batt.
2953 5165 3010 5212 et
3037 5155 3316 5222 Pcrizon.,
3337 5161 3427 5208 aut
3449 5170 3594 5208 sum-

1985 5245 2126 5283 mum
2157 5229 2348 5283 exsilii.

2053 5299 2146 5354 Q6.
2178 5299 2329 5355 Circa
2343 5300 2616 5370 quemlibet
2645 5298 3078 5357 hominum.Tres
3101 5315 3165 5355 ex
3195 5296 3371 5370 Lugd.
3410 5297 3551 5352 Batt.
3576 5339 3592 5366 ,

1984 5371 2121 5425 circa
2150 5370 2425 5441 quemlibet
2455 5370 2737 5427 hominem.

2054 5439 2464 5500 Car-.XlVa—i.
2499 5443 2652 5498 Anno
2679 5444 2742 5498 ab
2773 5443 2910 5499 Urbe
2935 5443 3089 5498 cond.
3117 5439 3466 5500 nxxxerloc
3491 5455 3586 5496 an-

1985 5531 2057 5570 no
2100 5530 2244 5570 coss.
2292 5515 2509 5572 fuerunt
2553 5517 2622 5570 M.
2656 5516 2845 5572 Livius
2889 5522 2944 5570 et
2983 5514 3044 5569 L.
3091 5513 3369 5576 .Emilius,
3389 5511 3587 5577 quibus

1985 5587 2281 5654 Saguntum
2313 5587 2380 5641 ab
2421 5587 2691 5658 Annibale
2734 5596 3099 5658 expugnatum
3130 5584 3297 5658 fuisse
3325 5583 3585 5658 Polybius

1982 5659 2175 5714 scribit
2195 5659 2334 5714 libro
2363 5674 2440 5713 ιιι.
2475 5657 2555 5713 Tu
2584 5659 2700 5728 lege
2726 5654 2847 5729 quin
2874 5654 3134 5727 Sigonius
3162 5654 3584 5727 diligentiasitnc

1963 5730 2038 5786 -in
2068 5730 2201 5784 Livii
2234 5730 2330 5785 lib.
2366 5746 2460 5785 XXI
2485 5731 2785 5785 annotavit.
2817 5729 2991 5784 FABR.

2054 5801 2111 5855 2.
2136 5799 2287 5855 Bello
2316 5803 2622 5868 impetitam.
2655 5800 2746 5857 Sic
2791 5813 2982 5855 omnes
3009 5814 3144 5855 mss.
3171 5808 3224 5855 et
3249 5797 3337 5855 ed.
3369 5813 3587 5871 quoque

1985 5873 2187 5946 optima
2214 5871 2444 5945 AuguSt.
2474 5872 2665 5945 Vulgg.
2699 5871 2962 5945 plerique,
2992 5871 3124 5929 bello
3155 5872 3386 5944 petitam.
