4046 6344
445 282 548 348 891

1849 267 2056 327 PAULI
2095 265 2324 324 080511

3636 266 3739 328 893

451 395 756 467 impetitam
777 437 792 464 ,
824 391 1025 452 deinde
1048 389 1353 464 :ohsidione
1393 386 1626 446 cinctam
1649 424 1666 456 ,
1703 393 1760 441 ct
1786 381 1926 440 tame
1957 397 2054 440 ex-
2079 386 2132 447 Α
2158 381 2325 440 biduo
2353 379 2618 437 continuo
2644 379 2996 439 immobiliter
3023 393 3144 436 cum
3175 379 3418 438 exercitu
3458 380 3501 413 "
3529 380 3738 438 nivibus

452 489 781 556 cruciatam,
823 488 1118 556 omniaque
1159 484 1373 541 fortiter
1399 478 1866 550 contemplatione
1896 477 2052 546 lidei,

450 599 616 654 quam
640 581 896 638 Romanis
914 581 934 612 ³
949 579 1267 642 devoverat,
1283 576 1441 647 digna
1468 573 1797 644 indignaque
1818 571 2056 627 toleran-

452 689 584 745 tem,
605 687 798 733 octavo
820 675 1044 731 domum
1073 688 1257 728 mense
1288 669 1511 726 delevit.
1531 667 1768 738 Legatos
1783 665 2057 721 Romano-

459 787 578 826 rum
604 769 672 826 ad
693 783 753 824 se
779 768 999 832 missos,
1030 761 1452 835 injuriosissime
1476 759 1639 818 etiam
1662 757 1684 789 ⁸
1705 774 1734 813 a
1761 764 2058 829 conspectu

455 879 556 920 suo
595 861 878 919 abstinuit.
939 858 1147 915 Exinde
1176 855 1301 912 odio
1337 853 1569 910 Romani
1597 853 1868 923 nominis,
1909 851 2056 924 quod

453 957 595 1030 patri
615 955 876 1015 Amilcari
900 996 916 1022 ,
945 968 1069 1009 eum
1104 960 1248 1008 esset
1275 965 1470 1006 novem
1501 962 1673 1004 annos
1703 957 1890 1017 natus,
1920 946 2054 1002 tide-

460 1051 688 1115 lissime,
733 1048 867 1104 alias
892 1045 1330 1110 inlidelissimus,
1361 1051 1488 1099 ante
1510 1056 1632 1096 aras
1655 1042 1934 1110 iuraverat
1953 1082 1968 1107 ,
1993 1039 2054 1095 P.

455 1142 712 1198 Cornelio
743 1140 1021 1210 Scipione,
1046 1146 1100 1195 et
1121 1137 1207 1198 Ti.
1237 1135 1566 1208 Sempronio
1611 1134 1799 1205 Longo
1821 1133 2059 1190 consuli-

459 1237 580 1302 bus,
614 1235 634 1265 ³
665 1234 957 1306 Pyrenteos
984 1239 1201 1288 montes
1229 1235 1630 1299 transgressus,
1659 1226 1802 1286 inter
1832 1224 2058 1282 ferocis-

454 1327 623 1383 simas
649 1326 929 1383 Gallorum
959 1331 1154 1396 gentes
1183 1320 1332 1378 ferro
1355 1321 1499 1378 viam
1533 1319 1784 1390 aperuit,
1814 1327 1868 1373 et
1911 1331 2060 1374 nono

455 1420 671 1480 demum
701 1418 790 1484 die
819 1433 847 1472 a
882 1416 1148 1488 Pyrenaeo
1179 1413 1245 1468 ad
1278 1412 1443 1484 Alpes
1475 1411 1756 1482 pervenit,
1787 1411 1903 1476 ubi,
1929 1409 2057 1466 dum

459 1520 753 1568 montanos
777 1509 998 1578 Gallos,
1047 1506 1316 1578 repellere
1343 1505 1412 1560 ab
1439 1519 1669 1560 ascensu
1701 1503 2015 1560 obuitentes
2039 1543 2057 1571 ,

463 1607 606 1662 bello
635 1609 876 1676 superat,
921 1609 1083 1672 atque
1112 1599 1286 1656 invias
1317 1613 1484 1669 rupes
1513 1597 1625 1668 igni
1655 1595 1914 1668 ferroque
1967 1611 2058 1651 re-

457 1698 681 1764 scindit,
709 1694 1052 1766 quatriduum
1083 1701 1478 1758 cummoratus,
1505 1691 1698 1763 quinto
1727 1690 1944 1746 demum
1971 1687 2061 1744 die

2159 475 2458 532 conclusus
2483 484 2539 532 et
2567 485 2823 540 onustus,
2853 475 3097 548 obriguit
3127 493 3139 527 :
3172 475 3262 530 ubi
3311 489 3544 546 magnus
3577 473 3742 530 homi-

2159 586 2288 625 num
2345 584 2602 624 numerus
2626 613 2641 638 ,
2685 569 2928 640 jumeuta
2980 567 3367 642 complurima,
3402 566 3445 600 ιδ
3475 567 3741 640 elephanti

2161 678 2300 734 pene
2323 678 2513 720 omnes
2557 662 2776 734 frigoris
2819 663 3117 720 acerbitate
3151 662 3456 733 perierunt.
3508 663 3580 717 At
3619 677 3740 718 vero

2158 757 2295 812 alter
2327 765 2454 812 tunc
2480 755 2688 826 Scipio,
2718 757 2882 812 frater
2931 756 3178 812 consulis
3209 754 3514 827 Scipionis,
3544 755 3595 811 in
3629 757 3742 811 liis-

2167 852 2324 922 pauia
2357 850 2586 920 plurima
2604 851 2744 907 bella
2766 851 2956 923 gessit,
2992 851 3035 881 ¹³
3059 850 3341 921 Magonem
3363 864 3605 924 quoque,
3627 847 3744 908 Pte-

2165 959 2356 1000 nurum
2381 943 2602 1011 ducem,
2642 943 2787 999 bello
2821 943 2949 998 vicit
2977 953 3036 1000 et
3062 943 3231 1014 cepit.

2685 1077 2849 1151 354
2874 1073 3106 1134 CAPUT
3128 1077 3249 1134 xv.

2163 1171 2333 1228 Multa
2357 1173 2587 1244 miraque
2615 1181 2723 1225 tum
2749 1172 2988 1244 prodigia
3018 1172 3212 1243 passio:
3255 1169 3586 1244 apparuisse,
3611 1170 3742 1238 quod

2232 1241 2460 1299 Annibal
2486 1241 2605 1297 astu
2633 1244 2702 1296 ad
2729 1241 3132 1300 internecionem
3171 1241 3299 1314 pene
3329 1241 3590 1303 Flaminii
3632 1257 3747 1296 cal-

2233 1315 2362 1371 sutie
2402 1314 2684 1372 exercitum
2713 1315 2971 1370 ceciderit.

2235 1432 2252 1464 ⁸
2283 1430 2424 1486 Diris
2456 1439 2583 1486 tunc
2611 1428 2774 1484 etiam
2827 1427 3058 1484 Romani
3089 1425 3357 1499 prodigiis
3386 1425 3566 1484 territi
3605 1435 3743 1482 sunt.

2162 1523 2295 1579 Nam
2323 1533 2379 1578 et
2404 1521 2538 1578 solis
2562 1522 2712 1578 orbis
2745 1521 2913 1578 miuui
2954 1522 3106 1578 vises
3156 1529 3271 1587 est,
3295 1527 3354 1576 et
3397 1518 3541 1589 apud
3584 1520 3750 1590 Arpos

2162 1632 2368 1688 parma:
2393 1616 2446 1672 in
2475 1615 2618 1672 calo
2642 1613 2794 1680 visre,
2818 1613 2898 1668 sul
2929 1628 3147 1684 quoque
3169 1627 3445 1683 pugnasse
3465 1627 3588 1668 cum
3611 1611 3750 1677 luna,

2162 1710 2183 1740 ³
2214 1707 2360 1780 apud
2387 1706 2664 1777 Carpenas
2688 1704 2709 1737 ³
2741 1703 2977 1762 interdiu
3007 1705 3145 1761 duas
3175 1704 3334 1762 lunas
3356 1713 3530 1771 ortas,
3561 1703 3611 1760 in
3635 1702 3752 1760 Sar-

462 1808 584 1848 cum
646 1790 885 1846 maximo
935 1786 1130 1842 labore
1167 1784 1283 1842 “ad
1335 1784 1494 1856 plana
1546 1783 1818 1856 pervenit.
1869 1781 2060 1840 Fuisse

2171 1799 2314 1856 diuia
2343 1797 2613 1869 sanguine
2668 1795 2778 1852 duo
2821 1803 2975 1852 scuta
3017 1794 3265 1860 sudasse,
3299 1793 3536 1850 Faliscis
3565 1793 3750 1849 ciuium

461 1896 585 1944 tunc
609 1891 910 1947 exercitum
929 1889 1052 1960 ejus
1068 1891 1087 1921 ⁷
1104 1898 1320 1946 centum
1361 1887 1596 1942 millium
1621 1885 1864 1958 peditum
1885 1886 1970 1942 et8
1986 1885 2061 1942 vi-

470 1981 608 2051 ginti
643 1981 803 2054 253
843 1981 1073 2040 millium
1115 1981 1360 2053 equitum
1390 1979 1675 2036 deﬁniunt.
1706 1978 1892 2050 Scipio
1922 1993 2058 2034 con-

466 2075 552 2130 sul
582 2075 834 2134 Arnibali
869 2077 1078 2149 primus
1105 2076 1366 2144 occurrit,
1397 2075 1418 2107 ⁸
1446 2076 1848 2145 cummissoque
1869 2073 2061 2145 prmlio

465 2169 607 2236 apud
637 2167 918 2238 Ticinum,
953 2170 1066 2242 ipse
1091 2170 1333 2241 graviter
1361 2169 1675 2224 vulneratus
1705 2183 1805 2241 per
1848 2167 2062 2239 Scipio-

472 2275 596 2314 nem
631 2260 824 2326 tilium,
859 2261 1156 2318 admodum
1189 2272 1598 2334 prmtextatum,
1629 2265 1718 2333 qui
1751 2273 1878 2334 post
1921 2263 2062 2319 Afri-

465 2367 636 2406 canus
669 2353 1092 2420 mgnominatus
1121 2364 1243 2419 est,
1304 2353 1372 2408 ab
1405 2355 1521 2424 ipsa
1572 2365 1748 2409 morte
1800 2354 2061 2410 liberatus

466 2446 863 2502 evasit.Cmsus
891 2455 979 2502 est
1008 2447 1079 2502 ibi
1105 2461 1241 2517 pene
1264 2448 1444 2501 omnis
1458 2447 1735 2502 Romanus
1763 2448 2056 2502 exercitus.

475 2539 518 2570 ¹⁰
547 2539 849 2610 Pugnatum
881 2538 1080 2595 deinde
1101 2539 1294 2595 eodem
1325 2539 1552 2596 consule
1597 2539 1663 2594 ad
1693 2539 1894 2595 ﬂumen
1921 2538 2056 2596 Tre~

469 2632 635 2694 binm.
671 2634 974 2704 iterumque
1011 2633 1238 2688 Romani
1269 2634 1381 2703 pari
1430 2634 1582 2689 clade
1623 2635 1863 2704 superati
1909 2645 2056 2689 sunt.

467 2725 822 2796 SemprOuius
854 2726 1070 2791 consul,
1101 2725 1322 2796 cognito
1352 2725 1582 2795 collega:
1619 2741 1772 2794 casu,
1814 2743 1846 2781 a
1875 2726 2061 2783 Sicilia

465 2834 589 2873 cum
646 2819 890 2875 exercitu
943 2818 1128 2886 rediit,
1178 2819 1271 2889 qui
1302 2817 1558 2874 similiter
1606 2818 1750 2890 apud
1803 2819 2058 2875 eumdem

468 2910 691 2966 ﬂuvium
723 2925 1073 2982 congressus,
1119 2911 1324 2966 amisso
1371 2909 1652 2975 exercitu,
1711 2925 1852 2981 pene
1910 2912 2062 2968 solus

465 3005 658 3059 evasit.
693 3004 731 3035 ¹¹
767 3003 825 3059 ln
852 3018 919 3058 eo
947 3015 1125 3059 tamen
1159 3002 1306 3058 bello
1331 3003 1494 3057 etiam
1525 3002 1756 3057 Annibal
1788 3005 2060 3059 sauciatus

467 3105 551 3152 est
582 3115 594 3151 :
629 3098 716 3167 qui
746 3109 938 3170 postea
963 3113 1085 3160 cum
1118 3099 1170 3154 in
1202 3095 1478 3154 Etruriam
1525 3097 1700 3166 primo
1721 3113 1850 3153 vere
1879 3107 2061 3155 trans-

2164 1893 2340 1951 scindi
2366 1892 2515 1950 velut
2548 1905 2746 1964 magno
2768 1889 2920 1947 hiatu
2946 1889 3126 1948 visum
3147 1929 3164 1956 ,
3210 1886 3355 1959 apud
3408 1887 3622 1954 Antium
3649 1900 3752 1942 uie-

2166 1989 2409 2046 teutibus
2446 1995 2702 2043 cruentas
2751 1984 2939 2056 spicas
2984 1983 3038 2039 in
3074 1982 3298 2040 corbem
3323 1980 3618 2040 decidisse.
3661 1979 3752 2049 lgi-

2166 2089 2253 2137 tur
2281 2079 2303 2112 ’⁸
2333 2079 2587 2144 Annibal,
2619 2077 2798 2133 sciens
2827 2074 3158 2132 Flaminium
3189 2073 3478 2130 consulem
3502 2073 3669 2130 solum
3693 2071 3740 2126 in

2164 2175 2366 2232 castris
2381 2188 2526 2237 esse,
2550 2187 2659 2244 quo
2679 2170 2914 2228 celerius
2938 2171 3264 2240 imparatum
3287 2168 3575 2231 obrueret,
3591 2167 3751 2235 primo

2165 2283 2296 2324 vero
2325 2280 2642 2338 progressus
2665 2307 2678 2328 ,
2712 2263 2950 2334 arripuit
2969 2262 3306 2332 pr0piorem,
3339 2260 3440 2316 sed
3473 2261 3745 2329 palustrem

2163 2363 2304 2418 viam
2338 2379 2350 2416 :
2379 2369 2435 2418 ct
2465 2370 2577 2414 tum
2609 2359 2747 2414 forte
2776 2358 2983 2414 Sarnus
3004 2356 3113 2411 late
3133 2353 3472 2420 redundans,
3503 2351 3746 2422 pendulus

2163 2465 2219 2511 et
2243 2454 2540 2510 dissolutos
2585 2467 2808 2523 campos
2841 2449 3179 2520 reliquerat:
3221 2449 3290 2506 de
3318 2447 3519 2519 quibus
3557 2446 3742 2504 dictum

2163 2555 2248 2605 ea
2281 2589 2296 2603 o
2561 2615 2623 2667 Et
2645 2627 2756 2680 quas
2777 2615 2912 2679 rigat
2930 2625 3124 2677 aequora
3147 2611 3350 2663 Sarnus.

2162 2737 2216 2794 In
2240 2733 2376 2808 quos
2405 2750 2528 2791 cum
2574 2731 2821 2790 exercitu
2859 2746 3182 2802 progressus
3228 2729 3492 2797 Annibal,
3539 2726 3738 2784 nebulis

2164 2832 2424 2896 maxime,
2453 2845 2573 2897 qum
2604 2828 2672 2882 de
2703 2826 2895 2897 palude
2925 2826 2946 2858 ⁸
2966 2825 3374 2882 exbalabantur
3413 2829 3736 2894 prospectum

2163 2921 2575 2988 auterentibus,
2615 2933 2864 2990 magnam
2906 2926 3114 2988 partem
3157 2918 3435 2973 sociorum
3486 2916 3740 2986 iumento.

2169 3028 2404 3084 rumque
2432 3012 2682 3082 perdidit.
2713 3009 2831 3080 Ipse
2856 3019 3040 3065 autem
3068 3010 3158 3063 uni
3191 3007 3484 3077 elephanto
3506 3051 3519 3074 ,
3549 3006 3632 3077 qui
3660 3018 3739 3059 so-

2167 3105 2251 3160 lus
2272 3104 2638 3174 superfuerat,
2664 3101 3051 3174 supersedens,
3076 3102 3168 3156 vix
3190 3099 3565 3158 difﬁcultatem
3595 3098 3738 3153 itine-

463 3191 588 3259 iret,
624 3193 667 3228 ⁸⁸
693 3192 747 3248 in
777 3207 996 3249 summo
1042 3191 1336 3265 Apennino
1372 3199 1698 3264 tempestate
1742 3203 2051 3265 correptus,
2083 3189 2129 3252 C
2160 3197 2233 3253 ris
2256 3199 2426 3254 evasit
2452 3217 2465 3253 :
2490 3197 2586 3254 sed
2619 3198 2860 3264 oculum,
2886 3197 2906 3230 '
2933 3210 3044 3266 quo
3070 3195 3353 3280 255jam
3387 3196 3588 3254 dudum
3612 3208 3739 3267 aeger

1750 3333 2200 3393 HAVERCAMPI
2239 3336 2468 3393 NOTAE.

541 3454 593 3508 5.
630 3448 1039 3508 Devouerat.Sic
1059 3447 1201 3503 malo
1240 3462 1363 3503 cum
1404 3446 1580 3503 tribus
1615 3447 1790 3520 Lugd.
1832 3449 1952 3506 But.
2003 3459 2066 3509 et

470 3523 617 3582 Coll.
648 3520 887 3578 Gronov.
919 3537 1076 3592 quam
1109 3521 1449 3592 devoverant,
1482 3530 1538 3592 ut
1566 3519 1680 3576 alii.

541 3595 600 3651 ι.
621 3595 661 3649 Α
687 3591 961 3665 conspectu
989 3609 1082 3647 suo
1102 3591 1662 3665 abstinui].AAbstinuit,
1685 3608 1789 3647 non
1811 3593 2066 3665 ubstilnit,

479 3678 561 3723 est
602 3669 652 3721 in
676 3661 1078 3734 manuscriptis.
1113 3662 1294 3736 Livius
1323 3661 1423 3736 lib.
1450 3678 1562 3736 vni,
1606 3663 1929 3736 Quamquam
1959 3664 2067 3718 ηο-

476 3755 628 3793 mana
660 3739 788 3794 bello
815 3753 926 3790 eum
959 3738 1170 3804 fortuna
1201 3734 1468 3789 abstinuit.
1504 3734 1670 3792 FABn.

549 3812 600 3864 5.
634 3809 912 3880 Pyrentcos
939 3820 1151 3880 montes.
1185 3807 1480 3880 Fluralem
1506 3823 1786 3862 munerum
1819 3807 1904 3864 hic
1935 3824 2071 3871 prie-

479 3891 564 3936 ter
591 3878 843 3937 Vin—cent.
871 3878 1076 3934 Βιτιιυν.
1108 3879 1196 3948 qui
1227 3879 1335 3950 huc
1358 3888 1518 3948 caput
1543 3879 1816 3950 exrcrpsit
1844 3881 1897 3934 in
1932 3881 2069 3950 Spe-

475 3953 601 4008 culo
632 3954 838 4009 llistur.
874 3953 967 4006 lib.
1005 3965 1074 4014 vt,
1123 3967 1242 4018 cap.
1278 3949 1372 4012 4‘2,
1421 3965 1636 4020 quoque
1667 3949 1852 4006 amant
1880 3949 2070 4008 omnes

483 4041 613 4079 mss.
661 4035 711 4078 et
748 4023 874 4078 etlil.
906 4032 1066 4087 vett.;
1094 4019 1605 4080 singulmcm’cditt.
1642 4024 1995 4078 recentiores.

409 4159 422 4164 _
555 4097 608 4150 ti.
632 4097 708 4151 Ad
724 4097 901 4164 plana.
920 4095 1093 4149 Italia:
1115 4092 1330 4161 quidam
1359 4107 1491 4148 mss.
1517 4102 1568 4148 et
1594 4093 1716 4148 edd.
1749 4094 2071 4166 adjunguttl,

487 4176 544 4222 ut
567 4177 622 4224 et
649 4169 894 4224 Vincunt.
932 4165 1201 4221 Bellovac.

554 4240 608 4295 7.
657 4240 875 4312 Centum
918 4239 1161 4293 millium.
1214 4238 1586 4312 Mss.__omues
1629 4239 1861 4312 (prteler
1896 4238 2070 4312 Lugd.

486 4317 604 4370 Bat.
635 4321 813 4383 quart.
843 4309 897 4367 in
923 4326 1030 4380 quo
1059 4324 1262 4383 centum
1299 4308 1490 4383 millia)
1522 4308 1764 4383 scribunt
1790 4310 1844 4366 in
1871 4308 2076 4366 centum

484 4380 713 4440 millibus
736 4385 961 4454 equitum
976 4390 1032 4454 et
1061 4381 1238 4454 viginti
1253 4380 1485 4454 millibus
1494 4381 1744 4454 peditum.

558 4459 613 4512 8.
649 4449 842 4524 Viginti
873 4452 1092 4526 millium
1121 4453 1370 4521 equitum.
1400 4449 1636 4526 Triginta
1664 4452 1886 4526 millium
1917 4454 2078 4526 vulgo

487 4534 626 4588 male
648 4522 862 4606 legitur.
885 4522 1094 4606 Nam-in
1120 4538 1309 4606 magna
1328 4525 1603 4606 varietate
1631 4527 1720 4596 qui
1744 4522 2042 4606 plurimum
2062 4569 2078 4591 ,

484 4595 897 4662 cenuim'millia
931 4595 1170 4666 peditum
1190 4639 1206 4658 ,
1237 4595 1423 4664 viginti
1455 4595 1697 4664 equitum
1741 4598 1911 4654 fuisse
1939 4600 2079 4660 scri-

488 4679 647 4740 buut,
697 4684 918 4729 auctore
967 4669 1140 4730 Livio,
1187 4684 1346 4740 quem
1393 4667 1461 4724 de
1508 4667 1593 4724 bis
1636 4669 1794 4726 rebus
1831 4671 2079 4727 consule.

487 4749 652 4805 Faue.

560 4822 616 4875 9.
647 4817 932 4872 Commisso
962 4814 1144 4888 praelia
1172 4814 1311 4885 apud
1341 4812 1598 4888 Ticinum.
1621 4815 1694 4870 De
1741 4815 1845 4871 hoc
1890 4817 2079 4888 prazlio

486 4890 766 4962 Polybius,
797 4889 1010 4962 Livius.
1063 4884 1339 4956 Appianus
1389 4885 1658 4962 dere-bus
1695 4888 1764 4943 ab
1812 4884 2080 4946 Annibale

485 4956 878 5037 gestis,_Silius
901 4961 1281 5037 libro_qu.irto,
1311 4967 1364 5037 et
1406 4957 1520 5014 alii.
1558 4956 1720 5037 Fieri.

559 5036 648 5094 10.
686 5032 985 5105 Pugnatum
1028 5029 1214 5105 deinde
1261 5031 1573 5105 eodenlcos.
1629 5031 1764 5105 llinc
1810 5031 2084 5090 Diaronns

489 5100 807 5174 Eutropium
835 5100 1209 5174 interpolavit,
1244 5118 1364 5158 cum
1404 5101 1492 5156 ille
1514 5103 1810 5174 carterique
1846 5107 2081 5169 sci-into-

488 5195 578 5234 res
629 5173 788 5243 paulo
836 5177 997 5232 aliter
1042 5173 1110 5229 de
1148 5174 1232 5229 his
1288 5174 1447 5227 rebus
1488 5173 1858 5241 sei-ipsisseut.
1914 5177 2084 5234 FABB.

486 5280 558 5291 --
584 5249 843 5316 Quaedam
871 5248 1025 5315 edd.,
1054 5245 1352 5318 Pugnatum
1377 5256 1449 5299 est
1472 5246 1678 5300 deinde.
1705 5247 1806 5302 Ed.
1831 5248 2084 5318 August.,

492 5315 765 5387 Puqimnte
788 5320 991 5372 deinde.
1024 5318 1152 5372 Mox
1182 5315 1313 5391 bello
1347 5331 1442 5385 pro
1475 5319 1678 5386 pi'telio,
1705 5320 1855 5391 quod
1887 5315 2087 5391 saepius

487 5399 713 5461 usurpat
738 5401 948 5450 auctor,
983 5391 1036 5442 in
1067 5388 1326 5461 omnibus
1354 5402 1487 5461 mss.
1537 5389 1831 5444 invenitur.

562 5457 648 5520 Μ’.
679 5460 744 5516 1η
778 5478 834 5515 eo
872 5470 1042 5514 tamen
1069 5457 1222 5513 bello.
1275 5458 1560 5514 Sattcialtts
1613 5461 1850 5516 Annibal
1903 5460 2000 5516 fuit
2036 5463 2088 5518 in

489 5533 892 5604 oppugnatione
917 5531 1149 5600 Emporii
1178 5544 1342 5604 prope
1368 5529 1717 5604 Placentiam.
1741 5533 1924 5588 Livius
1947 5535 2087 5588 libro

492 5599 755 5734 Eigesimo
811 5599 1024 5674 primo.
1088 5602 1367 5672 Appianus
1429 5599 1495 5655 de
1558 5606 1724 5659 rebus
1787 5606 2088 5660 Annibalis.

537 5695 657 5734 ana.

537 5695 657 5734 ABR.

564 5751 651 5803 12.
679 5745 745 5798 In
782 5763 977 5800 summa
1002 5737 1289 5815 Apennino.
1319 5744 1394 5799 De
1417 5744 1517 5801 hac
1549 5763 1604 5806 t‘e
1633 5747 1816 5806 Livius
1842 5749 1983 5807 libro
2013 5749 2090 5808 vi-

492 5819 696 5889 gesimo
728 5815 906 5886 primo
927 5826 1193 5873 exrremo.
1225 5816 1394 5870 Furti.

2111 4771 2160 4830 υ
2187 4745 2402 4830 ρᾲιςηιο
2433 4745 2528 4830 lib.
2561 4761 2842 4830 axtt,ncap.
2885 4762 2901 4802 ι
2931 4762 2948 4802 :
2977 4746 3234 4830 Prodigia
3263 4762 3326 4830 ea:

2244 3455 2331 3511 15.
2367 3455 2586 3513 Nivibus
2623 3458 2914 3516 conclusus.
2955 3459 3105 3516 Alias
3126 3500 3141 3526 ,
3173 3459 3415 3516 navibus.
3449 3453 3598 3524 Quod
3633 3451 3740 3526 qui-

2170 3527 2387 3654 d'emLsi
2414 3545 2446 3583 a
2485 3529 2614 3586 vitio
2646 3529 2997 3586 librariorum
3043 3524 3151 3588 non
3205 3531 3395 3599 fuerit,
3429 3530 3590 3585 miror
3619 3524 3742 3582 unde

2171 3613 2214 3653 sn
2247 3637 2261 3651 .
2339 3615 2471 3654 aur.

2171 3607 2261 3653 Sil.
2295 3607 2471 3656 LAU’I’.

2246 3671 2333 3727 ιι.
2360 3670 2638 3738 Elephanti
2684 3689 2811 3740 pene
2835 3689 3032 3729 ontnes.
3080 3673 3219 3730 Editi
3252 3673 3502 3744 plerique
3531 3673 3739 3726 interse-

2173 3753 2299 3796 ruut
2329 3755 2526 3806 autem,
2557 3753 2745 3799 contra
2778 3761 2909 3800 mss.
2941 3757 2997 3800 et
3022 3745 3175 3801 Vinc.
3207 3745 3343 3800 Bell.

2249 3815 2336 3870 ιδ.
2373 3814 2667 3887 iilizgonem,
2703 3815 2981 3871 Poenorum
3014 3817 3215 3874 ducem.
3259 3816 3535 3886 Magonem
3564 3811 3740 3887 habent

2175 3887 2339 3940 etiam
2387 3883 2508 3941 libri
2547 3889 2941 3957 ntauuseripti,
2996 3905 3118 3944 cum
3169 3883 3738 3957 tameu'ePolybio‘ct

2175 3957 2335 4012 Livio
2357 3967 2566 4012 eertum
2593 3960 2686 4026 sit,
2715 3951 3148 4030 non-Magonem,
3181 3961 3277 4016 sed
3311 3951 3625 4030 Annonem}!
3651 3951 3738 4006 CII.

2176 4030 2458 4090 Cornelio.
2487 4031 2550 4084 P.
2588 4031 2858 4099 Scipionis
2891 4025 3082 4093 fratre.
3122 4025 3340 4100 Captum
3370 4030 3554 4086 fuisse.
3591 4025 3737 4100 Faue.

2176 4131 2246 4142 -—
2275 4103 2454 4166 Quare
2504 4103 2607 4156 hoc
2638 4092 2696 4156 in
2723 4103 2844 4157 loco
2893 4092 3108 4172 quoque
3160 4092 3349 4169 reponi
3384 4106 3637 4172 Annonem
3670 4092 3741 4148 vel

2182 4171 2493 4298 "uliginem
2511 4173 2666 4242 jubet
2691 4173 2880 4232 claris.
2903 4171 3324 4245 Oudendorpius
3351 4175 3420 4230 ad
3450 4171 3739 4228 Frontinum

2182 4263 2234 4298 D.
2381 4285 2393 4298 .

2255 4316 2384 4371 CAP.
2416 4316 2530 4391 ΧΥΣ
2554 4346 2626 4391 -_—-_
2651 4319 2700 4372 I.
2725 4315 2875 4391 Diris
2904 4328 3026 4391 tunc
3069 4317 3342 4390 prodigiis.
3371 4318 3499 4391 llaec
3527 4307 3740 4391 prodis}:

2181 4400 2307 4442 sunt
2339 4388 2480 4454 apud
2513 4387 2729 4444 Livium
2763 4389 2920 4445 initio
2963 4384 3088 4445 libri
3120 4384 3244 4444 x'xni
3290 4397 3348 4444 et
3385 4384 3649 4444 Plutarch.
3691 4384 3736 4435 itt

2183 4460 2378 4517 Fabio.
2413 4459 2584 4516 Faue.

2254 4532 2308 4585 9..
2343 4529 2495 4594 Apud
2545 4529 2800 4601 Capenae.
2848 4531 2985 4587 Male
3039 4530 3095 4587 in
3151 4530 3278 4588 edd.
3338 4526 3661 4601 Fabricianis
3697 4529 3744 4576 et

2186 4603 2357 4659 Scotti
2392 4604 2589 4669 legitur
2621 4599 2902 4667 Camenas.
2931 4603 3063 4658 Nam
3095 4602 3338 4672 Capena.
3363 4602 3480 4658 sive
3512 4599 3742 4672 Capepte.

2187 4667 2712 4746 oppidumluitinter
2731 4675 2968 4730 Tiberim
2991 4685 3048 4730 et
3073 4667 3254 4730 Veios.
3282 4674 3467 4730 Livius
3489 4673 3555 4726 de
3575 4667 3742 4724 eodem

2187 4757 2402 4787 ndnntn
2433 4745 2524 4787 lih,
2561 4761 2668 4787 IIII
2723 4761 2839 4787 nan,
2885 4762 2901 4787 I
2931 4762 2946 4776 ο
2987 4746 3233 4787 prndim'n
3263 4762 3326 4787 με
3352 4745 3578 4787 ..ιω-ειη,
3609 4732 3746 4787 simul

3447 4745 3578 4798 ribus
3609 4745 3727 4794 simu

2188 4757 2402 4802 ostento
2433 4747 2528 4803 lib.
2561 4761 2694 4817 un,
2723 4761 2842 4815 cap.
2885 4762 2901 4802 ι
2931 4762 2948 4802 :
2983 4747 3234 4814 Prodigia
3263 4762 3326 4802 ea:
3352 4747 3578 4817 pluribus
3609 4747 3741 4794 simul

2188 4820 2314 4874 locis
2371 4819 2612 4875 nuiitiata
2637 4834 2655 4873 :
2683 4817 2904 4890 Capenae
2953 4819 3088 4874 duas
3133 4817 3357 4882 interdiu
3404 4818 3552 4874 tum
3592 4819 3741 4873 orm,

2186 4900 2294 4946 ete.
3151 4920 3154 4922 τ

2257 4965 2311 5019 5.
2345 4959 2606 5017 Interdiu.
2640 4959 2738 5016 Ed.
2776 4959 3032 5028 August.,
3063 4975 3167 5018 ms.
3203 4959 3373 5030 Lugd.
3409 4959 3596 5030 Bahal

2185 5035 2448 5164 gronov"
2497 5034 2551 5086 in
2595 5031 2695 5088 die.
2747 5018 3038 5103 Aliquanto
3095 5018 3389 5102 postnu‘in
3437 5027 3582 5090 corbe
3625 5018 3744 5079 Coll.

2239 5121 2427 5162 rouov.
2627 5157 2629 5161 ,
3728 5159 3739 5164 -

2239 5121 2427 5162 τοιιον.
2627 5157 2629 5161 ,

2261 5159 2315 5233 i;
2347 5159 2572 5232 Annibal
2593 5159 2761 5232 sciens
2795 5173 3137 5231 Flaminiam.
3168 5172 3229 5228 C.
3255 5173 3548 5230 Flaminiae
3573 5159 3744 5244 contuli

2190 5265 2310 5306 cum
2355 5247 2456 5304 Cn.
2498 5248 2731 5304 Servilio
2785 5248 2886 5305 t‘uit
2936 5262 3081 5304 anno
3137 5245 3299 5303 Urbis
3337 5258 3561 5306 Μυκη,
3611 5239 3746 5312 ltujt}s

2193 5321 2320 5405 belli
2348 5337 2407 5444 ui:
2437 5321 2632 5375 Castra
2667 5319 2856 5377 habuit
2899 5319 2966 5375 ad
2997 5319 3265 5375 Aretiurn.
3302 5316 3550 5387 Polybius
3576 5319 3626 5366 et
3666 5305 3745 5360 Li-

2193 5407 2328 5444 γωδ.
2409 5407 2528 5444 ΑΒΚ.

2191 5407 2328 5448 γωδ.
2365 5407 2391 5444 Ι⁴
2409 5407 2528 5446 ABR.

2264 5466 2320 5518 5.
2357 5461 2422 5516 Et
2439 5480 2554 5532 quae
2582 5463 2711 5532 rigat
2733 5477 2963 5529 aquom.
2985 5459 3404 5518 llemisticbium
3424 5453 3746 5526 Virgilianum

2194 5544 2280 5590 est
2306 5550 2337 5589 e
2369 5525 2466 5590 ΙὶΙι.
2501 5553 2576 5590 vn
2610 5525 2826 5590 )Eueid.
2869 5533 3032 5597 Fuit.
3707 5585 3718 5598 ,

2267 5609 2321 5662 6.
2356 5606 2775 5660 Exhalubantur.
2803 5594 2951 5660 Meus
2978 5619 3101 5660 cum
3145 5604 3395 5660 Perizon.
3427 5608 3479 5658 et
3505 5594 3618 5652 edd.
3642 5594 3745 5660 qui-

2195 5679 2449 5744 busdam,
2476 5677 2807 5732 exlio/about.

2264 5751 2318 5803 7.
2353 5740 2468 5815 Quo
2493 5753 2609 5822 jam
2633 5750 2726 5802 diu
2755 5756 3052 5822 (eguerat.
3084 5746 3302 5822 Colou.,
3335 5751 3530 5822 egerat,
3572 5751 3632 5793 et

2197 5822 2476 5878 Fabricius
2493 5816 2868 5891 'wgrotaverat.
2902 5818 3075 5875 Lwr.
3107 5847 3178 5858 —
3211 5817 3464 5894 omnium
3495 5825 3614 5871 mss.
3635 5816 3748 5861 eone
