4092 6346
406 299 518 358 895

1450 294 1931 357 IIISTORIARUM
1967 293 2174 359 LIBER
2209 295 2300 359 1V.
2341 295 2494 359 CAP.
2534 295 2674 354 XVI.

3592 305 3701 369 894

402 425 548 484 erat,
572 412 833 479 violentia
861 412 1100 487 frigoris,
1124 412 1431 487 vigiliarum
1454 428 1515 469 ac
1543 412 1772 483 laboris,
1798 412 1997 469 amisit.
2029 415 2081 477 Α
2108 411 2175 468 ad
2217 396 2462 469 extrema
2506 411 2899 470 internecionis
2926 412 3144 473 adducti
3177 425 3322 474 sunt.
3355 417 3522 477 Periit
3550 425 3695 482 enim

402 510 510 571 Ubi
560 525 688 577 vero
731 508 1014 583 proximus
1046 509 1239 569 castris
1280 507 1531 565 Flaminii
1572 508 1816 564 consulis
1860 508 1993 576 fuit,

400 606 710 663 vastatione
739 605 1250 678 circumjacentium
1286 604 1541 660 lucorum
1582 602 1905 659 Flaminium
1940 603 1994 659 in

395 700 607 761 bellum
640 700 915 760 excitavit.
937 703 959 735 ⁸
982 702 1108 758 liam
1125 717 1304 775 pugna
1323 702 1391 758 ad
1406 702 1786 763 Trasimenum
1815 702 1993 760 lacum

392 794 537 851 facta
557 805 642 853 eet
671 811 686 852 :
720 794 811 857 ubi
841 794 1112 859 exercitus
1140 795 1439 862 Romanus,
1470 794 1845 853 infelicissime
1873 802 1993 852 arte

396 887 808 945 circumventus
855 885 1165 953 Annibalis,
1222 885 1466 943 funditus
1517 885 1817 947 trucidatus
1866 895 1989 941 est:

390 978 515 1048 ipse
541 994 764 1050 quoque
792 979 989 1035 consul
1014 978 1254 1050 occisus,
1277 982 1298 1014 ⁸
1330 978 1510 1051 viginti
1540 978 1780 1050 quinque
1819 976 1991 1034 millia

386 1068 766 1127 Romanorum
799 1072 941 1126 ineo
970 1069 1161 1145 prtelio
1190 1085 1353 1151 caesa,
1392 1085 1486 1126 sex
1518 1070 1682 1125 millia
1714 1077 1868 1141 capta
1899 1083 1990 1125 re-

383 1161 665 1239 feruntur.
702 1162 781 1225 De
810 1163 1055 1220 exercitu
1083 1178 1215 1221 vero
1237 1162 1526 1221 Annibalis
1551 1163 1660 1219 duo
1686 1162 1854 1217 millia
1892 1177 1985 1218 cc-

378 1253 662 1317 eideruut.
688 1254 984 1311 Famosunt
1016 1254 1120 1323 hoe
1146 1256 1214 1315 ad
1238 1255 1619 1335 Trasimenum
1661 1254 1834 1313 lacum
1867 1270 1987 1312 cer-

381 1360 572 1406 tamen
598 1348 701 1407 fuit
732 1359 882 1407 tanta
907 1350 1062 1409 clade
1091 1336 1359 1421 Romana,
1387 1348 1623 1409 maxime
1651 1366 1777 1407 cum
1805 1350 1877 1406 ita
1901 1350 1984 1406 in-

378 1449 573 1505 tentus
603 1444 965 1516 pugnantium
1013 1443 1494 1523 ardorexstiterit
1515 1484 1530 1513 ,
1565 1443 1605 1475 ιθ
1636 1452 1695 1499 ut
1729 1441 1984 1517 gravissi-

376 1551 530 1593 mum
578 1545 976 1607 terr-temetum,
1030 1538 1123 1608 qui
1160 1546 1288 1594 tunc
1334 1536 1477 1593 forte
1522 1545 1628 1593 tam
1681 1535 1980 1593 vehemens

380 1628 564 1687 lactus
588 1638 696 1698 est,
739 1640 798 1689 ut
836 1629 1002 1687 urbes
1030 1629 1296 1703 diruisse,
1344 1639 1558 1691 montes
1591 1627 1934 1685 transtulisse
1959 1674 1975 1701 ,

2104 504 2129 537 ³
2156 505 2208 561 in
2235 521 2302 562 eo
2332 505 2519 562 consul
2551 504 2804 562 IEmilius
2837 506 3060 575 Paulus,
3090 510 3406 567 consulares
3429 522 3522 568 aut
3548 529 3691 584 prtu-

2077 600 2224 656 ‘torii
2255 600 2353 655 viri
2392 600 2577 671 viginti
2626 599 2891 656 interfecti
2934 610 3083 666 sunt,
3106 611 3391 681 senatores
3434 605 3519 662 vel
3549 608 3692 678 capti

2096 694 2181 749 vel
2209 693 2371 749 occisi
2415 701 2540 749 sunt
2565 694 2806 764 triginta,
2837 694 3048 749 nobiles
3087 695 3190 751 viri
3221 699 3484 761 trecenti,
3515 701 3684 768 pede-

2094 789 2288 846 strium
2340 788 2565 843 militum
2614 788 2967 861 quadraginta
3020 789 3223 856 millia,
3280 789 3522 861 equitum
3577 793 3677 848 tria

2094 882 2263 937 millia
2307 880 2608 952 quingenti.
2650 880 2821 937 Varro
2871 881 3060 937 consul
3114 896 3238 937 cum
3290 883 3679 954 quinquaginta

2092 974 2364 1048 equitibus
2388 975 2677 1039 Venusiam
2705 975 2858 1048 fugit.
2890 975 3001 1032 Nec
3025 975 3246 1032 dubium
3278 985 3391 1044 est,
3423 977 3675 1034 ultimum

2092 1070 2244 1126 illum
2268 1070 2410 1127 diem
2436 1068 2664 1125 Romani
2689 1076 2864 1124 status
2888 1068 3125 1124 futurum
3152 1066 3341 1132 fuisse,
3372 1068 3420 1125 si
3446 1069 3681 1126 Annibal

2090 1179 2215 1219 mox
2245 1170 2367 1235 post
2397 1160 2676 1217 victoriam
2700 1160 2767 1216 ad
2796 1158 3196 1233 pervadendam
3223 1160 3425 1219 Urbem
3451 1172 3683 1219 conten-

2086 1256 2278 1315 disset.
2312 1255 2540 1312 Annibal
2570 1255 2625 1311 in
2668 1256 3039 1312 testimonium
3087 1255 3327 1312 victoriae
3353 1270 3488 1327 sum,
3520 1255 3541 1287 ‘
3571 1265 3683 1313 tres

2086 1349 2301 1406 modios
2345 1348 2665 1405 annulorum
2722 1362 3012 1403 aureorum
3063 1346 3443 1423 Carthaginem
3496 1348 3676 1421 misit,
3728 1350 3735 1357 ’

2082 1444 2253 1516 quos“
2273 1458 2337 1499 ex
2356 1441 2604 1498 manibus
2622 1441 3029 1505 interfectorum
3048 1443 3291 1514 equitum
3310 1442 3676 1499 Romanorum

2083 1547 2501 1600 senatorumque
2526 1535 2858 1591 detraxerat.
2884 1533 3065 1607 Usque
3102 1534 3238 1590 adeo
3279 1544 3458 1590 autem
3486 1535 3671 1591 ultima

2078 1631 2386 1704 desperatio
2404 1629 2730 1702 Reipublicaz
2748 1628 2889 1700 apud
2911 1627 3157 1684 residuos
3173 1628 3450 1701 Romanos
3467 1628 3563 1684 iuit
3577 1629 3597 1661 ⁵
3616 1636 3674 1685 ut

384 1720 677 1781 discidisse
701 1737 885 1793 rupes,
907 1732 966 1780 et
991 1722 1218 1787 ﬂumina
1239 1732 1540 1797 retrorsum
1562 1721 1807 1793 coegisse
1836 1719 1979 1778 rele-
2079 1736 2360 1783 senatores
2376 1723 2443 1779 de
2463 1722 2814 1795 relinquenda
2834 1720 3006 1786 Italia,
3022 1708 3348 1790 sedibtisque
3366 1719 3672 1792 quaerendis

374 1821 553 1882 ratur,
585 1825 886 1888 pugnantes
914 1816 1141 1873 omnino
1177 1831 1287 1877 non
1318 1816 1610 1879 senserint.
1641 1814 1859 1871 Factam
1903 1814 1971 1875 ad
2002 1806 2049 1873 B
2077 1818 2363 1885 consilium
2403 1815 2562 1890 257
2604 1814 2897 1871 ineundum
2939 1812 3200 1882 putarint.
3247 1811 3402 1887 Quod
3448 1821 3674 1870 auctore

376 1905 762 1971 Trasimenum
806 1908 1061 1976 ruinam,
1110 1909 1359 1978 sequitur
1410 1922 1589 1979 pugna
1641 1904 1966 1977 Cannensis,

379 2002 632 2068 quamvis
664 2002 707 2035 ¹¹
739 2001 896 2058 Fabii
926 2001 1146 2059 Maximi
1173 2000 1455 2063 dictatoris
1492 2011 1707 2073 tempus
1733 2000 1970 2057 medium

372 2092 565 2165 fuerit,
599 2094 693 2167 qui
738 2095 1002 2167 impetum
1033 2093 1319 2184 Annibalis
1359 2094 1669 2153 cunctando
1713 2092 1964 2181 tardavit.

864 2209 1029 2283 κθ
1062 2207 1291 2269 CAPUT
1330 2209 1475 2269 xvr.

373 2325 455 2381 De
483 2326 774 2381 miseranda
815 2325 1172 2382 Romanorum
1201 2330 1350 2385 clude
1377 2328 1447 2383 ad
1475 2328 1683 2385 Caunos
1705 2345 1725 2385 :
1753 2330 1820 2386 de
1846 2346 1969 2387 con-

444 2397 567 2472 silio
591 2397 918 2468 relinquendi
940 2397 1174 2465 Italiam,
1202 2402 1460 2472 quomodo
1490 2402 1716 2457 Romani
1738 2404 1967 2471 respira-

444 2470 553 2596 ἔζη(
575 2513 591 2539 ,
630 2472 1014 2542 exercitumque
1043 2470 1359 2541 reparat-int.
1393 2470 1529 2528 Item
1555 2473 1619 2529 de
1648 2476 1805 2530 variis
1833 2492 1964 2548 prte-

486 2558 549 2595 ts.

447 2658 465 2690 ¹
498 2658 655 2723 Anno
683 2658 753 2717 ab
781 2658 930 2717 Urbe
965 2660 1183 2739 condita
1214 2679 1341 2729 nxL,
1384 2661 1446 2720 L.
1487 2662 1742 2721 IEmilius
1763 2663 1965 2723 Paulus

365 2749 519 2809 etC.
550 2751 839 2829 Terentius
883 2752 1055 2827 Varro
1088 2756 1341 2819 consules
1362 2797 1379 2823 ,
1420 2766 1608 2813 contra
1638 2757 1963 2816 Annibalem

368 2844 568 2911 missi,
619 2845 953 2915 impatientia
1003 2846 1261 2911 Varronis
1305 2848 1549 2909 consulis
1591 2848 1964 2907 infelicissimo

365 2939 519 3009 apud
548 2938 779 3009 Cannas,
831 2942 1039 3014 Apuliae
1071 2943 1273 3012 vicum,
1304 2960 1445 3015 pene
1483 2958 1671 3000 omnes
1699 2943 1963 3001 Romana:

365 3033 485 3101 Spei
514 3032 659 3090 vires
689 3033 1065 3104 perdiderunt.
1099 3035 1232 3092 Nam
1264 3036 1317 3093 in
1361 3051 1427 3092 ea
1470 3050 1647 3109 pugna
1675 3037 1695 3068 ³
1724 3035 1960 3109 quadra-

362 3124 515 3196 ginta
559 3136 792 3195 quatuor
844 3125 1013 3181 millia
1068 3127 1439 3185 Romanorum
1493 3128 1778 3185 interiecta
1808 3137 1955 3199 sunt,

2073 1914 2295 1971 Caecilio
2332 1911 2546 1969 Metello
2568 1909 2949 1969 conﬁrmatum
2977 1908 3206 1975 luisset,
3238 1896 3341 1966 nisi
3371 1908 3668 1971 Cornelius

2072 2007 2258 2079 Scipio
2303 2004 2547 2061 tribunus
2592 2012 2718 2059 tunc
2768 2001 3030 2070 militum,
3077 2004 3097 2034 ⁷
3149 2001 3290 2058 idem
3341 2003 3432 2076 qui
3472 2012 3663 2074 postea

2073 2094 2639 2171 Africanus,districto
2665 2093 2845 2167 gladio
2864 2093 3235 2163 deterruisset,
3263 2108 3326 2150 ac
3357 2095 3534 2165 potius
3558 2111 3660 2166 pro

2071 2193 2258 2267 patriae
2279 2189 2592 2248 defensione
2620 2187 2672 2243 in
2702 2203 2801 2245 sua
2828 2188 2990 2247 verba
3013 2187 3201 2258 iurare
3225 2188 3510 2261 coegisset.
3536 2187 3666 2244 Ro-

2069 2287 2216 2347 mani
2241 2284 2309 2342 ad
2354 2299 2510 2355 spent
2538 2282 2685 2352 vitae,
2717 2279 2873 2353 quasi
2898 2279 2965 2335 ab
2993 2279 3179 2336 inieris
3212 2280 3483 2348 respirare
3511 2281 3652 2344 ausi,

2069 2384 2092 2416 ⁸
2117 2381 2438 2441 dictatorem
2476 2374 2761 2431 Decimum
2792 2372 3011 2431 Junium
3039 2380 3262 2428 creant:
3289 2373 3381 2444 qui
3400 2418 3414 2443 ,
3441 2371 3659 2429 delectu

2068 2474 2258 2532 habito
2287 2471 2357 2528 ab
2385 2467 2543 2525 annis
2570 2467 2763 2524 decem
2803 2474 2857 2522 ct
2886 2475 3095 2536 septem
3117 2507 3134 2534 ,
3164 2466 3467 2533 immaturae
3504 2466 3656 2531 inor-

2066 2569 2381 2637 dinatteque
2405 2564 2610 2620 militia:
2633 2573 2870 2635 quatuor
2888 2560 3131 2633 legiones
3154 2562 3516 2634 undecunque
3536 2578 3663 2619 con-

2067 2662 2262 2723 traxit.
2296 2661 2447 2717 Tunc
2473 2658 2637 2716 etiam
2668 2671 2858 2712 servos
2885 2656 3117 2728 spectati
3143 2657 3360 2713 roboris
3382 2672 3447 2714 ac
3466 2658 3661 2715 volun-

2066 2758 2227 2823 tatis,
2255 2758 2276 2791 ³
2308 2753 2388 2809 vel
2423 2752 2675 2818 oblatos,
2720 2751 2846 2818 vel,
2888 2750 2935 2805 si
2981 2751 3055 2807 ita
3083 2765 3222 2825 opus
3259 2751 3393 2823 fuit,
3438 2751 3661 2817 publico

2064 2851 2245 2924 pretio
2273 2856 2484 2919 emptos
2505 2844 2607 2903 sub
2630 2843 2788 2901 titulo
2818 2842 3085 2911 libertatis
3103 2886 3119 2913 ,
3146 2830 3487 2901 sacramento
3509 2844 3659 2903 mili-
3708 2832 3716 2845 ’

2066 2946 2157 3002 tias
2194 2943 2395 3015 adegit.
2441 2942 2643 3009 Arma,
2679 2952 2797 3011 qua:
2841 2937 3100 3011 deerant,
3145 2938 3364 3011 templis
3402 2939 3662 2998 detraxe-

2061 3047 2224 3106 runt,
2252 3033 2435 3107 egenti
2478 3032 2673 3091 aerario
2710 3032 2939 3104 privatae
2976 3046 3113 3113 opes
3154 3031 3354 3090 refusas
3393 3044 3542 3090 sunt.
3579 3033 3655 3091 ita

2063 3138 2318 3204 equester
2338 3126 2499 3196 ordo,
2529 3127 2601 3182 ita
2629 3126 2783 3195 plebs
2813 3124 3024 3197 trepida
3061 3124 3229 3181 oblita
3259 3123 3566 3182 studiorum
3613 3127 3658 3159 ³⁸

364 3231 695 3289 quamquam
745 3226 801 3274 et
846 3217 915 3274 de
961 3219 1204 3276 exercitu
1251 3219 1536 3277 Annibalis
1586 3235 1781 3293 magna
1829 3236 1957 3292 pars
1982 3207 2031 3269 Β
2060 3224 2117 3281 in
2158 3235 2451 3279 commune
2489 3218 2785 3275 consuluit.
2841 3218 3037 3274 Junius
3079 3233 3300 3290 quoque
3342 3219 3577 3277 dictator
3613 3222 3655 3253 “

360 3323 506 3367 caesa
535 3318 658 3367 est:
688 3310 841 3368 nullo
883 3318 1065 3369 tamen
1111 3313 1317 3371 Punico
1355 3314 1504 3372 bello
1531 3294 1777 3373 'liomaui
1815 3315 1958 3373 adeo

2058 3319 2347 3388 antiquum
2364 3314 2629 3375 Romanis
2642 3312 2885 3381 miserint
2902 3312 3104 3378 factum
3118 3313 3391 3383 accolens,
3413 3329 3514 3388 pro
3527 3330 3658 3388 sup-

1642 3452 2095 3521 HAVEBCAMPI
2135 3451 2362 3511 NOTE.

356 3563 830 3637 stansestlectio,
852 3581 953 3637 quo
963 3566 1081 3635 jam
1108 3564 1304 3621 dudum
1327 3581 1464 3637 ager
1490 3575 1623 3629 erat.
1652 3575 1711 3622 ut
1734 3576 1789 3622 et
1820 3567 1953 3627 Vin-

358 3633 766 3691 centiiBeilov.
799 3633 1143 3708 qtiiinisuper
1190 3633 1562 3704 tamen'addit,
1608 3638 1817 3708 legens,
1864 3648 1947 3695 ta-

356 3722 475 3782 men
502 3710 734 3782 oculum,
753 3707 860 3763 etc.
889 3707 1118 3782 Frustra
1138 3709 1300 3782 igitur
1323 3708 1454 3782 editi
1480 3707 1838 3782 wgrotaverat.

429 3776 486 3852 8.
526 3777 658 3852 Ha’c
686 3797 860 3852 pugna
896 3781 965 3834 ad
997 3776 1355 3836 Trasimenum
1390 3776 1582 3835 locum.
1612 3781 1768 3847 Apud
1816 3781 1945 3839 Plu-

353 3848 529 3904 tarch.
571 3848 856 3929 -iuj‘a'bio
882 3852 1165 3929 luendase
1207 3861 1313 3915 est,
1357 3856 1479 3929 περὶ
1504 3858 1607 3929 τήν.
1638 3854 1947 3929 καλουμένην

351 3924 641 3997 ρραᾳυνὶαεέ
658 3923 1167 3997 λίμνη-υ.-Ρυιγϋίιιεἱ
1178 3929 1272 3997 fruit
1290 3923 1545 3997 Τεαρίένην
1562 3926 1741 3997 λίμνηαέ
1766 3923 1941 3979 vocat.

350 3992 434 4046 Tit
467 3993 588 4057 lege
612 3992 804 4048 Silium
837 3992 1035 4051 libro'v
1065 4005 1121 4049 et
1147 3992 1427 4052 Valerium
1463 3992 1664 4051 libro't.
1702 3995 1868 4052 Fann.

422 4064 475 4119 9.
492 4062 686 4138 [iginti
702 4066 923 4138 quinque
942 4065 1108 4122 millia
1136 4064 1286 4121 Rom.
1308 4067 1363 4121 lu
1392 4083 1561 4138 pugna
1584 4068 1649 4120 ad
1670 4066 1945 4124 Trasime-

348 4150 476 4188 num
505 4134 871 4191 Romauorum
910 4138 1075 4192 millia
1109 4153 1214 4192 xxv
1245 4153 1414 4203 ausa,
1440 4134 1489 4192 ei
1520 4148 1747 4193 crateras
1783 4138 1942 4194 dili'u-

343 4205 494 4275 gisse
514 4208 707 4263 scribit
731 4208 1025 4281 Eutropius
1049 4228 1060 4264 :
1086 4209 1346 4281 Polybius
1372 4221 1423 4264 et
1447 4207 1651 4274 Livius,
1680 4226 1745 4264 xv
1769 4211 1941 4269 millia

343 4291 520 4353 ctesa,
551 4287 606 4353 et
635 4293 729 4353 sex
759 4279 815 4334 in
840 4279 1168 4337 Maharbalis
1192 4279 1523 4353 potestatem
1548 4282 1769 4337 venisse
1797 4281 1937 4337 refe.

343 4350 509 4420 runt:
543 4350 817 4420 Appianus
846 4353 1029 4417 tradit,
1062 4368 1134 4407 xx
1164 4352 1331 4406 millia
1354 4367 1476 4407 cum
1500 4352 1770 4408 Flaminio
1797 4354 1937 4413 ceci-

342 4418 511 4488 disse,
549 4418 779 4477 x'tnillia
806 4440 837 4476 a
868 4423 1181 4479 Maharbale
1206 4434 1385 4490 capta.
1433 4424 1506 4478 De
1530 4424 1812 4480 Annibalis
1838 4442 1933 4481 co-

341 4490 445 4566 piis
476 4492 635 4566 etesis
666 4493 964 4562 scriptores
993 4494 1580 4566 quoquedissentiunt.
1610 4495 1933 4552 Fanu.—ln

340 4561 656 4639 Lugd._i_3at.
681 4561 885 4639 quarta
910 4561 1092 4639 viginti
1121 4561 1306 4639 millia.
1332 4565 1388 4623 Iu
1418 4566 1505 4622 ed.
1533 4568 1728 4638 prima,
1754 4570 1936 4639 viginti

339 4630 451 4688 triti
472 4635 636 4713 millia
664 4630 851 4713 occisa
870 4630 1203 4713 refcrantur.
1236 4636 1341 4713 Pro
1385 4640 1439 4694 in
1468 4630 1766 4713 eo'prtett'b,
1796 4630 1930 4696 Vin-

337 4714 483 4781 cent.
520 4704 726 4781 liellov.
750 4707 900 4781 legit,
932 4710 985 4764 in
1014 4710 1126 4781 ipso
1151 4708 1354 4781 prtelio.

409 4776 498 4834 10.
545 4776 612 4832 Ut
641 4776 999 4852 gravissimum
1034 4776 1421 4852 ἰιιιννὶξζιῃοιαηιἐ
1461 4778 1537 4836 De
1588 4779 1693 4839 hoc
1743 4779 1929 4839 Livius

334 4845 477 4917 libro
504 4864 616 4904 xxu
641 4845 701 4904 Et
721 4849 1045 4907 Plutarchus
1075 4853 1127 4908 in
1159 4850 1347 4906 Fabio.
1381 4850 1549 4917 Fann.

407 4920 497 4976 ii.
544 4918 698 4975 Fabii
727 4920 969 4978 Maximi.
1004 4923 1077 4981 De
1104 4924 1206 4979 hoc
1235 4922 1443 4978 Ennius
1469 4941 1482 4976 :

519 5019 659 5075 Unus
680 5022 826 5074 homo
846 5024 991 5077 nobis
1009 5023 1286 5081 cunctando
1305 5025 1526 5079 restituit
1549 5036 1679 5076 rem.

328 5121 443 5182 Cic.
477 5125 547 5182 de
577 5116 736 5184 Ot‘lic.
768 5138 822 5186 et
853 5129 904 5184 iu
934 5126 1156 5185 Catone.
1184 5129 1355 5186 Pana.

398 5195 529 5255 Car.
553 5197 701 5273 3W.
719 5229 790 5273 -—_
808 5200 859 5255 1.
890 5201 1038 5273 Auno
1062 5201 1123 5256 ab
1153 5201 1290 5273 Urbe
1317 5202 1523 5263 condita
1553 5217 1681 5260 nxL.
1715 5201 1790 5258 Ita
1817 5221 1921 5261 uu-

328 5280 501 5347 ruerat
533 5268 862 5347 AEutropius,
910 5268 1183 5347 quemuiu
1230 5272 1501 5347 Cannensi
1550 5275 1705 5332 clade
1751 5293 1922 5347 expo-

326 5339 754 5416 nendaQrosius
775 5339 1039 5416 sequitur.
1070 5344 1205 5400 Aliis
1233 5343 1321 5400 hic
1345 5360 1519 5413 annus
1542 5355 1625 5402 est
1655 5339 1880 5405 nxxxvu
1899 5391 1914 5416 ,
1985 5392 1989 5400 .

324 5418 383 5465 ut
410 5408 601 5481 Pighio
634 5412 686 5469 in
718 5408 914 5473 Annal.
947 5415 1104 5477 Rom.
1131 5416 1292 5475 Fara.

392 5481 453 5564 ᾖ.
482 5483 844 5564 Quadraginta
866 5489 1291 5564 qualuorntillia.
1319 5487 1527 5564 Livius,
1555 5491 1914 5564 Quadraginta

393 5504 453 5561 Ζ.
482 5504 844 5554 uuaaragmta
903 5504 1089 5541 uatuor
1110 5504 1291 5543 multa.
1324 5504 1527 5555 LIVIUS,
1555 5504 1914 5564 quadraginta

320 5550 488 5608 millia
539 5555 805 5625 peditum,
853 5504 956 5613 igua
995 5559 1159 5613 millia
1199 5558 1509 5630 septingemi
1555 5564 1746 5633 equites
1794 5566 1914 5619 avsi

320 5624 590 5677 dicuntur.
634 5627 909 5677 Annianus
940 5638 994 5677 91
1041 5630 1366 5677 Plutarchus
1413 5632 1653 5677 scribunt
1709 5635 1761 5677 in
1811 5635 1909 5677 tum

320 5627 590 5680 dicuntur.
634 5627 909 5697 Appianus
940 5638 994 5686 et
1041 5627 1385 5686 Plutarchus
1413 5627 1657 5688 scribunt
1708 5635 1761 5690 iu
1811 5635 1910 5693 hac

318 5709 510 5774 pugna
526 5712 663 5756 caesa
678 5700 856 5774 fuisse
887 5702 1271 5774 quinquaginta
1301 5701 1488 5774 millia.
1521 5702 1689 5760 Pana.

482 5766 547 5822 In
570 5786 652 5823 eo.
678 5769 808 5828 Mss.
835 5766 1008 5845 Lugd.
1035 5766 1172 5833 Ball.
1201 5783 1310 5831 tres
1341 5766 1542 5832 addunt
1573 5777 1729 5849 bello,
1761 5787 1822 5835 ttt
1852 5789 1907 5839 et

316 5834 455 5895 Coll.
486 5839 726 5898 Gronov.

2130 3569 2185 3623 4.
2214 3567 2342 3624 Tres
2359 3569 2559 3624 modios
2574 3568 2912 3625 annulorum.
2935 3567 3211 3624 Trimodia
3233 3569 3559 3628 annulorum
3581 3571 3651 3629 ab

2059 3638 2325 3695 Annibale
2347 3638 2724 3707 Carthaginem
2765 3642 2929 3696 missa
2960 3640 3119 3695 tradit
3157 3640 3294 3696 Plin.
3330 3641 3422 3696 lib.
3449 3659 3647 3710 xxxttt,

2055 3726 2183 3784 cap.
2227 3712 2317 3767 50.
2355 3711 2435 3765 'l‘u
2486 3711 2612 3767 vide
2661 3711 2866 3766 Livium
2898 3711 3010 3784 iib.
3043 3727 3194 3784 xxu_t.
3240 3710 3474 3769 Annibal
3503 3715 3646 3784 apud

2056 3781 2349 3837 Luciannm
2403 3785 2567 3850 jactat
2622 3798 2681 3837 se
2726 3799 2831 3836 uno
2876 3782 2965 3838 die
3013 3793 3092 3837 tot
3141 3781 3414 3838 Romanos
3470 3781 3644 3841 inter-

2050 3853 2247 3910 fecisse
2294 3856 2447 3929 :égrs
2494 3857 2617 3917 τούς
2659 3853 2961 3917 δακτυλίους
3005 3857 3168 3912 αὐτῶν
3214 3854 3475 3929 μεδίμνοις
3506 3859 3641 3914 ἀπο-

2049 3936 2322 3998 μετρῆᾳᾳι.
2351 3926 2517 3998 Fanu.

2168 4041 2173 4047 .
2219 3995 2301 4051 Ea:
2329 3996 2580 4050 manibus.
2608 3994 2740 4053 Cod.
2768 3998 2941 4062 Meus,
2973 3997 3037 4053 de
3062 3997 3317 4052 manibus.

2120 4070 2173 4124 6.
2221 4066 2289 4121 Ut
2323 4067 2598 4123 Senatores
2628 4070 2691 4123 de
2730 4068 3069 4139 relinquenda
3097 4068 3282 4123 Italia.
3314 4068 3427 4126 Hoc
3455 4069 3636 4127 consi-

2048 4137 2175 4193 lium
2207 4141 2275 4193 de
2302 4139 2651 4210 relinquenda
2675 4141 2820 4195 Italia
2855 4137 2960 4195 non
2992 4139 3181 4210 Romm
3210 4153 3512 4210 senatores,
3538 4143 3638 4199 sed

2045 4210 2288 4286 reliquiae
2315 4208 2615 4267 Cannensis
2642 4212 2833 4286 cladis,
2881 4228 3002 4286 qua!
3050 4208 3343 4286 Canusium
3389 4208 3636 4286 peringe-

2045 4292 2186 4351 rant,
2217 4281 2474 4348 inierunt,
2501 4294 2722 4339 auctore
2751 4281 2909 4341 Livio
2933 4284 3057 4338 libr.
3090 4298 3220 4338 χχιι.
3254 4281 3418 4339 FABR.

2114 4355 2170 4426 Ἰ.
2195 4353 2342 4426 Idem
2367 4355 2456 4426 qui
2478 4363 2655 4425 postea
2676 4354 2977 4426 Africanus.
3006 4353 3083 4409 Ita
3110 4370 3241 4409 mss.
3268 4364 3324 4411 et
3344 4355 3471 4412 edd.
3500 4366 3633 4413 vett.

2039 4420 2148 4480 Sed
2182 4426 2236 4481 in
2265 4420 2390 4480 edd;
2416 4420 2649 4482 recentt.
2685 4420 2816 4481 illud
2853 4426 2940 4491 qui
2964 4425 3328 4482 desideratur.

2109 4497 2165 4553 8.
2214 4496 2523 4552 Dictaturam
2552 4494 2819 4553 Decimum
2845 4496 3083 4553 Iunium.
3124 4495 3278 4555 Hunc
3307 4497 3630 4556 dictatorem

2039 4565 2226 4643 Livius
2251 4567 2478 4643 etPlut.
2511 4567 2565 4624 in
2599 4566 2770 4629 Fabio
2800 4568 2889 4643 M.
2910 4566 3125 4643 Iunium
3153 4578 3368 4640 vocant,
3398 4586 3632 4643 eumque

2037 4639 2139 4712 viri
2181 4641 2321 4712 docti
2364 4655 2485 4695 esse
2532 4649 2754 4712 putant,
2799 4640 2893 4712 qui
2937 4640 3126 4698 censui
3167 4656 3310 4695 anno
3360 4639 3626 4698 nxxtu'iu

2036 4708 2213 4769 Fastis
2241 4708 2559 4775 Capitolinis
2580 4710 2658 4765 sic
2686 4708 3045 4781 describitur,
3073 4726 3130 4767 ιι.
3165 4727 3367 4769 JUNIUS.
3401 4730 3455 4770 ιι.
3482 4730 3533 4770 r.
3564 4730 3600 4773 n

2033 4797 2088 4837 η.
2116 4799 2272 4839 PERA.
2306 4782 2472 4839 Ἐλωί.

1956 4883 2011 4946 D
2040 4924 2081 4946 Δ.
2211 4852 2307 4946 ῑςει
2323 4853 2553 4946 ablata},
2577 4855 2655 4946 uel
2675 4853 2881 4946 pit-illico
2905 4855 3070 4946 pretio
3091 4870 3227 4946 επιρέ
3259 4854 3628 4946 indicati)?-

2038 4924 2151 4980 sius
2186 4939 2289 4979 non
2323 4924 2462 4979 idem
2489 4926 2557 4980 de
2582 4924 2822 4981 servitiis
2849 4924 3073 4982 armatis
3100 4924 3354 4985 auctores
3381 4927 3626 4983 tradidis-

2036 5008 2116 5050 se.
2148 4996 2335 5061 Livius
2357 4997 2438 5052 ait
2461 4995 2783 5052 dictatorem
2813 5006 2937 5053 octo
2971 4998 3135 5055 millia
3166 5014 3231 5055 ex
3262 4999 3499 5057 servitiis
3528 5014 3653 5065 pu--

1942 5120 1945 5123 ,
2033 5065 2172 5123 biice
2212 5076 2390 5139 empta
2430 5081 2691 5125 armasse.
2737 5069 2970 5139 Appian.
3011 5070 3081 5125 de
3127 5069 3243 5124 reb.
3285 5069 3569 5125 Annibalis
3598 5110 3615 5138 ,

2030 5148 2221 5193 auctor
2248 5146 2365 5204 est,
2393 5150 2640 5195 senatum
2667 5151 2791 5195 octo
2817 5142 2980 5197 millia
3026 5155 3306 5196 servorum
3329 5182 3343 5203 ,
3385 5141 3621 5197 dominis

2028 5208 2171 5265 ultro
2192 5209 2541 5277 donantibus,
2571 5214 2971 5267 manumisisse.
2999 5212 3163 5268 Fann.
3194 5241 3264 5253 —-
3289 5212 3411 5268 Mox
3445 5212 3515 5266 ad
3532 5229 3619 5268 ια·
3662 5242 3667 5249 ι

2025 5291 2342 5336 crumentum
2369 5282 2595 5351 militiae,
2628 5282 2877 5339 Vincent.
2911 5284 3116 5340 Bellov.

2100 5352 2187 5409 lO.
2220 5350 2287 5407 In
2328 5350 2596 5409 commune
2622 5356 2901 5409 consuluit.
2936 5354 3197 5423 Quamvis
3238 5353 3357 5412 haec
3392 5368 3525 5410 mss.
3563 5363 3620 5411 et

2027 5424 2150 5480 edd.
2187 5433 2317 5480 vett.
2347 5426 2419 5481 sit
2452 5424 2633 5490 lectio,
2680 5428 2734 5481 in
2772 5426 3107 5483 Fabricianis
3150 5436 3329 5481 tamen
3363 5426 3611 5481 invenias

2023 5495 2077 5571 in
2104 5497 2365 5571 communi
2407 5497 2662 5571 consuluit
2691 5497 2837 5571 quod
2868 5513 2935 5554 uc
2978 5498 3032 5556 in
3079 5508 3352 5571 pastrema
3394 5497 3613 5569 quidem

2022 5565 2198 5623 Scotti
2231 5570 2573 5625 emendatum
2608 5565 2728 5623 fuit:

2094 5640 2180 5695 11.
2208 5639 2487 5714 Antiquam
2512 5640 2758 5714 [laniante
2780 5639 3216 5714 miseriteﬁtetum
3238 5640 3490 5714 recolens.
3514 5637 3608 5714 Sic

2016 5723 2233 5795 animos.
2257 5710 2455 5795 habent
2491 5728 2622 5795 mss“.
2644 5713 2768 5795 “nisi
2816 5712 2959 5795 quod
3000 5710 3052 5767 in
3086 5711 3327 5795 L_o_ugob.
3376 5710 3605 5795 simplex

2014 5783 2187 5838 colens
2222 5785 2546 5840 inveniatur.
2584 5783 2725 5839 Editi
2754 5781 2998 5853 quidem,
3030 5794 3087 5839 ut
3122 5781 3354 5852 llitiorp.
3384 5792 3439 5838 et
3480 5781 3610 5838 Bol-

2016 5854 2222 5929 suiug.,
2255 5857 2482 5922 recolens
2504 5864 2715 5914 statum.
2736 5854 2842 5914 Sed
2862 5854 2989 5913 edd.
3009 5854 3178 5927 antiq.
3201 5864 3608 5928 amautquoquo
