4046 6344
388 361 496 422 895

1787 355 1990 416 PAULI
2031 353 2261 416 OROSII

3582 359 3682 420 896

391 479 673 548 plemento
710 475 1019 545 exercitus,
1053 476 1263 545 edicto,
1301 475 1452 534 velut
1481 473 1634 548 asylo
1671 475 1977 546 patefacto,
2007 483 2059 543 Α
2084 472 2359 528 miseriam
2377 471 2459 530 vel
2485 472 3387 546 miseramimprobitatem.”Quis
3403 473 3592 532 credat
3616 490 3682 534 eo

393 569 648 626 homines
676 569 1004 642 quicumque
1031 570 1330 627 sceleribus
1349 584 1411 625 ac
1431 568 1630 626 debitis
1659 567 1873 625 obnoxii
1898 582 1988 623 es-

396 672 538 729 sent,
571 660 898 732 impunitate
927 662 1216 732 promissa,
1243 661 1451 717 militia:
1475 660 1815 730 mancipavit,
1847 673 1986 730 quo-

393 771 514 810 rum
546 768 805 810 numerus
831 755 872 785 ²²
903 753 968 809 ad
1009 769 1107 810 sex
1137 754 1307 809 millia
1337 753 1575 809 virorum
1609 753 1728 808 fuit.
1761 754 1989 823 Campa-

395 849 483 904 nia
506 863 669 917 vero,
699 847 779 904 vel
804 848 983 919 potius
1006 850 1182 903 omnis
1203 847 1376 913 Italia,
1399 847 1464 902 ad
1493 846 1812 902 Annibalem
1839 888 1854 914 ,
1888 845 1986 901 de-

403 949 620 1013 sperata
653 941 867 1010 penitus
903 940 1134 996 Romani
1166 949 1343 996 status
1377 940 1743 1011 reparatione,
1767 939 1984 994 defecit.

401 1035 531 1090 Post
561 1035 665 1090 hoc
695 1034 892 1090 Lucius
921 1034 1232 1091 Postumius
1263 1044 1465 1106 praetor
1485 1035 1768 1090 adversum
1794 1036 1836 1066 ¹³
1859 1034 1985 1090 Gal-

407 1127 489 1181 los
520 1141 760 1198 pugnare
791 1126 1008 1195 missus,
1035 1142 1156 1182 cum
1182 1127 1424 1182 exercitu
1448 1142 1621 1182 caesus
1651 1137 1754 1183 est.
1785 1125 1990 1182 Deinde

399 1220 727 1290 Sempronio
758 1221 1039 1289 Graccho,
1068 1221 1134 1290 Q.
1180 1221 1350 1278 Fabio
1377 1221 1609 1276 Maximo
1640 1221 1985 1286 consulibus,

397 1310 659 1367 Claudius
705 1311 870 1384 258
918 1313 1208 1369 Marcellus
1263 1327 1329 1368 ex
1388 1323 1618 1384 praetore
1668 1312 1992 1384 proconsule

397 1404 712 1476 designatus
745 1446 761 1472 ,
816 1404 860 1436 ”
902 1405 1189 1461 Annibalis
1237 1407 1538 1461 exercitum
1590 1406 1774 1475 prmlio
1813 1405 1948 1460 ludit
1975 1447 1989 1471 ,

406 1497 724 1568 primusque
748 1506 870 1570 post
893 1507 1072 1553 tantas
1094 1497 1429 1568 Reipublicae
1459 1497 1641 1553 ruinas
1661 1512 1808 1568 spem
1836 1496 1987 1566 fecit,

407 1590 729 1648 Annibalem
759 1607 922 1662 posse
951 1592 1221 1664 superari.
1252 1592 1537 1663 Scipiones
1577 1603 1754 1647 autem
1787 1591 1840 1647 in
1869 1592 1994 1647 llis-

405 1685 564 1755 pania
596 1684 978 1754 Asdrubalem,
1014 1686 1309 1742 Poenorum
1342 1687 1749 1754 imperatorem,
1780 1683 1845 1738 ad
1890 1683 1994 1739 Ita-

402 1778 529 1832 liam
570 1779 874 1833 exercitum
915 1787 1361 1849 comparantem,
1401 1777 1445 1808 ¹³
1485 1777 1805 1848 gravissimo
1848 1775 1994 1832 bello

2093 575 2356 637 tempore,
2379 581 2487 638 quo
2516 567 2764 621 terarium
2795 566 3218 638 populiRomani
3244 581 3469 638 egenam
3494 567 3686 639 stipem

2091 659 2295 731 privata
2315 658 2602 714 collatione
2619 660 2893 729 poscebat,
2911 659 2957 691 “
2979 659 3136 716 miles
3159 660 3212 715 in
3232 661 3428 715 castris
3470 659 3684 716 noimisi

2091 761 2177 804 aut
2197 765 2327 820 puer
2341 757 2433 804 aut
2447 764 2662 820 servus,
2679 749 3101 816 autsceleratus,
3116 758 3209 804 aut
3226 749 3443 806 debitor
3454 758 3508 805 et
3522 765 3588 806 ne
3607 751 3685 807 sic

2090 843 2366 914 quidem"
2391 842 2854 898 numeroidoneus
2872 851 3013 910 erat,
3031 843 3318 898 senatusin
3332 843 3480 898 curia
3510 843 3688 897 omnis

2092 952 2229 1008 pene
2259 935 2494 991 novitius
2519 935 2802 990 videbatur
2829 954 2840 990 :
2871 944 3149 1006 postremo
3177 949 3300 990 eum
3329 935 3401 990 ita
3435 935 3688 990 imminu-

2094 1031 2166 1085 tis
2192 1032 2356 1104 259
2380 1030 2672 1102 fractisque
2698 1032 2948 1087 omnibus
2974 1033 3020 1064 "
3047 1031 3451 1104 despcraretur,
3471 1041 3678 1088 utcon-

2093 1124 2274 1178 silium
2325 1123 2394 1177 de
2435 1121 2792 1195 relinquenda
2837 1123 2990 1178 Italia
3039 1125 3339 1190 subiretur,
3370 1125 3415 1156 ”
3446 1138 3516 1180 eo
3549 1134 3690 1180 tem-

2094 1234 2223 1290 pore
2245 1262 2261 1288 ,
2307 1235 2429 1275 cum
2473 1233 2639 1274 unum
2668 1216 3027 1272 domesticum
3060 1217 3262 1274 bellum
3291 1261 3305 1286 ,
3332 1225 3392 1272 ut
3417 1217 3683 1284 diximus,

2093 1315 2140 1347 ⁸⁸
2172 1313 2300 1370 ferri
2325 1313 2476 1370 nullo
2506 1311 2667 1368 modo
2693 1320 2877 1381 posset
2906 1353 2922 1378 ,
2951 1313 2996 1346 '9
3023 1311 3130 1366 tria
3163 1312 3386 1381 insuper
3420 1319 3694 1366 transma-

2093 1404 2211 1458 rina
2259 1404 2402 1461 bella
2455 1402 2627 1460 fuisse
2673 1405 2968 1473 suscepta?
3010 1419 3180 1458 unum
3223 1403 3277 1458 in
3304 1403 3627 1460 Macedonia
3650 1403 3696 1436 ³⁸

2093 1507 2280 1552 contra
2311 1495 2619 1568 Philippum
2652 1494 3091 1566 potentissimum
3117 1493 3458 1550 Macedonia:
3483 1508 3696 1565 regem,

2094 1591 2326 1646 alterum
2378 1592 2431 1646 in
2483 1590 2742 1660 llispania
2790 1599 2983 1645 contra
3015 1588 3376 1645 Asdrubalem
3411 1589 3698 1645 Annibalis

2097 1682 2357 1746 fratrem,
2388 1682 2608 1737 tertium
2641 1681 2692 1736 in
2726 1681 2975 1738 Sardinia
3006 1690 3196 1736 contra
3232 1681 3438 1736 Sardos
3467 1690 3524 1737 et
3548 1682 3691 1737 alte-

2099 1789 2217 1828 rum
2245 1771 2605 1827 Asdrubalem
2632 1813 2646 1839 ,
2691 1770 3224 1843 Carthaginiensium
3261 1771 3455 1829 ducem
3483 1790 3497 1827 :
3530 1783 3690 1830 extra

404 1879 818 1941 oppresserunt.
846 1869 891 1902 ’⁸
911 1846 1284 1942 Nam—triginta
1308 1846 1546 1942 quinque
1570 1870 1735 1924 millia
1764 1869 1997 1924 militum
2027 1846 2076 1906 Β
2103 1867 2206 1921 hoc
2235 1875 2486 1937 quartum
2512 1866 2828 1931 Annibalis,
2860 1881 2968 1938 quo
2993 1866 3046 1921 in
3074 1865 3225 1922 Italia
3255 1866 3698 1936 premebantur:

405 1963 474 2017 de
495 1961 738 2019 exercitu
763 1963 882 2034 ejus
906 1964 949 1995 ¹⁷
982 1962 1065 2018 vel
1095 1961 1246 2019 cmde
1271 1963 1359 2018 vel
1387 1964 1637 2034 captione
1666 1966 1994 2018 minuerunt.

402 2052 708 2110 Celtiberos
743 2053 975 2121 milites,
1024 2055 1067 2086 “‘
1113 2070 1273 2126 quam
1313 2055 1540 2126 primam
1582 2065 1857 2111 externam
1885 2071 1997 2110 ma-

405 2161 531 2200 num
557 2145 786 2202 Romani
815 2145 871 2201 in
899 2145 1096 2202 castris
1120 2145 1328 2203 habere
1355 2158 1665 2215 cmperunt,
1691 2148 1866 2216 pretio
1893 2147 1997 2203 sol-

404 2235 662 2303 licitatos,
687 2236 757 2293 ab
778 2235 1017 2293 hostium
1039 2237 1306 2294 societate
1326 2237 1379 2293 in
1399 2249 1576 2294 castra
1591 2253 1686 2293 sua
1704 2239 1994 2295 duxerunt.

407 2329 449 2362 ‘9
480 2327 838 2398 Sempronius
879 2328 1159 2386 Gracchus
1201 2331 1562 2400 proconsule,
1612 2331 1656 2363 ¹⁰
1685 2333 1751 2388 ab
1782 2333 1996 2405 h05pite

402 2434 505 2474 suo
547 2419 771 2474 Lucano
807 2419 1038 2491 quodam
1081 2420 1139 2475 in
1182 2420 1409 2476 insidias
1449 2421 1703 2481 inductus
1730 2467 1745 2492 ,
1784 2426 1995 2482 occisus

401 2521 506 2568 est.
530 2513 573 2544 ²¹
597 2511 895 2568 Centenius
922 2511 1148 2581 Penula,
1171 2514 1444 2584 centurio,
1470 2514 1689 2571 decerni
1720 2517 1824 2571 sibi
1850 2519 1995 2575 ultro

402 2604 606 2660 bellum
633 2602 920 2660 adversum
944 2605 1266 2662 Annibalem
1292 2605 1447 2676 petiit
1476 2623 1490 2660 :
1523 2622 1553 2662 a
1583 2625 1690 2680 quo
1717 2627 1840 2666 cum
1870 2622 1994 2669 octo

405 2695 648 2752 millibus
673 2696 902 2752 militum
923 2737 938 2763 ,
968 2712 1109 2769 quos
1139 2698 1183 2729 ²²
1211 2698 1262 2752 in
1294 2699 1468 2754 aciem
1499 2699 1789 2771 eduxerat,
1821 2720 1995 2762 caesus

397 2801 505 2847 est.
535 2791 667 2848 Post
706 2792 849 2848 hunc
877 2790 978 2846 Cn.
1017 2791 1276 2860 Fulvius,
1321 2803 1556 2866 przetor,
1619 2798 1687 2852 ab
1725 2799 1994 2857 Annibale

406 2884 606 2953 victus,
637 2885 839 2941 amisso
869 2885 1142 2952 exercitu,
1175 2886 1264 2940 vix
1301 2889 1494 2943 evasit.
1541 2891 1712 2948 Pudet
1743 2894 1997 2949 recorda-

405 2979 594 3035 tionis.
635 2979 776 3047 Quid
826 2980 970 3036 enim
1009 2980 1186 3037 dicam
1235 2981 1636 3052 improbitatem
1685 2987 1874 3058 magis,
1927 3004 1994 3044 an

405 3073 684 3132 miseriam
718 3074 1138 3132 Romanorum?
1169 3075 1337 3132 immo
1368 3076 1550 3133 verius
1580 3078 1663 3134 vel
1697 3080 1995 3152 improbam

2098 1970 2154 2016 et
2187 1969 2366 2014 tamen
2398 1958 2559 2014 fortis
2592 1959 2646 2014 in
2679 1959 3001 2014 alterutrum
3033 1957 3348 2028 desperatio
3374 1959 3428 2014 in
3472 1960 3701 2016 meliora

2104 2054 2376 2127 proiecit,
2437 2069 2559 2110 nam
2606 2055 2657 2110 in
2706 2054 2790 2109 his
2843 2053 3098 2108 omnibus
3121 2052 3470 2124 desperando
3496 2070 3703 2126 pugna-

2099 2160 2227 2204 runt
2255 2191 2270 2215 ,
2317 2148 2602 2220 pugnando
2625 2148 2895 2205 vicerunt.
2951 2147 3028 2203 Ex
3058 2162 3165 2218 quo
3192 2146 3486 2204 evidenter
3513 2159 3705 2207 osten-

2101 2243 2268 2308 ditur,
2319 2260 2425 2299 uon
2469 2252 2714 2313 tempora
2765 2252 2893 2298 tunc
2938 2241 3104 2298 fuisse
3132 2241 3512 2314 tranquilliora
3545 2243 3698 2313 otiis,

2100 2338 2197 2394 sed
2228 2338 2481 2394 homines
2511 2336 2746 2395 miseriis
2779 2336 3053 2392 fortiores.

2669 2452 2900 2510 CAPUT
2946 2451 3113 2508 XVII.

2103 2547 2356 2603 Claudius
2389 2547 2669 2602 Marcellus
2695 2547 2985 2617 Syracusas
3014 2545 3175 2616 capit.
3208 2543 3433 2617 Annibal
3451 2544 3522 2599 ad
3545 2545 3702 2602 Anie-

2174 2636 2290 2675 nem
2323 2619 2585 2674 Romanos
2615 2616 2789 2684 terret,
2815 2634 2907 2672 nec
2937 2616 3193 2671 obruendi
3218 2618 3370 2686 capia
3397 2616 3580 2672 datur.

2175 2711 2192 2742 ³
2225 2713 2381 2765 Λιιιιο
2413 2710 2482 2764 ab
2501 2709 2646 2766 Urbe
2669 2708 2886 2764 condita
2913 2723 3096 2772 exuit,
3122 2706 3378 2763 Claudius
3409 2708 3701 2765 Marcellus

2102 2802 2402 2874 Syracusas
2427 2844 2442 2868 ,
2483 2801 2954 2871 opulentissimam
2987 2800 3182 2857 urbem
3204 2797 3428 2869 Sicilize,
3458 2800 3702 2859 secunda

2102 2897 2506 2970 oppugnatione
2555 2899 2576 2930 ²
2624 2897 2709 2951 vix
2759 2896 2902 2964 cepit
2923 2940 2937 2963 ,
2969 2911 3131 2966 quam
3160 2941 3173 2964 ,
3206 2911 3327 2950 cum
3346 2895 3457 2966 jam
3488 2895 3700 2965 pridem

2102 2991 2432 3059 obsedisset,
2465 2989 2809 3045 Archimedis
2836 2985 3171 3058 Syracusani
3194 2985 3360 3056 civis,
3386 2987 3701 3046 admirabili

2105 3086 2323 3156 ingenio
2352 3085 2566 3156 prmditi
2593 3125 2608 3150 ,
2638 3082 2904 3140 machinis
2935 3081 3186 3154 repulsus
3213 3124 3227 3150 ,
3249 3096 3563 3154 expugnare
3589 3097 3702 3140 non

1688 3215 2135 3277 IIAVERCAMPl
2172 3221 2408 3279 NOT/E.

404 3333 601 3404 factum
639 3328 891 3404 recolens.
942 3327 1234 3404 Aliquanto
1267 3334 1390 3398 post
1417 3326 1542 3383 edd.
1587 3328 1838 3400 quaedam
1869 3349 1988 3404 per-
2018 3334 2066 3398 Ο
2102 3335 2347 3392 nominat
2376 3335 2658 3404 Appianus
2697 3343 2753 3390 et
2791 3334 2973 3389 Livius
3006 3333 3148 3389 libro
3192 3347 3329 3398 xxv,
3382 3305 3702 3404 UbIAIIISiO-

406 3398 564 3457 missa
588 3440 603 3465 ,
631 3402 773 3455 male
803 3413 899 3469 pro
927 3398 1203 3468 promissa.

478 3473 566 3528 i2.
599 3471 678 3525 Ad
703 3486 794 3525 sea:
821 3469 989 3524 millia
1017 3471 1245 3524 virorum
1275 3470 1394 3541 fuit.
1425 3469 1595 3540 Lugd.
1628 3471 1743 3528 Bat.
1778 3482 1902 3530 tert.
1937 3483 1994 3530 et

404 3545 544 3600 Coll.
579 3542 820 3600 Gronov.
851 3541 1080 3595 virorum
1112 3541 1316 3613 delent.
1367 3541 1467 3596 Ed.
1503 3546 1729 3611 August.
1750 3587 1762 3607 ,
1801 3556 1995 3613 septem

407 3615 574 3670 millia
617 3615 845 3668 uirorum
877 3622 1146 3667 numerat.
1175 3612 1291 3667 lilux
1318 3616 1368 3665 iu
1404 3615 1514 3669 illis
1542 3613 1766 3671 Romani
1790 3612 1952 3672 status
1975 3658 1991 3682 ,

405 3698 566 3756 auget
597 3687 750 3756 Meus
772 3684 936 3738 omnis
962 3682 1191 3756 Romani
1215 3695 1398 3739 status.

481 3755 568 3814 15.
601 3755 786 3812 Gallos
821 3757 1031 3810 missus.
1063 3755 1155 3810 Sic
1182 3755 1372 3811 Latine
1407 3766 1524 3811 erat
1553 3757 1606 3811 in
1647 3775 1776 3814 mss.
1816 3769 1996 3816 tamen

410 3830 658 3898 impressi
688 3827 1033 3893 addiderant,
1067 3843 1330 3899 pugnare,
1364 3831 1549 3882 nescio
1576 3844 1690 3885 cur.
1727 3832 1899 3887 Laur.
1929 3862 2000 3872 —

409 3902 579 3956 Immo
623 3910 677 3954 et
707 3899 894 3953 missus
921 3909 975 3954 et
1018 3915 1246 3969 pugnare
1287 3900 1338 3953 in
1371 3913 1498 3954 mss.
1545 3912 1744 3956 exstat.
1805 3905 1998 3957 Decem

407 3972 575 4037 enim,
595 3986 730 4040 quos
756 3985 856 4040 ego
876 3970 1144 4035 consului,
1169 3970 1407 4040 unanimi
1430 3985 1699 4026 consensu
1719 3972 1996 4040 exhibent,

409 4059 639 4115 pugnare
667 4039 884 4115 missus,
917 4040 970 4115 id
1003 4049 1108 4108 est,
1136 4039 1201 4094 ad
1233 4043 1594 4115 pugnandum.
1625 4043 1809 4114 Neque
1845 4039 2003 4100 video

410 4113 506 4170 cur
535 4114 888 4188 Gn-mcismum
917 4113 1059 4188 hunc
1102 4114 1429 4188 mutaverint
1450 4115 1689 4170 editores
1720 4119 1772 4170 in
1789 4119 1968 4188 jussus
1987 4157 2001 4180 ,

410 4186 554 4252 quod
579 4184 718 4251 apud
749 4199 939 4240 omnes
970 4184 1232 4253 invenias,
1261 4194 1622 4256 praeterquam
1661 4189 1711 4242 in
1738 4184 1862 4243 edd.
1897 4189 2005 4258 pri-

412 4272 496 4310 ma
521 4265 576 4310 et
609 4259 945 4324 Augustana.

486 4329 572 4382 14.
608 4326 874 4380 Annibalis
899 4325 1187 4398 exercitum
1220 4328 1401 4396 praelia
1437 4329 1590 4398 fudit.
1625 4330 1738 4384 lInc
1762 4329 2006 4398 praelium

411 4417 438 4451 a
473 4398 726 4451 Marcello
760 4399 826 4452 ad
869 4397 1064 4452 Nolam
1109 4397 1460 4451 commissum
1512 4399 1631 4454 fuit.
1661 4397 1847 4455 Livius
1879 4400 2005 4456 libr.

413 4484 586 4535 χχιιι,
622 4469 942 4523 Plutarchus
971 4472 1022 4520 in
1069 4467 1349 4524 Marcello.
1401 4467 1569 4523 FABR.

485 4541 573 4596 15.
607 4537 927 4594 Gravissima
956 4538 1090 4592 bello
1122 4551 1506 4611 Oppresserunt.
1533 4541 1663 4596 Post
1683 4541 1813 4596 bello
1843 4541 2013 4598 inter-

413 4617 546 4667 serit
578 4611 827 4665 Perizon.
867 4609 1380 4680 superatum—Lugd.
1410 4611 1548 4666 Batt.
1576 4622 1687 4668 tres
1711 4630 1832 4668 cum
1867 4614 2006 4669 Coll.

413 4687 666 4754 Gronov;
686 4683 915 4751 primam
945 4680 1212 4750 syllabam
1248 4681 1301 4736 in
1331 4695 1694 4754 oppresserunt
1723 4685 1932 4739 delent.

487 4755 574 4810 16.
608 4753 749 4827 Nam
779 4755 990 4827 triginta
1023 4754 1247 4827 quinque
1276 4753 1463 4809 millia.
1521 4755 1674 4811 llunc
1721 4773 2005 4812 numerum

415 4829 682 4897 expressit
707 4823 1246 4897 Entrbpius._Livius
1269 4834 1476 4897 tantum
1505 4841 1753 4896 magnam
1777 4827 1884 4882 vim
1913 4832 2010 4884 bo-

419 4894 625 4956 mi'num
657 4894 901 4954 occisam
921 4895 1133 4950 scribit.
1180 4895 1256 4951 De
1285 4894 1574 4954 Celtiberis
1597 4894 1790 4954 Livius
1816 4901 1868 4954 in
1901 4901 2009 4956 ﬁne

417 4973 536 5029 libri
565 4988 708 5028 xxiv.
739 4967 907 5023 FABR.
1995 4987 1998 4990 ~

490 5047 576 5100 17.
615 5041 711 5098 Vel
763 5041 902 5096 ccede
944 5041 1024 5096 vel
1069 5041 1309 5111 captione
1356 5043 1672 5096 minuerunt.
1705 5040 1842 5097 Cod.
1894 5043 2010 5100 sive

420 5118 552 5174 edit.
585 5116 816 5185 August.
842 5113 962 5169 haec
987 5123 1073 5168 est
1094 5114 1278 5184 lectio,
1309 5117 1386 5170 vel
1410 5115 1600 5169 credent
1625 5114 1699 5168 vel
1720 5115 2011 5184 captionem

418 5191 741 5244 invenerunt.

494 5261 581 5315 18.
630 5259 1070 5332 Quamprimum.
1104 5257 1277 5332 L_ugd.
1326 5259 1467 5314 Batt.
1503 5266 1636 5323 tres,
1667 5274 1821 5332 quam
1844 5258 2011 5329 pluri-

422 5348 580 5400 mam,
607 5342 664 5386 ut
692 5345 743 5386 et
771 5330 909 5387 Ultr.
940 5331 1098 5386 male.
1133 5330 1271 5385 Edd.
1299 5339 1456 5400 vett.,
1499 5345 1616 5384 cum
1643 5331 1889 5399 primum,
1919 5345 2013 5386 ex-

425 5414 578 5473 cepta
609 5403 773 5458 nobili
805 5402 896 5456 illa
922 5404 1256 5473 Augustana.

499 5470 584 5532 19.
619 5474 954 5544 Sempronius
991 5472 1257 5529 Gracchus
1302 5470 1626 5543 proconsule.
1668 5471 1850 5529 Semel
1895 5485 2013 5527 mo-

427 5551 613 5605 nuisse
643 5547 775 5601 satis
810 5546 913 5607 sit.
946 5545 1192 5614 Latinos,
1227 5555 1282 5600 et
1318 5546 1568 5600 Orosium
1603 5546 1800 5612 passim
1838 5544 2014 5598 nomi-

427 5619 589 5675 nandi
631 5631 785 5685 easu,
831 5615 1136 5688 proconsule
1168 5618 1374 5671 dixisse
1407 5632 1420 5668 :
1457 5615 1620 5688 idque
1659 5630 1795 5671 mss.
1827 5629 2019 5688 omnes

429 5691 565 5747 tueri
598 5707 612 5744 :
645 5701 702 5744 et
732 5688 802 5743 ita
832 5685 1252 5755 imprimendum
1283 5701 1500 5742 censeo.
1541 5687 1709 5741 Laur.
1750 5717 1820 5726 —
1842 5685 2025 5742 Semel

433 5761 709 5817 monuisse
751 5758 987 5815 sufﬁciat
1017 5799 1034 5824 ,
1080 5758 1397 5814 conﬁrmari
1448 5757 1500 5813 id
1549 5757 1752 5814 nostris
1807 5771 2022 5830 quoque

433 5847 564 5888 IIISS.

431 5927 452 5973 ε
502 5904 593 5960 20.
627 5899 702 5956 Ab
723 5900 924 5970 hospite
943 5917 1036 5957 suo
1061 5900 1292 5959 Lucano.
1322 5901 1568 5958 Flavium
1592 5900 1862 5958 Lucanum
1883 5901 2025 5959 hunc

2097 3411 2230 3464 riam
2263 3407 2330 3460 de
2351 3402 2639 3468 Centenio,
2671 3418 2725 3463 et
2756 3406 2946 3462 Fulvio
2975 3405 3140 3460 etiam
3169 3404 3435 3460 invenies.
3474 3402 3646 3460 Faen.

2171 3483 2265 3536 211
2294 3476 2568 3532 Centenius
2603 3477 2824 3533 Pertulit.
2872 3477 3219 3532 Centurionis
3258 3474 3417 3541 hujus
3452 3475 3703 3531 veterani

2105 3567 2290 3608 casum
2325 3560 2381 3603 et
2409 3550 2620 3605 cladem
2653 3549 2914 3604 describit
2937 3548 3121 3602 Livius
3151 3547 3243 3602 lib.
3276 3563 3414 3618 xxv,
3464 3562 3584 3618 cap.
3617 3549 3703 3603 19.

2170 3625 2263 3679 9.2.
2299 3620 2363 3674 In
2389 3623 2552 3676 aciem
2581 3620 2848 3676 eduxerat.
2879 3620 2970 3675 Sic
2991 3620 3247 3674 meliores
3269 3617 3451 3688 scripti
3475 3617 3704 3675 ctcditi.

2104 3697 2232 3754 Alii.
2264 3697 2320 3750 in
2348 3695 2509 3749 aciem
2542 3695 2795 3757 (luxerat;
2821 3691 2942 3757 alii,
2975 3691 3028 3744 in
3055 3691 3167 3744 acie
3189 3693 3428 3744 duxerat.

2173 3769 2264 3822 ‘25.
2299 3765 2425 3830 Quis
2453 3765 2650 3820 credat.
2683 3764 2782 3818 Ed.
2817 3765 3048 3832 August.
3079 3803 3092 3826 ,
3119 3761 3248 3828 Quis
3273 3761 3408 3814 enim
3432 3761 3636 3815 credat.

2173 3838 2267 3898 9.4..
2303 3836 2453 3890 Miles
2484 3838 2536 3888 in
2562 3836 2767 3889 castris.
2809 3833 2981 3904 Lugd.
3037 3833 3179 3887 Batt.
3215 3848 3297 3896 pr.
3329 3843 3381 3885 et
3420 3841 3548 3904 tert.
3577 3847 3703 3887 cum

2103 3909 2246 3963 Coll.
2295 3909 2570 3972 Gronov.,
2622 3905 2774 3962 Miles
2813 3907 2869 3961 in
2901 3903 3098 3959 castris
3142 3919 3246 3958 non
3285 3913 3441 3971 esset,
3475 3903 3571 3957 nisi
3621 3913 3711 3958 aut

2145 3997 2236 4033 uer
2257 4024 2271 4035 .
2303 3989 2409 4034 etc.
3730 4029 3736 4035 .

2145 3999 2236 4033 uer
2303 3999 2409 4034 etc.

2106 3999 2139 4053 ῃ
2300 4051 2526 4104 Numero
2550 4051 2765 4104 idoneus
2795 4059 2925 4104 erat.
2950 4048 3159 4113 Religio
3185 4045 3319 4100 mihi
3351 4043 3452 4099 fuit
3485 4063 3512 4099 ιι
3542 4046 3706 4101 codd.

2110 4139 2243 4178 mss.
2275 4123 2579 4187 discedere,
2610 4125 2696 4192 qui
2725 4120 3021 4176 omnes'sic
3039 4119 3320 4184 exhibent,
3351 4133 3480 4179 non,
3515 4127 3573 4172 ut
3596 4118 3708 4172 edi-

2111 4197 2147 4250 ti
2177 4240 2192 4265 ,
2227 4211 2470 4265 numerus
2499 4194 2718 4248 idoneus
2747 4202 2879 4265 erat.

2178 4259 2274 4321 ‘26.
2321 4263 2703 4330 Desperaretur.
2757 4264 2933 4329 Meus,
2968 4261 3340 4332 deSperabattl,
3374 4259 3469 4314 sed
3503 4269 3618 4315 tres
3646 4277 3711 4316 ex

2110 4336 2282 4404 Lugd.
2314 4337 2454 4391 Batt.
2487 4352 2606 4390 cum
2635 4334 2830 4391 Collat.
2862 4331 3102 4390 Gronov.
3133 4375 3147 4399 ,
3195 4331 3320 4388 cod.
3368 4332 3626 4387 Perizon.
3658 4341 3714 4387 ct

2112 4411 2245 4464 edit.
2272 4409 2408 4469 Aug.
2441 4408 2652 4462 malunt
2673 4407 3061 4473 desprrabatur.

2185 4479 2276 4534 27.
2319 4478 2397 4532 Eo
2421 4489 2664 4550 tempore.
2690 4477 2860 4548 Lugd.
2886 4479 3028 4533 Batt.
3055 4492 3147 4550 pr.
3171 4483 3226 4530 et
3258 4482 3387 4530 lcrt.
3413 4487 3535 4529 cum
3571 4474 3710 4530 Coll.

2115 4552 2358 4608 Gronov.
2395 4548 2643 4619 repetunt
2666 4553 2772 4614 hic,
2796 4551 2913 4619 quis
2941 4548 3142 4603 credat.

2186 4623 2278 4678 28.
2326 4617 2474 4675 Ferri
2508 4622 2653 4676 nullo
2685 4617 2838 4676 modo
2861 4619 3211 4692 possenhlss‘.
3230 4625 3284 4672 et
3324 4617 3615 4692 meliorum
3645 4631 3712 4672 ex

2035 4730 2088 4790 υ
2308 4709 2370 4790 93
2392 4693 2563 4790 19299
2582 4705 2686 4751 εει·
2713 4691 2843 4790 Ἢν
2861 4687 3003 4790 ita";
3023 4687 3430 4790 “131522333033
3448 4697 3656 4790 .i’ﬁffff;

2182 4767 2272 4820 29.
2319 4764 2440 4819 Tria
2465 4765 2694 4834 insuper,
2725 4773 2834 4820 etc.
2874 4759 3028 4817 'Edd.
3073 4759 3320 4834 quaidam
3353 4777 3421 4816 ex
3448 4760 3716 4834 vetustio-

2112 4837 2290 4904 ribus,
2320 4838 2420 4890 tria
2452 4831 2662 4908 insuper
2685 4837 3031 4890 transmarina
3057 4831 3191 4908 bella
3211 4831 3327 4908 quis
3355 4832 3533 4908 credat
3553 4831 3714 4900 fuisse

2108 4903 2352 4981 suscepta
2375 4909 2399 4981 ξ)
2431 4903 2600 4981 lived.
2627 4913 2939 4978 Augustana
2969 4919 3099 4960 vero
3125 4904 3345 4973 legitur,
3371 4904 3473 4957 tria
3502 4903 3714 4974 insuper

2112 4977 2461 5034 transmarina
2483 4977 2616 5034 bella
2646 4977 2880 5050 suscepta
2901 4987 3048 5050 sunt.

2184 5054 2273 5108 50.
2317 5051 2508 5106 Contra
2541 5045 2867 5122 Philippum.
2900 5048 2980 5122 De
3006 5062 3064 5104 re
3089 5054 3246 5118 gesta
3270 5059 3396 5101 cum
3431 5045 3704 5122 Philippo,

2111 5123 2450 5180 Macedoniae
2492 5137 2639 5192 rege,
2682 5116 2867 5177 Livius
2897 5121 3042 5174 libro
3081 5116 3295 5192 xxtuet
3325 5133 3476 5187 xxiv,
3513 5116 3712 5192 Eutro-

2114 5198 2234 5265 pius
2277 5195 2414 5251 libro
2463 5187 2644 5265 tertio.
2701 5195 2778 5248 De
2819 5207 2881 5248 re
2927 5192 2982 5246 in
3008 5190 3477 5265 Sardiniacontra
3510 5187 3714 5265 Pisanos

2115 5258 2428 5336 Sarquue
2456 5279 2488 5318 a
2509 5264 2573 5320 Τ.
2607 5264 2807 5321 Manlio
2836 5273 3010 5334 geSta,
3036 5262 3222 5318 Livius
3246 5260 3341 5316 lib.
3374 5275 3507 5316 χχιιι
3535 5271 3590 5317 et
3627 5258 3717 5315 Si-

2115 5339 2222 5392 lius
2257 5353 2351 5392 xu.
2380 5336 2550 5392 FABR.

2115 5339 2222 5394 lius
2257 5353 2351 5393 xu.
2380 5339 2550 5392 FABR.

2187 5409 2318 5464 CAP.
2347 5407 2513 5463 XVII.
2538 5439 2608 5450 —
2631 5409 2682 5464 1.
2711 5408 2859 5464 Anno
2887 5407 2950 5460 ab
2986 5406 3123 5462 Urbe
3155 5402 3385 5458 condita.
3414 5418 3605 5458 metu.
3642 5399 3714 5455 Μ.

2121 5481 2404 5536 Marcellus
2427 5482 2616 5536 consul
2643 5497 2702 5536 ιιι
2726 5492 2870 5534 anno
2897 5477 3061 5534 Urbis
3082 5491 3289 5532 nxxxrx
3319 5475 3557 5530 Siciliam
3581 5473 3715 5528 mis-

2121 5567 2214 5607 sus
2241 5552 2537 5622 Syracusas
2572 5551 2822 5610 obsedit.
2873 5551 3142 5622 tertioque
3190 5561 3337 5602 anno
3382 5553 3503 5622 post
3549 5560 3718 5622 expu-

2126 5617 2330 5696 gnavit.
2383 5623 2640 5696 Polybius
2681 5624 2962 5696 libro_vnt,
2995 5617 3186 5696 Li‘vtlis
3218 5634 3368 5686 xxiv,
3397 5617 3720 5673 Plutarchus

2128 5689 2183 5750 in
2211 5689 2499 5761 Marcello;
2517 5694 2709 5751 Cicero
2737 5693 2791 5748 in
2826 5692 3078 5748 Verrem.
3109 5689 3276 5746 FABR.

2198 5767 2254 5821 2.
2305 5767 2406 5821 Vix
2434 5756 2587 5836 cepit.
2612 5767 2783 5822 Recte
2811 5763 2893 5822 sic
2920 5779 3078 5827 mss.,
3110 5761 3234 5819 cod.
3259 5763 3489 5834 August.
3513 5767 3567 5818 et
3586 5756 3716 5816 cdd.

2128 5838 2483 5898 Fabrieiante.
2518 5837 2726 5910 Vulgati
2755 5837 2868 5906 alii,
2896 5837 2942 5892 vi
2967 5837 3118 5906 cepit.
