4092 6346
443 238 544 298 897

1445 229 1922 292 HISTORIARUM
1964 226 2175 289 LIBER
2214 230 2303 288 IV.
2345 230 2502 289 CAP.
2543 227 2705 288 XVII.

3611 230 3732 304 ς898

441 354 632 428 potuit.
658 353 679 386 ³
715 353 932 412 Decimo
979 353 1143 427 260
1185 365 1330 408 anno
1379 361 1666 423 postquam
1705 349 1938 407 Annibal
1969 350 2024 408 in
2052 354 2106 414 Α
2129 356 2238 406 tem
2272 363 2382 405 non
2411 347 2565 415 dari,
2590 345 2750 402 modo
2778 353 3129 416 potestatem.
3175 345 3562 420 Respondeant
3589 363 3740 404 nune-

439 448 648 523 ltaliam
681 457 932 514 venerat,
975 447 997 479 ’δ
1025 446 1126 502 Cn.
1172 447 1365 503 Fulvio
1389 488 1405 515 ,
1437 446 1498 501 P.
1533 446 1770 518 Sulpitio
1791 445 2032 502 consuli-

440 543 563 610 bus,
597 542 832 597 Annibal
857 541 925 598 de
945 539 1242 613 Campania
1273 539 1758 596 movitexercitum
1789 558 1800 594 :
1833 550 1886 596 et
1913 555 2034 595 eum

438 637 645 708 ingenti
691 636 849 693 clade
897 636 1141 694 omnium
1164 637 1186 668 ⁵
1217 650 1312 707 per
1341 634 1642 692 Sidicinum
1672 636 2030 692 Suessanum.

436 745 542 801 que
579 745 770 800 agrum
815 729 900 786 via
950 729 1144 785 Latina
1175 727 1474 801 profectus,
1522 728 1590 783 ad
1642 728 1903 784 Anienem
1933 728 2032 782 ilu-

439 823 583 879 vium
608 823 627 854 ⁶
654 823 830 880 tribus
854 822 1096 879 millibus
1125 822 1193 878 ab
1222 821 1366 879 Urbe
1396 820 1646 878 consedit
1671 863 1687 890 ,
1732 821 2036 878 incredibili

443 915 608 972 tetins
637 915 885 972 Civitatis
905 925 1076 983 metu,
1106 931 1230 972 eum
1252 923 1443 971 senatu
1467 915 1777 986 populoque
1805 914 2036 971 diversis

436 1006 586 1063 curis
615 1007 830 1079 trepido
854 1048 870 1075 ,
901 1017 1168 1064 matrona:
1189 1023 1406 1080 quoque
1435 1017 1680 1066 amentes
1710 1023 1910 1080 pavore
1939 1023 2036 1079 per

437 1100 844 1170 propugnacula
891 1110 1217 1168 currerent,
1263 1109 1316 1157 et
1363 1101 1716 1157 convehere’
1743 1101 1798 1156 in
1846 1115 2037 1157 muros

435 1206 566 1248 saxa
593 1235 608 1262 ,
657 1192 956 1264 primmque
989 1209 1087 1263 pro
1116 1193 1284 1248 muris
1308 1209 1550 1264 pugnare
1573 1194 1863 1264 gestirem.
1915 1194 2035 1264 lpse

439 1293 624 1340 autem
672 1300 794 1341 cum
844 1283 1110 1356 expeditis
1155 1284 1430 1356 equitibus
1465 1287 1486 1317 ⁸
1515 1300 1686 1356 usque
1716 1285 1784 1341 ad
1822 1294 2032 1356 portam

432 1374 703 1434 Collinam
728 1378 962 1434 infestus
1006 1379 1237 1434 accessit
1259 1421 1276 1446 ,
1307 1378 1505 1435 deinde
1535 1394 1728 1436 omnes
1758 1379 1944 1450 cepias
1979 1380 2032 1433 in

447 1472 621 1529 aciem
670 1472 896 1529 direxit.
927 1475 947 1507 9
975 1471 1083 1528 Sed
1129 1479 1185 1529 et
1229 1471 1502 1539 consules,
1541 1470 1878 1553 Fulviusque
1908 1486 2036 1542 pro-

444 1564 670 1620 consule
709 1579 818 1620 non
866 1564 1241 1621 detrectavere
1283 1580 1538 1635 pugnam.
1581 1565 1648 1619 At
1678 1565 1769 1620 ubi
1800 1565 1843 1596 ¹⁰
1869 1580 2035 1635 expo-

435 1655 560 1712 sita:
615 1654 884 1726 utrimque
956 1657 1103 1712 acies
1151 1657 1554 1724 constiterunt,
1631 1657 1683 1711 in
1735 1667 2033 1728 conspectu

2139 440 2274 498 mihi
2300 441 2696 498 obtrectatores
2716 440 2827 496 veri
2870 440 2964 496 Dei
3003 440 3107 496 hoc
3140 439 3294 510 loco,
3330 443 3374 474 ¹²
3401 441 3656 499 Annibali
3701 457 3732 497 a

2137 534 2470 604 capessenda
2501 531 2916 604 subruendaqne
2943 530 3116 588 Roma
3141 541 3322 588 utrum
3353 531 3603 589 Romana
3635 534 3732 589 ob-

2137 628 2275 682 stitit
2303 625 2586 694 fortitudo,
2609 641 2674 680 an
2703 624 2883 681 divina
2907 625 3210 691 miseratio,
3233 633 3326 680 aut
3352 607 3575 681 forsitan
3600 641 3732 682 con-

2137 719 2338 776 servati
2372 718 2458 774 isti
2487 718 2846 789 dedignantnr
2873 718 3066 786 fateri,
3113 718 3258 790 quod
3297 717 3530 774 Annibal
3562 727 3616 775 et
3647 719 3728 774 vi-

2142 823 2264 870 ctor
2285 813 2574 881 extimuit,
2600 823 2652 868 et
2679 813 2876 868 cedens
2901 812 3191 884 probavit?
3223 811 3294 868 At
3321 813 3364 868 si
3399 812 3555 867 istam
3588 812 3730 867 divi-

2137 923 2261 962 nam
2304 908 2527 963 tutelam
2557 907 2598 938 ¹³
2627 923 2723 979 per
2751 907 2988 979 pluviam
3030 907 3096 963 de
3127 907 3267 965 caelo
3289 909 3506 963 venisse
3553 907 3729 961 mani-

2137 998 2334 1056 fe‘stnm
2361 1011 2441 1058 est
2466 1042 2481 1069 ,
2511 1000 2680 1071 ipsam
2717 1011 2897 1058 autem
2923 1002 3159 1072 pluviam
3201 1002 3520 1073 opportunis
3547 1012 3602 1056 et
3631 1017 3727 1057 ne-

2137 1092 2389 1150 cessariis
2418 1093 2750 1164 temporibus
2782 1109 2892 1148 non
2917 1094 3017 1149 nisi
3051 1109 3145 1164 per
3168 1093 3446 1149 Christum
3476 1135 3492 1156 .
3526 1093 3616 1164 qui
3645 1103 3728 1148 est

2136 1200 2302 1240 verus
2334 1185 2510 1251 Dens,
2543 1185 2876 1250 ministrari,
2906 1186 3070 1241 etiam
3103 1185 3144 1217 ⁸⁵
3166 1185 3235 1241 ab
3263 1184 3573 1254 hnjnsmodi
3596 1185 3732 1240 satis

2136 1288 2292 1335 certo
2339 1278 2506 1344 sciri,
2556 1294 2654 1334 nec
2705 1280 2889 1351 negari
2937 1293 3097 1350 posse
3140 1279 3430 1350 existimo,
3489 1279 3730 1334 maxime

2137 1387 2281 1428 nunc
2307 1412 2321 1439 ,
2353 1371 2567 1443 quando
2608 1372 2674 1427 ad
2716 1371 3102 1428 documentum
3136 1372 3394 1443 potentia:
3437 1371 3558 1442 ejus
3603 1386 3726 1427 eum

2136 1467 2385 1524 siccitate
2413 1467 2661 1522 turbante
2681 1510 2696 1534 ,
2732 1467 2967 1537 pluviam
3012 1482 3239 1538 poscere
3267 1465 3483 1522 assidue
3505 1467 3722 1521 contin-

2135 1560 2238 1632 git,
2261 1569 2316 1616 et
2342 1560 2569 1616 alternis
2593 1559 2796 1616 vicibus
2823 1575 2964 1616 nunc
2990 1561 3240 1631 gentiles,
3266 1575 3408 1615 nunc
3430 1559 3729 1615 Christiani

2137 1664 2331 1725 rogant
2364 1672 2377 1708 :
2403 1669 2503 1710 nec
2525 1670 2773 1725 umquam
2797 1655 2958 1708 etiam
2984 1653 3117 1725 ipsis
3144 1653 3376 1708 testibus
3398 1654 3597 1709 factum
3620 1663 3729 1720 est,

436 1747 648 1813 Romae,
676 1748 960 1820 prmmium
989 1749 1028 1779 “
1062 1748 1283 1803 victoris
1312 1747 1507 1803 futura:
1529 1788 1547 1817 ,
1573 1748 1733 1820 261
1768 1758 1949 1806 tantus
1979 1764 2038 1806 se
2068 1755 2113 1814 B
2145 1759 2202 1803 ut
2221 1749 2388 1820 optati
2424 1747 2622 1804 imbres
2650 1748 3037 1818 superveniant
3062 1747 3162 1802 nisi
3194 1747 3245 1800 in
3277 1746 3363 1801 die
3390 1788 3404 1813 ,
3437 1747 3481 1778 ¹³
3510 1762 3617 1818 quo
3641 1762 3729 1801 ro-

433 1840 614 1897 subito
644 1841 818 1899 imber
851 1856 884 1898 e
913 1841 1146 1898 nubibus
1175 1841 1439 1913 grandine
1483 1843 1682 1898 mixtus
1711 1842 1897 1900 ell‘udit
1922 1885 1938 1912 ,
1977 1854 2037 1898 ut

434 1935 655 1990 turbata
685 1934 930 2007 agmina,
961 1935 1052 1990 vix
1086 1935 1253 1990 armis
1277 1935 1533 2004 retentis,
1568 1935 1620 1990 in
1653 1950 1749 1992 sua
1779 1951 1838 1993 se
1859 1945 2036 1992 castra

437 2026 778 2098 colligerent.
817 2026 1023 2082 Deinde
1062 2041 1185 2082 cum
1228 2027 1520 2082 serenitate
1566 2027 1776 2083 reddita
1808 2028 1860 2084 in
1889 2043 2038 2084 cam-

435 2135 565 2191 pum
591 2120 764 2192 eopizn
789 2130 954 2192 atque
984 2121 1037 2177 in
1069 2121 1240 2177 aciem
1272 2121 1566 2190 redissent,
1590 2138 1802 2178 rursum
1831 2123 2038 2179 violen-

439 2213 547 2269 tior
570 2213 686 2270 fusa
703 2221 1016 2285 tempestas,
1032 2212 1238 2283 majore
1258 2222 1405 2270 metu
1427 2213 1734 2270 mortalium
1753 2214 2036 2271 audaciam

438 2306 681 2362 coercuit
709 2348 724 2372 ,
769 2305 1099 2377 territosque
1130 2308 1403 2364 exercitus
1435 2307 1689 2378 refugere
1716 2309 1770 2364 in
1803 2309 2035 2364 tentoria

437 2397 636 2470 coegit.
693 2398 847 2455 Tunc
894 2412 1199 2455 conversus
1261 2400 1313 2455 in
1386 2400 1705 2472 religionem
1759 2400 2037 2470 Annibal,

437 2489 642 2548 dixisse
665 2491 864 2560 fertur,
893 2488 1171 2562 potiundae
1203 2491 1304 2548 sibi
1351 2491 1537 2549 Roma:
1578 2491 1742 2549 modo
1775 2493 2033 2548 volunta-

2138 1842 2255 1913 gari
2300 1842 2574 1898 Christum
2623 1851 2677 1898 et
2719 1841 3040 1897 Chrisﬁanis
3094 1856 3287 1911 rogare
3336 1841 3667 1912 permittitur
3714 1860 3728 1897 :

2099 1935 2332 2006 [procul
2390 1934 2554 1989 dubio
2605 1943 2858 2000 constat,
2917 1933 3106 1989 urbem
3163 1933 3390 1988 Romam
3434 1949 3532 2004 per
3587 1933 3729 1990 hunc

2138 2027 2388 2084 eumdem
2419 2043 2608 2083 verum
2634 2027 2798 2083 Deum
2818 2071 2832 2094 ,
2865 2028 2955 2099 qui
2984 2036 3067 2082 est
3089 2024 3333 2082 Christus
3357 2027 3518 2084 Jcsus
3539 2070 3554 2094 ,
3581 2028 3729 2083 ordi-

2141 2131 2358 2178 nantem
2381 2121 2673 2177 secundum
2703 2121 2961 2192 placitum
2983 2120 3274 2177 inell'aliilis
3295 2121 3483 2190 judieii
3514 2123 3594 2177 sui
3622 2162 3638 2186 ,
3674 2131 3729 2176 et

2143 2222 2274 2270 tunc
2303 2214 2369 2269 ad
2395 2214 2586 2268 futura:
2610 2213 2728 2268 fidei
2751 2213 3130 2270 credulitatem
3154 2222 3424 2268 servatam
3460 2213 3646 2277 fuisse,
3677 2222 3733 2267 et

2141 2325 2287 2365 nunc
2312 2309 2357 2340 “‘
2384 2324 2481 2380 pro
2510 2316 2658 2379 parte
2677 2308 2760 2363 sui
2793 2307 3076 2364 incredula
3099 2307 3438 2377 castigatam.
3469 2310 3540 2364 At
3566 2306 3729 2378 262

2141 2417 2273 2459 vero
2305 2403 2356 2457 in
2387 2401 2642 2473 Hispania
2683 2401 2844 2456 ambo
2873 2401 3159 2473 Scipiones
3190 2417 3221 2455 a
3252 2401 3293 2432 ”
3328 2403 3494 2456 fratre
3525 2400 3731 2456 Asdru-

2139 2493 2260 2549 bale
2287 2493 2557 2550 interfecti
2591 2501 2729 2550 sunt.
2765 2492 2822 2548 In
2858 2493 3154 2565 Campania
3187 2492 3370 2564 Capua
3398 2501 3554 2564 capta
3584 2501 3667 2549 est
3695 2508 3725 2548 a

1727 2601 2187 2660 llAVERCAMPl
2224 2601 2459 2660 NOTAE.

509 2695 566 2771 ὅ.
611 2693 820 2771 Decimo
840 2713 980 2753 anno
1006 2707 1139 2771 post.
1176 2697 1468 2770 EutrOpius
1493 2710 1718 2771 quoque
1761 2695 2034 2752 decimum

443 2768 601 2842 l_mjus
648 2767 777 2824 belli
817 2767 1022 2826 annum
1073 2767 1370 2838 numerat,
1412 2769 1505 2842 qui
1528 2767 1650 2823 aliis
1671 2775 1756 2823 est
1783 2779 2031 2824 octavus.

442 2837 707 2982 Fig.3.“.
732 2909 946 2979 Fulvio,
972 2910 1041 2970 P.
1080 2912 1332 2982 Sulpitio.
1358 2911 1494 2968 Male
1517 2913 1694 2970 Publii
1721 2925 2034 2982 praenomen

443 2980 498 3036 in
531 2981 697 3054 Fabr.
718 2992 772 3039 et
800 2983 971 3039 Scotti
999 2983 1128 3040 edd.
1159 2980 1454 3052 omittitur,
1476 2984 1603 3040 licet
1626 2985 1680 3040 in
1707 2980 2036 3054 quibusdam

444 3066 580 3126 mss.
610 3053 974 3111 desideretur.
1000 3055 1263 3126 Copulam
1288 3067 1368 3120 et,
1398 3057 1653 3126 quoniam
1684 3053 2036 3126 melioresgli-

2140 2695 2259 2751 euri
2311 2694 2380 2750 de
2420 2694 2645 2750 historia
2696 2703 2804 2751 tam
2853 2695 3019 2754 multa
3067 2705 3256 2752 contra
3282 2696 3454 2754 libros
3484 2705 3726 2754 vetustos

2139 2775 2521 2841 corruperunt.
2547 2767 2815 2841 Consules
2840 2776 2998 2841 erant
3036 2766 3145 2841 Cn.
3175 2767 3402 2841 Fulvius
3421 2770 3722 2841 Centuma-

2141 2838 2225 2892 lus
2254 2848 2308 2892 et
2355 2838 2416 2893 Ρ.
2466 2836 2723 2908 Sulpitius
2775 2837 2970 2894 Galba.
3018 2839 3088 2893 At
3117 2840 3182 2907 ρ.
3217 2837 3442 2896 Fulvius
3471 2839 3720 2908 Flaccus,

2140 2909 2232 2975 qui
2263 2910 2543 2978 superiore
2576 2923 2714 2964 anno
2736 2910 2926 2965 consul
2949 2908 3147 2974 fuerat,
3182 2910 3368 2980 etjam
3397 2916 3728 2980 proconsule

2139 2980 2387 3051 Capuam
2432 2994 2553 3051 cum
2588 2980 2756 3050 Appio
2802 2980 3127 3050 obsidebat,
3160 2982 3284 3036 inde
3309 2983 3514 3039 accitus
3542 3026 3557 3050 ,
3590 2985 3731 3040 inter

2141 3049 2483 3122 Esquilinam
2513 3049 2883 3120 Collinamque
2913 3062 3126 3122 portam
3149 3062 3329 3108 castra
3352 3049 3604 3110 habebat.
3637 3056 3732 3111 Li-

444 3123 528 3206 bri
556 3140 662 3206 non
702 3135 1006 3197 agnoscunt
1028 3167 1043 3193 ,
1081 3122 1370 3182 omisimus
1395 3122 1585 3196 {sicut
1612 3138 1662 3184 et
1697 3125 1902 3183 delevit
1931 3124 2037 3180 Fa-
2063 3143 2109 3206 ρ
2142 3123 2265 3206 vius
2307 3123 2756 3206 etualiimomnes.
2801 3122 2937 3206 Livii
2988 3123 3153 3179 verba
3179 3124 3273 3206 lib.
3307 3140 3455 3206 xxvi,
3483 3141 3602 3194 cap.
3634 3130 3724 3194 tt,

445 3195 672 3252 bricius.

515 3268 569 3323 5.
615 3267 718 3322 Per
744 3268 1043 3336 Sidicinum
1073 3269 1513 3342 Suessanamque.
1565 3272 1900 3342 Suessanum
1928 3282 2036 3323 non

445 3337 847 3411 Sinuessanum,
880 3351 964 3396 est
992 3344 1042 3396 in
1074 3337 1436 3411 manuscript.
1467 3343 1646 3397 Orosii
1681 3340 2038 3410 Eutropiique

445 3408 621 3483 libris.
656 3411 841 3467 Livius
867 3412 1010 3467 libro
1034 3428 1184 3477 xxvr,
1214 3429 1305 3482 per
1328 3408 1638 3468 Suessulam
1663 3408 2039 3483 Alifauumque

444 3490 493 3534 et
519 3478 817 3555 Casinatem
855 3501 1041 3555 agrum
1067 3485 1152 3538 ria
1203 3478 1392 3537 Latina
1422 3485 1563 3538 ducit
1586 3526 1601 3548 ,
1629 3484 1728 3555 rubi
1755 3478 2038 3554 Sigonius,

444 3565 544 3626 per
562 3551 960 3622 Suessulanuin,
993 3555 1139 3625 legit.
1173 3555 1341 3611 Silius
1371 3555 1501 3612 libr.
1528 3571 1603 3611 xit
1625 3554 1728 3611 hoc
1749 3551 1882 3626 agro
1905 3570 2044 3626 pra:-

447 3625 636 3692 tcrito,
669 3625 738 3682 de
761 3628 974 3682 exteris
1004 3627 1077 3682 ita
1101 3627 1249 3682 canit
1276 3644 1288 3678 :

599 3745 724 3811 Iunt
745 3746 957 3811 Sidicina
973 3745 1155 3811 legunt
1175 3747 1452 3810 pernicibus
1475 3759 1593 3797 arva
1619 3746 1882 3811 maniplis,

598 3809 940 3873 rl‘reiciamque
962 3809 1131 3873 Calen,
1158 3809 1348 3873 vestras
1371 3824 1398 3858 a
1419 3812 1618 3873 nomine
1638 3809 1758 3873 nati,

601 3871 821 3934 Qrithyia
837 3870 1030 3932 domos;
1056 3871 1172 3920 hinc
1195 3870 1416 3934 Alifanus
1436 3871 1610 3921 laccho

598 3931 978 3998 liand'ioaratus
996 3946 1134 3997 ager,
1162 3933 1484 3998 nymphisque
1509 3934 1730 3985 habitata
1758 3931 1920 3984 Casini

604 3995 731 4045 Rura
757 3995 1057 4058 evastantut‘,
1085 3995 1176 4047 etc.
1199 3995 1350 4046 Faba.

517 4121 569 4175 ϐ.
616 4119 800 4174 Tribus
838 4120 1069 4174 millibus
1095 4119 1160 4174 ab
1191 4118 1347 4177 Urbe.
1391 4120 1483 4177 Sic
1508 4119 1693 4176 Livius
1719 4137 1733 4173 ε
1767 4117 1911 4172 Inter
1941 4118 2049 4174 hcce

453 4191 680 4263 Annibal
727 4191 795 4244 ad
841 4191 1088 4263 Anienem
1107 4194 1346 4263 Wﬂuuium
1382 4192 1486 4246 tria
1515 4191 1681 4245 millia
1711 4207 1967 4263 passuum
1987 4191 2049 4243 ab

453 4262 590 4317 Urbe
630 4272 801 4316 castra
830 4261 1080 4318 admovit.
1102 4262 1297 4320 Florus
1321 4263 1444 4317 libr.
1481 4279 1540 4332 ll,
1571 4277 1690 4331 cap.
1712 4261 1776 4324 ’0'.
1813 4261 2052 4332 Anniba-

446 4333 553 4388 lem
581 4343 762 4419 castra
780 4338 1037 4419 iposuiSse
1065 4336 1282 4419 a'tertio
1311 4334 1526 4419 lapide,
1561 4334 1670 4418 .ait.
1698 4333 1930 4419 'Plinius
1955 4331 2048 4419 lib.

451 4421 541 4470 xv,
570 4421 692 4475 cap.
743 4407 834 4472 18,
881 4405 1064 4460 Castra
1092 4405 1296 4459 Punica
1336 4403 1404 4459 ad
1452 4406 1660 4460 tertium
1692 4404 1914 4476 lapidem
1944 4403 2054 4457 val-

453 4475 579 4548 lata.
611 4479 902 4548 Eutropius
931 4492 1082 4540 vero,
1128 4476 1356 4530 Annibal
1378 4493 1541 4546 usque
1565 4477 1635 4530 ad
1661 4486 1903 4548 quartum
1934 4475 2054 4528 mil-

2143 3202 2269 3265 sttnt
2294 3211 2307 3248 :
2341 3192 2455 3248 Nec
2483 3191 2702 3249 Flaccus
2723 3196 3060 3265 consulesque
3083 3205 3336 3250 certamen
3368 3191 3724 3254 detrectavere.

2142 3264 2311 3321 Fann.
2334 3295 2406 3306 -—-
2433 3265 2571 3321 Edd.
2621 3273 2747 3321 vett.
2780 3264 3036 3336 excepta,
3072 3271 3328 3335 August..
3362 3266 3505 3323 {mdo
3531 3270 3730 3325 mendo

2144 3353 2253 3392 non
2295 3345 2506 3405 carent,
2549 3337 2676 3392 dum
2723 3337 3002 3402 exhibent,
3031 3338 3121 3392 sed
3152 3348 3199 3392 et
3230 3339 3468 3394 consules
3509 3338 3730 3396 Fulvius

2143 3418 2192 3464 et
2219 3407 2438 3480 Publius
2462 3426 2565 3463 non
2585 3411 2920 3463 detrectavere
2940 3426 3185 3480 pugnant.

2217 3480 2305 3535 it).
2346 3479 2613 3550 Exposita:
2656 3479 2947 3551 utrumque
2975 3481 3138 3535 acies.
3193 3479 3344 3537 Meus
3389 3481 3560 3537 codex
3600 3497 3722 3539 cum

2146 3549 2388 3623 Florent.
2433 3549 2600 3623 tertio
2644 3549 2851 3606 mavult
2887 3555 3121 3620 exposita
3153 3551 3413 3623 utrimque
3456 3554 3586 3606 acie.
3619 3557 3723 3609 Sed

2145 3622 2338 3678 Latine
2361 3624 2530 3692 magis
2549 3622 2790 3696 Florent.
2808 3623 3060 3688 secund.,
3077 3623 3142 3677 At
3166 3622 3520 3696 ubieapedilte
3547 3627 3729 3680 utrim-

2146 3710 2244 3763 que
2271 3695 2405 3748 acies
2435 3695 2788 3748 constiterunt.
3465 3713 3472 3716 -

2220 3766 2310 3820 Η.
2361 3764 2605 3839 Victoris.
2654 3763 2805 3820 Vinc.
2840 3764 3111 3820 Bellovae.
3136 3807 3152 3834 ,
3205 3765 3330 3822 edd.
3365 3774 3418 3822 et
3450 3780 3581 3822 mss.
3615 3769 3732 3839 qui-

2149 3835 2299 3899 dam,
2324 3837 2570 3890 victorire.

2223 3905 2310 3982 l2.
2354 3907 2618 3982 Annibali.
2643 3907 2707 3982 _lu
2743 3907 2932 3964 codice
2971 3922 3127 3982 meo,
3159 3919 3216 3962 ttt
3253 3918 3314 3982 cl_
3339 3907 3479 3982 L‘ltr.
3513 3909 3733 3982 legitur,

2150 3977 2492 4044 Annibalem;
2519 3978 2659 4049 quod
2690 3993 2719 4033 a
2741 3995 2826 4035 me
2856 3981 3117 4034 monitum
3159 3995 3269 4034 non
3293 3979 3501 4048 luisset,
3535 3977 3638 4036 nisi
3681 3995 3733 4036 et

2151 4050 2204 4121 in
2238 4049 2362 4103 eod.
2410 4050 2649 4121 Longob.
2681 4060 2734 4105 et
2765 4051 2814 4105 in
2861 4051 3084 4120 reliquis
3122 4050 3332 4106 duobus
3353 4052 3734 4108 vctustissinis

2153 4119 2400 4175 Florent.
2433 4125 2511 4176 sic
2536 4119 2765 4192 quoque
2804 4119 3156 4178 scriberetur.
3199 4123 3333 4177 llinc
3371 4123 3618 4189 suSpicor
3658 4124 3737 4180 le-

2155 4203 2299 4247 ctum
2328 4193 2382 4246 in
2412 4207 2542 4248 mss.
2575 4192 2700 4264 olim
2732 4207 2826 4262 pro
2856 4193 3072 4259 obstitit,
3104 4194 3246 4263 quod
3272 4195 3535 4264 sequitur,
3567 4205 3621 4252 et
3641 4213 3736 4264 pm

2155 4277 2261 4331 quo
2292 4265 2475 4317 restitit
2510 4263 2754 4332 qua-dant
2788 4264 2986 4319 habent
3013 4265 3138 4319 edd.
3173 4266 3338 4319 fuisse
3374 4267 3608 4320 abstulit.
3641 4263 3738 4322 Dei

2157 4335 2408 4389 videlicet
2438 4335 2711 4389 miseratio
2732 4335 2953 4389 abstulit
2989 4344 3044 4390 et
3073 4335 3275 4390 amovit
3307 4348 3624 4406 tempestate
3647 4353 3741 4392 sn-

2159 4406 2268 4459 hita
2299 4420 2328 4459 a
2360 4407 2530 4459 muris
2558 4406 2742 4460 Romte
2763 4406 3080 4461 Annibalem
3105 4451 3120 4475 ,
3145 4422 3303 4476 quem
3334 4423 3524 4464 arcere
3550 4425 3742 4466 manus

2160 4477 2413 4530 humanm.
2444 4493 2471 4529 a
2505 4477 2764 4546 capienda
2794 4477 2982 4532 eadem
3015 4493 3121 4532 non
3153 4488 3420 4543 poterant.

452 4547 659 4601 liarium
693 4538 865 4620 Urbis
896 4538 1130 4614 accessit,
1164 4561 1395 4620 quocum
1431 4538 1706 4620 consentit
1749 4549 2049 4616 Appianus.
2082 4538 2132 4598 Ι)
2230 4549 2318 4604 15.
2363 4547 2470 4602 Per
2509 4538 2761 4618 pluviam.
2794 4549 2923 4620 Quae
2965 4564 3110 4620 saepe
3154 4538 3416 4605 Romanis
3460 4551 3512 4604 in
3562 4549 3740 4607 dubiis

449 4619 542 4688 qui
578 4620 630 4674 in
665 4619 801 4673 libro
838 4619 907 4674 de
934 4620 1098 4674 rebus
1144 4619 1430 4674 Annibalis
1472 4619 1668 4675 scribit
1698 4619 1872 4689 ipsum
1901 4633 2050 4672 xxxii

451 4690 520 4743 ab
550 4689 696 4747 Urbe
727 4690 900 4744 stadia
923 4691 990 4744 ad
1019 4691 1289 4745 Anienem
1325 4689 1554 4744 [luvium
1578 4697 1759 4745 castra
1783 4690 2052 4758 posuisse.

449 4761 522 4816 At
551 4761 745 4834 Polyb.
779 4762 872 4816 lib.
907 4776 958 4816 lx
990 4778 1004 4815 :
1033 4759 1208 4816 Ἐλαθε
1234 4760 1421 4834 διαϐὰς
1447 4764 1535 4818 τὸν
1558 4764 1789 4818 ’Δννίωνα
1824 4761 2053 4834 ποτᾳμόν

450 4837 530 4910 atati
566 4831 873 4910 auve'nia'ac
915 4835 1046 4910 ὥστε
1077 4838 1149 4905 μή
1194 4833 1371 4910 Rhion
1419 4835 1811 4910 TWGPC'CXOKGA
1832 4831 2054 4910 στᾳδὶῳν

451 4903 711 4980 tinea-xiiii}
728 4903 829 4980 ’τῇς
850 4908 1040 4980 Ῥώμης
1057 4903 1380 4980 Δἁι-ιῃιψαισγθςκι
1404 4909 1496 4980 τὴν
1515 4903 1861 4980 πάρεμϐολήν.
1892 4903 2052 4957 Anni-

453 4976 535 5028 bal
553 4975 733 5031 itisciis
759 4975 1010 5030 Romanis
1035 4976 1284 5031 Anienem
1304 4978 1521 5046 [luvium
1545 4975 1918 5046 transgressus,
1945 4985 2051 5028 tant

452 5063 612 5120 prope
655 5049 904 5114 accessit,
938 5056 996 5120 ut
1025 5047 1409 5120 castra_stadiis
1446 5047 1661 5120 xusive_
1663 5045 1892 5100 millibus
1925 5062 2053 5120 pas-

451 5116 603 5173 suum
631 5134 662 5192 v
693 5136 798 5173 non
829 5119 1055 5192 amplius
1107 5116 1340 5192 abiUrbe
1369 5117 1571 5188 fecerit.
1620 5117 1789 5173 Fann.
1823 5145 1892 5157 —
1925 5117 2053 5172 Vin-

455 5201 600 5245 cent.
633 5189 875 5255 Bellov.,
906 5189 1071 5244 tribus
1101 5189 1432 5244 milliaribus.

527 5263 581 5314 7.
622 5259 691 5315 In
715 5278 908 5316 muros.
937 5260 1339 5332 Coll.Longob.
1358 5276 1482 5317 eum
1507 5260 1686 5317 tribus
1711 5259 2045 5332 Lugd.Batt.

453 5349 486 5388 e
511 5332 648 5388 Coll.
675 5332 941 5402 Gronov.,
970 5334 1024 5386 in
1054 5333 1238 5386 muris.

525 5403 580 5459 8.
626 5403 802 5475 Usque
842 5405 912 5459 ad
951 5413 1153 5474 portam
1203 5401 1486 5458 Collinam.
1536 5404 1732 5459 Cicero
1778 5403 1975 5472 Philip.
2009 5419 2050 5471 ι,

455 5475 704 5543 Annibal,
746 5476 926 5546 credo,
969 5485 1080 5546 erat
1122 5475 1192 5529 ad
1227 5483 1427 5545 portas.
1460 5475 1567 5532 Sed
1592 5475 1769 5531 dehis
1799 5475 2052 5531 omnibus

456 5546 645 5602 Livius
671 5547 916 5616 copiose.
949 5545 1115 5601 Fann.
1138 5615 1167 5616 η
1523 5579 1528 5583 ι

527 5621 584 5672 9.
628 5615 805 5674 Sedet
825 5619 1095 5684 consules,
1123 5615 1448 5687 Fulviusque
1486 5618 1816 5688 proconsule.
1864 5616 1942 5672 lta
1971 5617 2058 5673 hic

464 5689 620 5744 locus
641 5698 789 5745 recte
821 5690 873 5744 in
906 5689 1158 5744 omnibus
1189 5687 1575 5758 manuscriptis
1610 5689 1829 5759 legitur,
1865 5698 1926 5744 ut
1956 5689 2059 5744 mi-

463 5759 574 5821 rari
613 5761 747 5820 satis
794 5776 904 5819 non
955 5761 1160 5835 possim
1195 5760 1575 5834 negligentiam
1605 5775 1820 5832 eorum,
1842 5762 1935 5834 qui
1969 5776 2057 5820 se-

2160 4620 2321 4674 rebus
2353 4634 2603 4690 magnum
2639 4619 2888 4684 praestitit
2918 4619 3363 4676 emolumentum.
3397 4621 3622 4676 Orosius
3649 4641 3747 4676 au-

2160 4698 2269 4745 tem
2315 4690 2369 4744 in
2423 4690 2569 4746 hisce
2609 4691 2746 4745 idem
2800 4701 2994 4747 tractat
3043 4702 3419 4762 argumentum
3466 4704 3521 4749 et
3554 4695 3746 4750 eodem

2162 4762 2346 4830 modo,
2378 4771 2436 4834 ut
2465 4762 2808 4834 Tertulianus
2839 4763 2890 4817 in
2923 4763 3273 4834 Apologetico
3295 4779 3416 4834 cap.
3447 4780 3501 4819 v.

2236 4835 2326 4888 14.
2375 4833 2451 4906 Ab
2491 4832 2813 4906 hujusmodi.
2847 4832 2984 4902 Quia
3023 4850 3127 4888 non
3159 4837 3298 4889 satis
3319 4832 3442 4904 apte
3468 4835 3746 4892 cohaerere

2163 4905 2328 4960 verba
2361 4903 2635 4976 videntur,
2669 4904 2791 4959 edd.
2825 4908 2996 4976 prima
3025 4917 3078 4960 et
3105 4905 3284 4962 Paris.
3316 4903 3370 4961 et
3402 4907 3620 4962 Veneta:
3668 4911 3748 4964 in-

2162 4986 2440 5032 terserunt
2462 4975 2755 5030 hominibus
2779 5016 2795 5042 ,
2829 4975 3020 5031 contra
3046 4991 3236 5032 omnes
3268 4992 3398 5033 mss.
3422 4977 3585 5034 Forte
3609 4981 3749 5034 scri-

2160 5048 2269 5118 psit
2300 5049 2506 5120 Auctor
2552 5049 2612 5101 ab
2657 5047 2954 5120 ltujusmodi
3005 5051 3251 5116 servatis,
3300 5063 3398 5120 pro
3445 5064 3554 5119 quo
3582 5053 3746 5105 verbo

2157 5118 2546 5188 compendiose
2578 5135 2674 5188 pro
2711 5118 2857 5174 more
2883 5120 3084 5190 scripto
3112 5161 3126 5183 ,
3175 5119 3375 5175 deinde
3414 5118 3748 5176 successisse

2157 5191 2374 5246 videtur
2396 5193 2542 5245 satis.
2578 5191 2888 5261 ltespondet
2903 5202 3052 5246 certe
3074 5191 3382 5247 emendatio
3403 5202 3585 5247 nostra
3617 5192 3742 5258 illis,

2155 5276 2479 5336 quaesupra
2517 5261 2696 5336 dixit,
2730 5267 3011 5336 conservati
3057 5264 3143 5336 isti
3183 5264 3530 5336 dedignantur
3570 5265 3744 5336 fateri.

2229 5335 2318 5389 15.
2361 5333 2476 5398 Quo
2522 5334 2697 5405 rogari
2740 5332 3022 5405 Christum.
3072 5333 3261 5405 l.ugd._
3289 5332 3408 5389 Bat.
3461 5332 3579 5390 sec.
3617 5351 3739 5390 cum

2154 5405 2406 5479 Perizon.
2431 5449 2445 5473 ,
2489 5403 2599 5479 quo
2624 5403 3106 5479 rogare_Cltristttm
3147 5403 3192 5459 et
3223 5403 3528 5479 Christianis
3573 5409 3745 5479 rogari

2163 5475 2509 5548 permittitur.
2533 5475 2639 5532 Pro
2668 5475 2979 5548 permittitur
3001 5478 3150 5532 Mens
3177 5478 3292 5531 vult
3318 5475 3637 5548 permittunt.

2236 5549 2322 5604 16.
2366 5546 2475 5602 Pro
2503 5558 2648 5616 parte
2669 5546 2776 5604 sui.
2818 5547 2918 5603 Ed.
2952 5551 3202 5618 August.,
3249 5546 3342 5619 pro
3372 5549 3614 5604 tarditate
3642 5552 3746 5605 sui.

2236 5621 2321 5674 l7.
2362 5620 2408 5692 Α
2437 5621 2602 5692 fratre
2624 5619 2926 5692 Asdrubale.
2952 5619 3027 5674 lla
3051 5619 3356 5692 legendum,
3392 5636 3522 5691 non,
3547 5621 3747 5692 Asdru-

2163 5691 2312 5748 balis.
2345 5690 2614 5748 Asdrubal
2642 5691 2961 5755 Barchinus,
2991 5691 3279 5748 Annibalis
3310 5693 3498 5759 frater,
3531 5693 3595 5748 P.
3623 5691 3744 5749 Sci-

2162 5764 2382 5836 pionem
2410 5778 2536 5822 cum
2563 5763 2802 5822 exercitu
2832 5761 3062 5837 delevit,
3098 5777 3164 5823 ac
3190 5764 3617 5837 undetrigesimo
3656 5765 3744 5825 die
