4092 6346
513 265 618 326 905

1934 257 2138 316 PAULI
2177 255 2401 314 UROSll

3704 252 3807 312 90!

509 383 582 440 lia
614 383 904 440 Pwnorum
947 393 1015 436 eo
1053 378 1240 452 prtelio
1268 377 1482 435 occidit.
1512 375 1877 448 Sempronius
1903 377 2092 433 consul
2125 379 2178 436 Α
2203 373 2527 441 interfectis,
2585 375 2670 430 cui
2713 375 2781 430 ad
2831 372 3148 430 Africanum
3190 372 3346 428 littus
3391 370 3812 443 prepinquauti,

513 495 636 535 cum
680 476 948 534 Annibale
978 491 1306 545 congressus
1346 484 1401 530 et
1445 473 1642 539 victus,
1670 473 1716 506 ³⁸
1749 474 1976 528 Romam
2021 491 2108 530 re-

511 571 669 642 lugit.
709 570 894 640 Scipio
931 569 985 624 in
1018 568 1199 622 Africa
1229 567 1270 598 ’⁷
1303 579 1592 636 aggressus
1631 565 1872 635 hyberna
1907 567 2109 622 Pteuo-

513 679 655 731 rum,
710 672 875 732 atque
924 660 1030 714 alia
1076 657 1453 721 Numidarum,
1500 671 1620 725 qua:
1682 664 1911 726 utraque
1965 657 2110 712 haud

514 756 704 828 procul
727 756 796 812 ab
825 753 978 811 Utica
1011 763 1192 818 erant,
1221 761 1380 806 nocte
1410 747 1674 805 concubia
1707 748 1751 779 ’⁸
1778 749 1908 814 fecit
1930 751 2110 805 incen-

511 849 588 905 di.
615 847 766 904 Pteni
796 844 992 916 trepidi
1017 860 1140 899 cum
1165 857 1293 898 casu
1323 843 1587 897 accidisse
1615 841 1795 914 ignem
1827 851 2109 913 putarent,

509 943 748 999 inermes
793 942 858 995 ad
909 939 1373 1008 exstinguendum
1421 945 1827 992 concurrerunt
1873 953 1884 989 :
1939 952 2110 1006 quare

513 1038 672 1093 facile
696 1037 761 1089 ab
791 1033 1016 1089 annalis
1047 1034 1090 1065 ²⁹
1121 1032 1370 1103 oppressi
1405 1041 1552 1086 sunt.
1592 1028 1636 1060 ³⁰
1666 1029 1723 1085 ln
1757 1029 2000 1100 utrisque
2025 1046 2116 1084 ca-

513 1128 643 1183 stris
676 1125 834 1198 267
866 1122 1222 1195 quadraginta
1267 1122 1437 1177 millia
1471 1121 1754 1176 hominum
1795 1121 1904 1191 igni
1933 1119 2111 1175 ferro-

520 1235 626 1290 que
663 1227 982 1288 consutnpta
1012 1225 1157 1283 sunt,
1192 1215 1232 1247 ³⁸
1256 1225 1416 1284 capta
1447 1215 1686 1286 quinque
1717 1214 1910 1280 millia,
1947 1212 2115 1268 duces

515 1311 618 1382 ipsi
663 1308 1051 1366 miserabiliter
1091 1308 1354 1374 ambusti,
1388 1309 1432 1338 ³³
1458 1322 1604 1377 aegre
1649 1305 1972 1376 ell‘ugeruut.
2009 1307 2113 1359 As-

519 1404 710 1461 drubal
737 1405 1038 1472 imperator
1060 1400 1445 1471 Carthaginem
1469 1398 1730 1470 profugus
1758 1397 1928 1452 venit.
1947 1396 1992 1426 ³³
2015 1397 2118 1451 lta-
2155 1456 2158 1458 γ

520 1515 626 1571 que
655 1499 875 1570 Syphax
901 1507 955 1552 et
981 1494 1254 1552 Asdrubal
1299 1509 1423 1550 mox
1453 1494 1746 1565 plurimum
1788 1506 2120 1563 reparavere

519 1591 848 1656 exercitum,
884 1601 1048 1660 atque
1098 1588 1292 1643 iterum
1339 1603 1460 1642 cum
1519 1586 1781 1658 Scipione
1830 1585 2116 1656 congressi

521 1691 670 1751 sunt,
695 1683 932 1754 victique
957 1681 1236 1752 fugerunt.
1269 1680 1572 1751 Syphacem
1601 1680 1894 1749 fugientem
1921 1675 2119 1732 Ltclius

2206 469 2394 540 jussus
2431 469 2650 539 quidam
2688 483 2720 525 e
2749 468 2984 524 nauticis
3012 466 3311 523 ascendere
3343 467 3397 522 in
3427 466 3687 521 arborem
3719 479 3814 519 na-

2211 563 2313 634 vis,
2360 571 2522 633 atque
2559 564 2684 620 inde
2730 563 3020 633 Speculat‘i,
3055 577 3219 634 quam
3260 562 3539 632 regionem
3583 567 3812 622 teneret,

2213 655 2234 688 ⁸
2264 657 2574 728 sepulcrum
2603 656 2840 712 dirutum
2870 671 2929 712 se
2958 657 3304 726 prospexisse
3324 652 3622 724 respondit.
3651 651 3818 723 263

2214 751 2573 806 Abominatus
2611 751 2815 807 dictum
2859 749 3118 816 Annibal,
3163 749 3382 804 tlellexo
3422 761 3584 802 cursu
3617 744 3685 798 ad
3721 744 3819 797 Lc-

2215 843 2347 914 ptim
2375 841 2630 912 oppidum
2654 841 2840 912 copias
2863 841 3136 911 exposuit.
3165 841 3184 872 ³
3207 841 3308 908 Qui
3333 837 3593 895 continuo
3615 836 3820 892 refecta

2216 935 2582 1001 multitudine,
2627 935 2647 965 ⁸
2690 932 3073 1005 Carthaginem
3117 935 3301 1000 venit,
3347 930 3548 987 deinde
3587 931 3606 961 ⁷
3649 929 3824 984 collo-

2216 1029 2401 1100 quium
2421 1027 2706 1098 -Seipionis
2736 1029 2908 1099 petiit.
2938 1030 2958 1060 ⁸
2990 1028 3089 1084 Ubi
3118 1043 3241 1083 cum
3271 1043 3330 1083 se
3355 1027 3447 1081 diu
3480 1024 3700 1080 attoniti
3730 1023 3820 1077 ad-

2218 1119 2506 1175 miratione
2531 1130 2718 1175 mutua
2743 1121 2848 1174 duo
2870 1119 3162 1176 clarissimi
3183 1121 3352 1176 duces
3373 1123 3393 1152 θ
3417 1118 3820 1188 suspexissent,

2221 1213 2263 1243 ¹⁰
2285 1211 2485 1267 intecto
2511 1211 2657 1282 pacis
2682 1215 2900 1282 negotio
2923 1213 3164 1282 praelium
3188 1221 3502 1268 consertum
3526 1219 3612 1266 est
3639 1228 3654 1265 :
3681 1209 3826 1279 quod

2218 1305 2312 1360 ditt
2336 1305 2546 1374 magnis
2572 1306 2770 1360 ducum
2795 1305 3003 1361 artibus
3027 1305 3374 1376 diSpositum,
3400 1305 3612 1375 magnis
3639 1302 3828 1374 copia-

2222 1414 2341 1452 rum
2382 1398 2620 1454 molibus
2657 1406 2897 1468 gestum,
2933 1399 3142 1469 magnis
3187 1399 3420 1454 militum
3460 1400 3670 1454 viribus
3700 1412 3829 1452 con-

2221 1503 2572 1559 summatum,
2609 1491 2872 1548 Romanis
2919 1494 3203 1548 victoriam
3244 1493 3498 1548 contulit.
3536 1492 3827 1561 Octoginta

2222 1586 2294 1640 ibi
2333 1587 2608 1658 elephanti
2650 1587 2736 1642 vel
2776 1587 2919 1657 capti
2966 1589 3050 1642 vel
3089 1588 3257 1642 occisi
3293 1596 3442 1652 sunt,
3474 1587 3514 1619 ¹¹
3542 1583 3832 1654 Carthagi-

2224 1680 2496 1737 niensium
2522 1681 2808 1756 interfecta
2837 1691 2960 1737 sunt
2985 1681 3177 1751 viginti
3201 1680 3366 1736 millia
3387 1678 3699 1751 quingenti,
3721 1676 3831 1732 An-

522 1789 578 1835 et
629 1778 954 1833 Massanissa
996 1783 1284 1845 ceperunt,
1330 1783 1530 1828 ca-tera
1581 1771 1870 1827 multitudo
1907 1771 2112 1826 Cirtam
2147 1783 2192 1843 Β
2222 1775 2371 1830 nibal
2412 1776 2592 1830 omnia
2625 1783 2681 1831 et
2717 1783 2844 1830 ante
2875 1775 3123 1845 praelium
3157 1782 3213 1829 et
3241 1775 3295 1828 in
3327 1773 3519 1844 prae-lio
3543 1780 3829 1842 expertus,

525 1871 570 1904 "
597 1870 864 1941 confugit,
898 1883 1061 1939 quam
1107 1866 1430 1922 Massanissa
1473 1874 1838 1936 oppugnatam
1878 1864 1930 1919 in
1972 1864 2118 1919 dedi-

527 1961 734 2018 tionem
767 1961 1000 2030 recepit,
1033 1958 1340 2031 Syphacem
1371 1958 1416 1989 ³⁵
1439 1957 1505 2012 ad
1552 1956 1862 2027 Scipionem
1905 1956 2118 2012 catenis

521 2055 760 2109 vinctum
788 2052 1032 2116 deduxit,
1075 2066 1233 2120 quem
1277 2049 1460 2119 Scipio
1491 2063 1611 2102 cum
1644 2047 1961 2118 ingentibus
1998 2061 2120 2115 spo-

523 2147 638 2213 liis,
673 2145 1030 2218 plurimisque
1069 2143 1302 2213 captivis
1348 2141 1392 2172 ³⁶
1437 2142 1666 2198 Romam
1709 2139 2119 2211 perducendum

523 2242 691 2299 Lalio
721 2240 965 2297 tradidit.

1115 2334 1348 2392 CAPUT
1387 2334 1531 2390 XIX.

528 2450 833 2506 Annibalem
871 2449 926 2504 in
965 2448 1198 2520 Africam
1238 2458 1555 2520 revocatum,
1579 2464 1610 2499 a
1643 2447 1888 2520 Scipione
1911 2464 2126 2520 supcra-

601 2533 730 2582 tum.
757 2518 1091 2592 fugatumque
1112 2521 1270 2590 fuisse
1297 2536 1314 2573 :
1342 2529 1390 2574 et
1410 2518 1918 2590 Carthaginiensibus
1945 2518 2123 2588 pacem

599 2590 911 2649 concessisse
939 2590 1221 2646 Romanos.

598 2705 832 2766 Annibal
855 2707 1032 2764 redire
1060 2707 1112 2762 in
1139 2705 1376 2762 Africam
1401 2705 1608 2775 jussus,
1640 2714 1698 2761 ut
1720 2703 1876 2760 lessis
1897 2705 2126 2761 Cartha-

526 2803 864 2877 giniensibus
895 2799 1229 2869 subveniret,
1256 2799 1272 2831 ¹
1301 2798 1439 2854 llens
1466 2799 1686 2870 reliquit
1710 2798 1942 2867 ltaliam,
1964 2800 1984 2829 ²
2009 2816 2126 2852 om-

524 2897 685 2953 nibus
719 2893 886 2952 Italici
922 2893 1141 2966 generis
1177 2890 1466 2959 militibus,
1491 2891 1525 2966 ,'
1563 2891 1656 2962 qui
1695 2893 1851 2962 sequi
1896 2890 2121 2959 nollent,

2221 1883 2342 1924 cum
2369 1869 2578 1938 paucis,
2611 1868 2713 1924 hoc
2741 1877 2846 1935 est,
2879 1868 2965 1923 vix
2990 1876 3226 1939 quatuor
3248 1864 3547 1937 equitibus,
3574 1864 3725 1920 inter
3748 1873 3835 1919 tu-

2223 1961 2450 2016 multum
2472 1961 2714 2032 elapsus,
2741 1961 3096 2017 Adrumetum
3116 1958 3592 2030 conlugit.Postea
3605 1957 3835 2012 Cartha-

2221 2057 2400 2127 ginem
2431 2065 2555 2126 post
2583 2070 2676 2110 sex
2713 2066 2768 2111 et.
2801 2055 3022 2126 triginta
3055 2069 3250 2121 annos,
3282 2069 3443 2124 quam
3477 2052 3603 2108 inde
3632 2053 3674 2083 ¹²
3705 2067 3834 2122 par-

2223 2164 2323 2204 vus
2362 2165 2485 2205 cum
2533 2160 2682 2220 patre
2710 2149 2941 2215 exierat,
2972 2149 3124 2205 venit
3155 2167 3168 2204 :
3199 2148 3245 2180 ¹³
3275 2147 3715 2216 consultantique
3743 2161 3836 2201 sc—

2224 2241 2396 2308 natui,
2438 2241 2639 2296 nullam
2678 2256 2801 2296 esse
2845 2241 3122 2297 residuam
3164 2254 3340 2312 spem,
3373 2239 3473 2294 nisi
3505 2239 3560 2294 in
3592 2237 3832 2308 petenda

2227 2351 2382 2407 pace,
2415 2335 2702 2406 persuasit.
2726 2334 2826 2390 Cn.
2855 2334 3108 2391 Cornelio
3133 2334 3388 2404 Lentulo,
3416 2335 3476 2390 P.
3506 2333 3657 2390 IElio
3683 2334 3834 2388 l’azto

2228 2429 2570 2496 consulibus,
2594 2426 3135 2500 Carthaginiensibus
3160 2445 3261 2500 pax
3285 2443 3378 2499 per
3399 2427 3712 2498 Scipionem
3735 2444 3835 2482 vo-

2227 2521 2433 2578 luntate
2464 2530 2682 2577 senatus
2714 2521 3008 2593 populique
3035 2535 3294 2578 concessa
3322 2530 3426 2576 est.
3449 2520 3624 2578 Naves
3649 2529 3834 2576 tamen

2228 2614 2352 2686 plus
2391 2629 2550 2684 quam
2595 2616 2899 2686 quingenttc
2942 2615 2995 2671 in
3045 2615 3214 2670 altum
3259 2615 3561 2686 productas,
3604 2615 3656 2670 in
3699 2631 3836 2670 eon-

2228 2714 2414 2776 Spectu
2441 2705 2678 2761 civitatis
2705 2706 2941 2762 incensae
2963 2716 3110 2762 sunt.
3135 2706 3317 2775 Scipio
3337 2707 3448 2776 jam
3476 2717 3601 2762 tunc
3622 2721 3835 2778 cogno-

2230 2806 2412 2852 mento
2451 2795 2758 2867 Africanus,
2802 2797 3142 2868 triumphans
3184 2796 3382 2853 Urbem
3419 2798 3693 2868 ingressus
3721 2807 3830 2865 est,

2228 2904 2389 2960 quem
2423 2887 2466 2920 “
2496 2888 2810 2960 Terentius,
2840 2889 2932 2962 qui
2963 2899 3147 2962 postea
3176 2890 3440 2960 comicus,
3463 2904 3530 2945 ex
3557 2889 3838 2945 nobilibus

1820 3025 2274 3083 llAVERCAMPl
2311 3027 2546 3084 ΝΟΤΑΕ.

597 3145 690 3203 26.
726 3145 945 3201 Romam
978 3141 1192 3214 refugit.
1227 3141 1285 3196 P.
1315 3137 1700 3215 Sempronium
1742 3139 1810 3193 ab
1850 3137 2117 3215 Annibale
2149 3138 2195 3200 C
2247 3213 2262 3215 η
2299 3139 2650 3215 2._Qntuibus
2674 3138 2852 3215 Italici
2878 3141 3099 3215 generis.
3135 3140 3244 3215 liae
3282 3140 3352 3199 de
3382 3158 3442 3200 re
3467 3143 3747 3215 Appianus
3777 3142 3839 3199 in

529 3219 730 3274 victum
777 3218 834 3270 in
874 3230 1008 3282 agro
1039 3211 1423 3280 Crotoniensi,
1453 3213 1504 3266 in
1557 3219 1735 3282 castra
1775 3211 2022 3282 rediisse,
2062 3225 2125 3265 ac

527 3287 747 3356 deinde,
777 3280 1044 3344 accersito
1069 3285 1276 3340 Licinio
1306 3283 1525 3356 Crasso,
1560 3281 1788 3356 te_|iciter
1810 3280 2122 3350 dimicasse,

538 3351 882 3417 Liviusiibro
913 3371 1052 3412 nono
1075 3367 1323 3410 extremo
1346 3354 1553 3409 scribit.
1588 3351 1759 3407 Fann.

560 3469 562 3472 μ
605 3433 698 3487 27.
728 3426 1261 3500 Aggressusiltyberna
1284 3425 1589 3500 Poenorum.
1623 3423 2000 3500 lltcc_|t_istoria
2029 3439 2126 3500 cx-

529 3504 712 3558 statin
750 3495 954 3570 Piilybii
990 3495 1326 3568 Fragutentis
1357 3499 1452 3570 lib.
1488 3513 1594 3570 xiv,
1626 3496 1767 3570 ap_nd
1794 3495 2004 3551 Livium
2028 3496 2129 3550 ini-

541 3578 616 3630 tio
642 3575 736 3628 lib.
776 3567 908 3628 xxx.
937 3581 987 3625 ct
1007 3567 1309 3637 Appianum
1343 3571 1395 3624 in
1420 3568 1642 3639 Lybico.
1672 3567 1839 3622 Fann.

609 3646 700 3701 28.
727 3641 873 3697 Fecit
910 3642 1138 3696 incendi.
1165 3641 1338 3701 Lugd.
1373 3640 1513 3696 Batt.
1548 3647 1660 3695 tres
1689 3655 1811 3694 cum
1844 3639 2130 3695 Vincentio

538 3726 592 3772 cl
620 3715 754 3772 Coll.
789 3713 1057 3778 Gronov.,
1081 3713 1332 3766 incendit.

606 3790 698 3844 29.
739 3783 986 3856 Oppressi
1023 3793 1160 3856 sunt.
1193 3783 1289 3838 Ed.
1325 3785 1576 3856 August”
1607 3781 1838 3856 superati
1881 3793 2002 3838 sunt
2054 3783 2129 3836 uel

534 3852 797 3930 Oppressi:
827 3852 981 3930 Quod
1022 3863 1079 3910 et
1112 3853 1333 3910 Veneta:
1369 3854 1494 3930 edd.
1534 3852 1922 3930 h_a_bent,_duas
1964 3871 2129 3930 eapu-

536 3923 712 3988 lautes
762 3928 1059 3995 lectiones,
1112 3933 1170 3980 ut
1213 3941 1358 3998 εωρο
1408 3926 1461 3981 in
1505 3925 1632 3980 edd.
1666 3923 1906 3994 antiquis
1948 3926 2132 3979 videre

535 4004 687 4060 licet.

610 4076 699 4132 50.
730 4071 796 4126 In
833 4072 1060 4140 utrisque
1103 4070 1288 4124 castris
1332 4085 1398 4125 XL
1437 4067 1624 4122 millia.
1662 4067 1811 4140 Hunc
1845 4082 2129 4120 numerum

537 4147 652 4203 edit
699 4144 890 4200 Livius
922 4160 936 4198 :
969 4137 1245 4212 Appianus
1279 4143 1351 4196 ita
1388 4140 1698 4195 εἈπέΟανον
1724 4137 1776 4194 δέ
1807 4147 1908 4194 τῶν
1933 4140 2134 4212 ἐχθρῶν

534 4220 685 4292 ὀλίγῳ
712 4215 909 4277 δέοντες
934 4215 1235 4292 τρισςμύριᾳ
1263 4254 1280 4292 _,
1309 4216 1391 4268 καὶ
1419 4213 1742 4284 αἰχμάλωτοι
1763 4213 1992 4292 ,ἐγένρντο
2017 4213 2134 4292 διᾳτ-

541 4285 704 4363 χίἱιρι
732 4292 820 4343 καὶ
844 4285 1194 4363 capesseret,
1225 4285 1274 4338 id
1300 4294 1410 4363 est,
1434 4299 1568 4363 ctcsa
1598 4293 1726 4363 sunt
1755 4285 1980 4335 hostium
2018 4285 2134 4338 mil~

543 4349 616 4415 lia
645 4360 888 4429 ferexxx
921 4349 1072 4424 capta
1107 4358 1211 4409 duo
1244 4355 1407 4429 millia
1426 4362 1480 4429 _et
1505 4369 1653 4429 cccc.
1687 4352 1854 4429 Fann.

611 4425 702 4486 5⁷1.
737 4428 902 4498 Capta
939 4429 1160 4498 quinque
1200 4426 1389 4479 millia.
1423 4425 1650 4498 l’ropius
1674 4426 1742 4498 ad
1770 4425 2134 4498 Appianiinu-

543 4513 752 4556 merum
800 4494 903 4552 duo
951 4494 1116 4550 millia
1161 4509 1314 4566 capta
1367 4495 1531 4550 luisse
1581 4494 1768 4549 scribit
1807 4495 1978 4564 Lugd.
2016 4497 2132 4550 Bat.

584 4580 721 4624 nat'l.

543 4589 721 4697 (vigili:
752 4639 916 4711 .Egre
958 4637 1266 4708 effugerunt.
1317 4637 1462 4694 Flor.
1487 4652 1592 4708 pr.,
1619 4651 1752 4710 atgre
1781 4642 2139 4710 aufugerunt;

547 4717 768 4782 tertius,
789 4727 930 4782 wgre
956 4713 1278 4782 refugerunt.

614 4786 704 4841 '55.
739 4779 922 4853 Itaque
953 4779 1172 4853 Syphax
1200 4790 1244 4836 et
1277 4779 1715 4853 Asdt°ubal;ll:tec
1741 4782 1923 4837 omnia
1955 4781 2138 4839 Livius

545 4866 600 4913 et
627 4849 906 4926 Appianus
933 4849 1178 4926 copiose,
1205 4867 1339 4921 quos
1369 4853 1504 4922 lege.
1535 4849 1702 4908 FABR.

617 4924 1016 4998 “(Confugit
1063 4924 1164 4979 Ed.
1214 4927 1385 4998 Aug._.
1434 4926 1694 4998 profugit.
1737 4925 1887 4980 Meus
1927 4925 2138 4992 codex,

617 4942 706 4983 Μ.
747 4942 916 4996 ι.οιιιιι
959 4942 1016 4980 ιι.
1063 4942 1164 4979 ω.
1214 4942 1385 4994 aug..
1444 4942 1694 4998 proptgu.
1737 4942 1887 4980 tuens
1927 4942 2138 4992 couex,

544 5000 699 5082 fugit.
757 4997 879 5052 Mox
918 4942 1164 5053 gerizon.
1188 5036 1204 5065 ,
1232 4995 1294 5066 in
1342 4995 1654 5050 deditionem
1692 4999 1875 5069 accipit
1917 5012 2014 5068 pro
2056 5013 2141 5051 re-

545 5080 677 5126 Ct’Dll
685 5114 696 5124 .

750 5140 831 5196 Ad
867 5139 1186 5209 Scipionem,
1226 5147 1332 5194 etc.
1377 5136 1692 5194 Vincentius
1721 5139 1993 5196 Bellovac.
2028 5154 2141 5194 ma-

548 5214 660 5269 vult
702 5214 1021 5284 Syphacem,
1058 5211 1252 5265 catenis
1291 5210 1551 5277 vinctum,
1593 5210 1664 5264 ad
1707 5210 2005 5279 Scipionem
2045 5212 2142 5265 ad-

547 5287 718 5341 duxit.

616 5356 704 5412 36.
750 5355 989 5411 Bonnam.
1035 5354 1204 5410 Abest
1237 5353 1304 5407 ab
1329 5360 1453 5407 octo
1499 5367 1656 5418 mss.,
1691 5352 1942 5408 videlicet
1968 5352 2140 5407 tribus

550 5427 842 5493 Florentt.,
873 5427 1045 5482 tribus
1074 5425 1244 5495 Lugd.
1277 5423 1442 5495 Batt.,
1476 5425 1594 5478 Meo
1620 5436 1676 5480 et
1703 5424 1986 5495 Perizou.,
2007 5433 2062 5478 ut
2087 5435 2142 5478 et

548 5514 578 5554 a
621 5496 902 5554 Vincentio
939 5493 1314 5554 Bellovacensi
1354 5495 1406 5550 in
1442 5495 1678 5566 Speculo
1706 5497 1908 5552 llistor.
1937 5494 2032 5550 lib.
2065 5511 2138 5563 Vl,

549 5585 669 5626 can.
697 5571 788 5626 51.

616 5587 760 5697 [(32.1
774 5613 935 5698 .XIX.
976 5670 1046 5681 —
1085 5640 1136 5696 1.
1183 5637 1346 5694 Flens
1387 5637 1592 5706 reliquit
1629 5635 1864 5692 Italiam.
1906 5637 1997 5694 Sic
2037 5635 2142 5693 Eu-

546 5715 755 5843 gopius
803 5732 817 5772 :
865 5711 1050 5771 Livius
1095 5727 1218 5770 eum
1262 5711 1347 5766 vix
1394 5707 1640 5781 lacrymis
1688 5717 1994 5783 temperasse
2040 5712 2137 5767 ait.

591 5800 713 5843 Atta.

591 5800 713 5843 ΑΒΚ.

2237 3213 2342 3284 line
2369 3211 2488 3284 libri
2514 3211 2584 3266 de
2609 3213 2771 3267 rebus
2802 3202 3108 3284 Annibalis.
3142 3213 3311 3269 Fann.

2303 3287 2356 3341 5.
2401 3283 2503 3348 Qui
2532 3284 2682 3357 sequi
2725 3283 2944 3357 nollent.
2975 3285 3251 3351 Perizon.,
3282 3287 3375 3355 qui
3401 3303 3516 3340 eum
3547 3287 3693 3357 sequi
3719 3288 3843 3343 nol-

2231 3353 2547 3438 lenthqtlod
2574 3363 2640 3438 et
2678 3355 2819 3426 apud
2855 3356 3104 3414 Vincent.
3140 3353 3347 3413 Bellov.
3381 3357 3524 3416 idem
3558 3353 3706 3427 mox,
3737 3376 3844 3429 ap-

2233 3437 2626 3495 prapmquanlt.

2303 3498 2359 3552 4.
2396 3498 2705 3569 Sepulcrum
2730 3499 2961 3554 dirutum
2991 3516 3045 3554 se
3074 3501 3418 3571 prospexisse.
3448 3499 3634 3557 Livius
3661 3521 3674 3557 :
3702 3502 3841 3556 Cum

2233 3569 2445 3624 dixisset
2472 3571 2767 3644 sepulcrum
2792 3572 3023 3624 dirutum
3048 3569 3258 3644 proram
3282 3584 3531 3644 spectare,
3567 3575 3844 3628 abomina-

2234 3651 2338 3716 tus,
2378 3642 2676 3716 pra’tgrvelti
2706 3645 2860 3716 jus_s_o
2899 3642 3259 3716 gubernatore,
3293 3647 3362 3697 ad
3401 3643 3600 3712 Leptim
3628 3647 3844 3716 appulit

2233 3712 2467 3786 classem.
2488 3712 2667 3786 Faue.
2699 3712 2771 3752 ἐ-
2799 3712 3046 3786 Vincettt.
3081 3715 3240 3780 Bell.,
3264 3718 3580 3786 prospicere.

2308 3789 2360 3839 5.
2393 3784 2495 3849 Qui
2525 3785 2787 3839 continuo.
2820 3785 2910 3840 Sic
2940 3800 3071 3842 mss.
3104 3784 3317 3851 omnes,
3351 3784 3410 3842 ut
3438 3797 3492 3844 et
3518 3788 3846 3844 Vincentius

2237 3855 2470 3922 Bellov.,
2516 3867 2572 3910 ut
2609 3856 2676 3910 ad
2721 3855 3051 3911 Annibalem
3085 3858 3372 3922 referatur,
3403 3875 3510 3915 non
3540 3861 3650 3922 ubi,
3682 3872 3740 3914 ttt
3768 3863 3845 3915 ad

2237 3926 2430 3995 Leptin
2455 3967 2471 3994 ,
2501 3927 2643 3998 quod
2676 3927 2801 3982 edd.
2835 3931 3231 3997 excogitarunt.
3263 3931 3395 3985 Cum
3427 3946 3557 3987 mss.
3592 3933 3718 3986 facit
3744 3933 3843 3987 ed.

2241 4001 2462 4066 August.
2508 4000 2711 4055 codicis
2749 3999 2835 4054 sui
2880 4000 3138 4070 religiose
3175 4015 3396 4071 semper
3433 4018 3659 4059 servans
3701 4006 3847 4058 scri-

2279 4079 2476 4124 turam.

2279 4084 2362 4123 lll!‘
2403 4087 2476 4124 111.

2237 4084 2279 4215 I:
2309 4086 2759 4215 6.at.‘artltaginem
2789 4143 2944 4215 venit.
2979 4140 3097 4198 Non
3125 4143 3191 4197 ad
3225 4143 3425 4200 Urbem
3450 4146 3704 4213 accessit,
3739 4146 3845 4201 sed

2237 4211 2480 4286 Zamam,
2517 4211 2636 4284 quin
2672 4214 2775 4269 iter
2809 4214 3018 4268 dicrnm
3060 4215 3296 4286 quinque
3335 4217 3490 4272 abest
3533 4233 3562 4272 a
3601 4211 3849 4273 Cartha-

2239 4284 2392 4360 giae,
2424 4283 2605 4360 Livius
2646 4286 2784 4360 libro
2812 4301 2939 4355 xxx,
2983 4283 3176 4358 Polyb.
3211 4283 3300 4342 xv.
3338 4289 3437 4344 Ubi
3465 4289 3535 4344 de
3558 4289 3850 4360 colloquio

2241 4355 2440 4410 ducum
2473 4357 2644 4422 plura.
2681 4356 2849 4411 ann.

2314 4427 2373 4499 7.
2403 4425 2726 4499 Colloquium
2769 4428 3032 4499 Scipionis
3077 4429 3242 4495 petiit.
3277 4429 3368 4486 Sic
3399 4445 3530 4486 mss.
3566 4431 3673 4488 Sed
3707 4432 3851 4488 editi

2243 4497 2520 4573 plerique,
2567 4498 2834 4573 Scipionis
2864 4497 3182 4573 colloquium
3225 4503 3389 4572 petiit.
3437 4505 3660 4573 August.
3707 4519 3850 4558 vero

2171 4579 2220 4640 ι)
2246 4569 2490 4644 εσιιθηαά
2526 4569 2836 4644 colloquium
2875 4569 3140 4640 Scipionis
3168 4569 3322 4626 venit.
3359 4573 3460 4628 Ubi
3487 4569 3604 4628 cum
3636 4591 3692 4629 se
3722 4577 3847 4644 diu,

2245 4649 2351 4715 etc.
2385 4640 2498 4715 [fro
2518 4641 2658 4711 petiit
2685 4650 2918 4715 quatuor
2943 4657 3074 4696 mss.
3107 4646 3229 4715 petit
3261 4645 3484 4700 habent.

2314 4712 2368 4785 8.
2400 4711 2498 4765 Ubi
2521 4727 2632 4785 cum
2656 4729 2709 4767 se
2731 4713 2842 4766 diu.
2870 4712 2993 4767 lla:c
3016 4711 3148 4769 mss.
3177 4716 3336 4771 lectio
3357 4725 3460 4772 est.
3484 4715 3652 4772 Editt.
3679 4725 3848 4785 vett.,

2245 4781 2330 4836 lbi
2353 4798 2469 4836 cum
2494 4783 2583 4836 diu
2611 4800 2684 4851 se,
2714 4794 2819 4840 etc.

2400 4853 2783 4928 suspexisseut.
2818 4855 2985 4925 Lugd.
3018 4858 3134 4912 Bal.
3164 4872 3272 4928 pr..
3301 4861 3708 4928 conspexissent.

2316 4924 2404 4979 10.
2441 4923 2662 4995 Infecta.
2708 4925 2877 4995 Lugd.
2902 4923 3028 4981 Bal.
3073 4923 3202 4984 teri.
3247 4945 3368 4987 cum
3399 4923 3536 4985 Coll.
3569 4930 3849 4995 Gronov..

2245 4995 2518 5074 interfecto
2541 4999 2681 5074 pacis
2710 5000 2933 5072 negotio.
2959 4999 3137 5056 Malim
3166 5002 3460 5074 vulgatum.
3489 5002 3620 5057 Dein
3646 5012 3725 5058 est
3747 5003 3855 5058 de-

2248 5066 2321 5123 let
2346 5066 2516 5139 L'ugd.
2544 5067 2661 5122 Bat.
2699 5066 2783 5139 pr.

2320 5139 2405 5193 11.
2445 5137 2954 5214 Carthaginiensium
2991 5143 3168 5213 interf.
3212 5160 3281 5200 xx
3323 5143 3487 5198 millia
3525 5159 3578 5199 ι).
3611 5144 3704 5201 Sic
3733 5146 3856 5214 Ap-

2247 5209 2438 5292 pianus
2463 5253 2478 5276 ,
2516 5209 2783 5292 'Azréga‘uou
2818 5221 2919 5271 τῶν
2944 5209 3206 5292 πολεμίων
3239 5215 3502 5292 ᾃ-ισμύρςρι
3539 5219 3626 5292 ηαξ
3649 5209 3856 5292 πεντά-

2243 5283 2514 5354 κισχίλιοι.
2558 5282 2812 5354 Polybius
2847 5293 2902 5340 et
2941 5282 3126 5341 Livius
3151 5282 3856 5353 scribtint'Carthaginien-

2244 5357 2382 5429 siutn
2423 5368 2561 5408 caesa
2603 5356 2976 5429 supramillia
3018 5359 3227 5429 viginti.
3272 5359 3349 5413 De
3393 5356 3678 5413 Annibalis
3720 5360 3856 5428 luga

2243 5425 2464 5501 eosdem
2497 5425 2749 5501 auct_ores
2776 5428 2914 5498 lege,
2943 5425 3098 5484 sicut'
3113 5437 3167 5484 et
3195 5429 3262 5484 de
3293 5445 3426 5500 pace
3455 5430 3681 5501 ejusque
3710 5425 3859 5486 coit-

2243 5493 2565 5551 ditionibus.
2597 5495 2763 5552 Fann.

2440 5566 2662 5644 {’arvtts.
2691 5569 2825 5644 Cod.
2857 5568 3127 5644 Perizon.,
3160 5572 3429 5644 paruulus.

2321 5640 2408 5694 15.
2441 5637 2870 5710 Consultantique
2915 5637 3133 5696 senatui.
3160 5637 3351 5699 Codex
3383 5658 3538 5698 meus
3565 5643 3864 5700 consulen-

2245 5711 2385 5784 tique
2409 5713 2631 5784 senatui,
2661 5711 2803 5781 quod
2832 5722 2886 5767 et
2917 5714 2968 5767 in
2998 5716 3131 5769 edit.
3162 5715 3389 5784 August.
3424 5716 3623 5772 inveni.

2325 5782 2416 5843 11.
2457 5781 2748 5856 Terentius,
2786 5784 2874 5858 qui
2916 5793 3092 5858 postea
3135 5781 3381 5863 comicus,
3423 5785 3581 5857 Quod
3621 5787 3870 5851 Orosius
