4092 6346
357 281 468 344 903

1438 280 1916 345 HISTORIARUM
1956 281 2160 346 LIBER
2194 281 2284 345 IV.
2315 285 2469 346 CAP.
2501 285 2623 345 XX.

3562 295 3666 353 906

357 397 888 473 Carthaginiensium
927 397 1091 473 269
1128 397 1360 470 captivis
1399 398 1638 472 pileatus
1667 399 1844 472 (quod
1884 401 1966 458 in-
1991 403 2040 465 Α
2069 417 2196 474 pum
2227 417 2410 472 regem
2442 409 2638 458 etcum
2667 414 2733 458 eo
2759 398 3021 467 Thracas,
3050 399 3396 471 Macedones,
3425 403 3664 476 Illyrios,

313 488 322 494 ’
360 493 528 550 dnltze
557 493 662 549 sibi
696 492 964 549 libertatis
995 490 1209 564 insigne
1233 489 1357 566 fuit)
1385 491 1808 566 triumphantem
1837 501 1962 566 post

353 601 576 644 currum
609 593 832 644 SCCIIIUS
859 595 964 642 εει.

941 682 1170 741 CAPUT
1209 681 1330 741 XX.

354 797 437 856 De
487 799 619 856 bello
674 797 1048 864 Macedonico,
1079 799 1132 856 in
1162 815 1264 870 quo
1295 815 1411 854 cum
1440 799 1598 856 variis
1623 815 1697 854 ac
1737 799 1959 854 diversis

427 872 679 939 Romani,
707 873 964 944 prwcipue
986 874 1231 927 adversus
1249 872 1560 928 Macedones
1577 880 1623 927 et
1645 871 1957 928 Antiochum

428 944 602 1017 Syria:
628 961 800 1018 regem
817 987 832 1013 ,
855 948 997 1000 varie
1019 953 1400 1016 pugnaverunt.

428 1071 445 1102 ί
475 1060 635 1118 Anno
663 1061 732 1116 ab
758 1061 906 1118 Urbe
933 1059 1150 1118 condita
1195 1077 1360 1118 ιιιινι
1380 1106 1394 1132 ,
1444 1061 1649 1118 bellum
1694 1061 1956 1118 Punicum

351 1155 654 1212 secundum
688 1154 897 1212 finitum
927 1164 1042 1224 est,
1094 1155 1240 1228 quod
1283 1163 1495 1228 gestum
1549 1165 1632 1212 est
1677 1157 1836 1212 annis
1874 1171 1963 1213 se-

352 1248 682 1320 ptemdecim
733 1267 745 1304 :
795 1249 882 1306 cui
928 1248 1336 1306 Macedonicum
1386 1251 1649 1306 continuo
1698 1250 1962 1306 successit

350 1343 373 1374 ³
400 1341 546 1414 quod
567 1341 854 1412 Quinctius
873 1341 1211 1399 Flamininus
1234 1356 1349 1398 cos.
1373 1344 1616 1410 sortitus,
1642 1352 1766 1415 post
1788 1343 1958 1398 multa

350 1445 409 1495 et
440 1438 604 1511 27o
645 1438 967 1510 gravissima
993 1437 1212 1510 praelia,
1254 1437 1452 1510 quibus
1486 1437 1805 1494 Macedones
1834 1436 1961 1494 victi

349 1541 481 1587 sunt
505 1575 520 1600 ,
545 1544 735 1603 pacem
759 1530 1012 1602 Philippo
1029 1530 1200 1587 dedit.
1229 1530 1437 1588 Deinde
1461 1545 1584 1588 cum
1616 1530 1962 1588 Lacedaamo-

351 1624 459 1680 niis
488 1625 782 1696 pugnavit,
823 1626 969 1680 victo
993 1623 1200 1681 Nabide
1243 1624 1382 1680 duce
1422 1625 1695 1696 ipsorum,
1730 1626 1961 1682 nobilis-

347 1717 520 1773 simos
565 1717 789 1773 obsides
833 1717 1168 1773 Demetrium
1219 1717 1455 1788 Philippi
1507 1717 1677 1773 ﬁlium
1708 1728 1764 1773 et
1793 1717 1814 1749 ³
1843 1716 1950 1773 Ar-

2063 495 2368 567 multasque
2412 504 2679 566 praeterea
2729 502 2952 566 gentes,
2998 511 3119 566 quae
3152 496 3172 526 ⁵
3224 497 3278 550 in
3322 498 3582 553 auxilium
3613 500 3666 554 ei

2058 600 2357 660 venerant,
2412 591 2557 648 bello
2600 589 3050 661 subegit.‘Victi
3101 591 3424 649 Macedones
3477 603 3660 649 castra

2061 684 2390 754 amiserunt,
2444 693 2570 739 octo
2613 682 2784 739 millia
2843 681 3081 739 hostium
3133 684 3153 716 ⁷
3209 700 3275 740 eo
3329 685 3418 742 die
3475 702 3613 742 cmsa
3645 729 3662 754 ,

2063 776 2084 806 ⁸
2133 775 2374 849 quinque
2419 777 2589 834 millia
2641 784 2798 848 capta
2843 777 3102 848 Polybius
3154 778 3363 834 scribit.
3415 779 3670 836 Valerius

2060 868 2194 925 dicit
2247 869 2602 942 quadraginta
2652 870 2820 926 millia
2876 871 3166 926 trucidata.
3227 869 3486 927 Claudius
3533 888 3667 928 vero

2063 962 2287 1034 triginta
2307 963 2416 1019 duo
2448 964 2618 1020 millia
2645 962 2934 1019 interfecta
2971 975 3384 1020 commemorat.
3413 965 3520 1021 Sed
3554 965 3670 1020 haec

2061 1056 2296 1112 varietas
2309 1057 2636 1127 scriptorum
2661 1056 2844 1128 utique
2867 1055 3076 1112 fallacia
3091 1065 3194 1113 est.
3221 1057 3469 1113 Fallacia:
3483 1067 3669 1114 autem

2063 1165 2226 1207 causa
2256 1150 2500 1222 profecto
2531 1150 2770 1207 adulatio
2812 1158 2918 1219 est,
2952 1151 3078 1207 dum
3106 1151 3328 1206 victoris
3357 1153 3548 1206 laudes
3577 1165 3670 1206 ac-

2063 1245 2345 1303 cumulare
2367 1285 2382 1312 ,
2407 1243 2777 1315 virtutemque
2800 1245 2993 1314 patriae
3013 1243 3278 1301 extollere
3307 1244 3394 1299 vel
3423 1258 3665 1315 praesen-

2063 1339 2211 1396 tibus
2240 1339 2326 1396 vel
2359 1338 2592 1409 posteris
2613 1337 2834 1395 student
2859 1356 2872 1392 :
2903 1338 3138 1408 alioquin
3164 1338 3212 1395 si
3242 1338 3526 1408 inquisitus
3557 1352 3667 1394 non

2063 1432 2540 1490 iuissetnumerus
2563 1474 2580 1502 ,
2614 1447 2714 1488 nec
2759 1432 3178 1504 qualiscumque
3218 1432 3407 1488 fuisset
3437 1448 3666 1504 expres-
3758 1455 3760 1457 *

2063 1539 2176 1581 sus.
2207 1525 2364 1593 Quod
2391 1525 2436 1581 si
2467 1525 2768 1596 gloriosum
2801 1534 2883 1580 est
2917 1523 3041 1580 duci
3073 1533 3128 1580 et
3157 1524 3367 1594 patriar,
3398 1524 3666 1595 plurimos

2065 1619 2306 1676 hostium
2338 1618 2658 1690 peremisse,
2702 1625 2908 1689 quanto
2937 1617 3111 1687 magis
3140 1616 3322 1672 laetum
3367 1620 3579 1686 patriae,
3613 1626 3670 1674 et

2061 1714 2187 1771 duci
2219 1715 2436 1772 beatum
2471 1722 2656 1785 potest
2701 1712 2897 1779 videri,
2953 1727 3176 1769 suorum
3216 1712 3303 1768 vel
3350 1711 3528 1768 nullos
3575 1711 3667 1768 vel

353 1823 570 1865 menem
600 1807 824 1866 Nabidis
847 1809 1014 1866 filium
1039 1855 1052 1880 ,
1088 1818 1215 1866 ante
1261 1824 1480 1866 currum
1509 1809 1691 1867 duxit.
1723 1809 1954 1866 Romani
1985 1817 2034 1882 Β
2063 1809 2419 1879 paucissimos
2455 1807 2784 1880 perdidisse.
2837 1807 2917 1863 Ita
2948 1805 3280 1863 lucidissime
3307 1814 3487 1876 patet,
3520 1805 3667 1875 quod

343 1903 578 1975 captivi,
632 1904 727 1976 qui
795 1904 898 1960 sub
965 1903 1234 1961 Annibale
1272 1919 1372 1975 per
1427 1903 1695 1961 Graeciam
1742 1905 1950 1961 venditi

343 1997 590 2065 fuerant,
624 1995 866 2055 universi
897 1997 1142 2068 recepti,
1199 1997 1468 2068 capitibus
1497 1997 1637 2053 rasis
1657 1997 1730 2054 ob
1761 1997 1948 2053 deter-

344 2106 463 2146 sam
497 2090 815 2147 servitutem
838 2131 852 2156 ,
899 2105 1119 2146 currum
1161 2089 1546 2160 triumphantis
1571 2090 1746 2146 secuti
1798 2100 1947 2146 sunt.

346 2184 370 2216 ⁸
401 2185 607 2242 Eodem
634 2195 886 2257 tempore
909 2185 1195 2256 Insubres,
1223 2185 1342 2241 Boii
1372 2195 1532 2256 atque
1580 2185 1896 2243 Caenomani
1929 2229 1945 2256 ,

339 2281 640 2339 contractis
687 2281 740 2336 in
768 2295 934 2337 unum
965 2279 1200 2347 viribus,
1252 2278 1527 2335 Amilcare
1565 2281 1734 2337 Poeno
1773 2279 1947 2350 duce,

342 2376 436 2445 qui
466 2375 518 2430 in
548 2373 699 2430 Italia
747 2383 1116 2441 remanserat,
1147 2375 1475 2430 Cremonam
1507 2373 1952 2446 Placentiamque

341 2475 663 2534 vastantes,
685 2466 1012 2523 difficillimo
1038 2466 1186 2523 bello
1213 2482 1243 2521 a
1277 2467 1336 2523 L.
1382 2466 1552 2523 Furio
1583 2476 1815 2540 praetore
1861 2482 1956 2523 su-

343 2561 518 2631 perati
541 2570 688 2618 sunt.
724 2560 921 2618 Postea
946 2559 1287 2618 Flamininus
1312 2561 1647 2632 proconsule
1671 2602 1689 2630 ,
1743 2561 1952 2633 Philip-

2054 1904 2212 1975 271
2245 1901 2412 1958 simili
2455 1901 2789 1972 impudentia
2831 1898 3153 1966 mentiendi,
3204 1914 3312 1970 qua
3355 1899 3665 1954 occisorum

2053 1998 2292 2052 hostium
2320 2011 2551 2053 numero
2579 1993 2854 2067 adjicitur,
2880 1994 3156 2050 sociorum
3181 2007 3398 2064 quoque
3423 1993 3662 2048 amisso-

2053 2107 2174 2147 rum
2205 2090 2410 2148 damna
2454 2090 2804 2156 minuuntur,
2834 2089 2920 2144 vel
2966 2089 3131 2144 etiam
3175 2088 3402 2144 omnino
3430 2088 3670 2143 reticen-

2055 2197 2165 2243 tur.
2198 2194 2220 2227 ο
2253 2186 2424 2257 Igitur
2446 2184 2809 2255 Sempronius
2840 2181 3144 2239 Tuditanus
3189 2182 3246 2237 in
3273 2181 3534 2251 Hispania
3585 2179 3667 2236 ci-

2056 2281 2288 2352 teriore,
2341 2281 2491 2338 bello
2521 2293 2838 2352 oppressus,
2884 2294 3004 2334 cum
3057 2277 3208 2332 omni
3260 2277 3503 2332 exercitu
3549 2275 3663 2331 Ro-

2057 2391 2223 2433 mano
2254 2374 2580 2432 interfectus
2619 2383 2744 2428 est:
2779 2371 2822 2404 ¹⁰
2855 2371 3045 2427 consul
3077 2370 3369 2426 Marcellus
3410 2369 3464 2424 in
3499 2370 3660 2423 Etru-

2054 2470 2140 2525 ria
2185 2484 2214 2523 a
2259 2468 2408 2525 Boiis
2454 2481 2777 2538 oppressus,
2826 2480 3076 2537 magnam
3123 2473 3334 2536 partem
3385 2463 3661 2518 exercitus

2061 2562 2322 2636 perdidit,
2348 2561 2438 2619 cui
2475 2569 2668 2635 postea
2703 2559 2906 2617 Furius
2936 2559 3080 2616 alter
3107 2557 3296 2614 consul
3337 2555 3543 2613 auxilio
3573 2569 3663 2611 ac-

1632 2717 1771 2775 ι-ιΑν
1783 2718 2086 2778 ERCAMPI
2123 2721 2358 2780 ΝΟΤᾸΕ.

346 2839 435 2896 hic
475 2838 546 2896 de
589 2836 830 2895 Terentio
864 2841 1085 2908 comico,
1118 2839 1170 2895 id
1202 2840 1390 2897 Livius
1419 2840 1560 2897 libro
1589 2839 1870 2912 trigesimo
1894 2853 1946 2899 et

341 2913 626 2984 trigesimo
663 2921 854 2968 octavo
895 2914 963 2968 de
1008 2913 1073 2982 Q.
1105 2912 1345 2968 Terentio
1379 2913 1660 2982 :Culleone,
1692 2923 1948 2971 senatore

344 2985 616 3047 Romano,
663 2984 1050 3056 quemScipio
1093 2987 1234 3041 inter
1272 2986 1516 3056 captivos
1560 2989 1782 3056 recepit,
1815 2989 1948 3042 scri-

340 3071 498 3182 ptum
529 3056 771 3126 reliquit.
818 3055 1126 3112 Fenestella
1169 3055 1387 3129 quoque
1417 3073 1513 3114 cos
1543 3056 1821 3121 refutavit,
1857 3060 1947 3128 qui

387 3128 638 3182 arentium
689 3142 906 3182 cantum
960 3143 1025 3182 ex
1083 3129 1261 3182 Africa
1330 3129 1555 3182 Romam
1625 3130 1945 3182 nerduetum

387 3128 638 3183 erentium
689 3142 906 3196 captum
960 3143 1025 3184 ex
1083 3128 1261 3185 Africa
1330 3129 1555 3185 Romam
1625 3130 1945 3198 perductum

341 3200 904 3272 scripseranttFABn.
929 3230 999 3241 —
1024 3201 1200 3268 Unde,
1229 3201 1578 3272 quantumvis
1611 3196 1662 3256 in
1693 3202 1946 3258 omnibus
1975 3196 1986 3206 ’

342 3287 503 3336 mss.,
535 3280 593 3325 ut
622 3271 998 3344 et‘lincentio
1028 3271 1366 3330 Bellov.’|ib.
1397 3289 1474 3340 vt,
1509 3287 1632 3344 cap.
1665 3274 1755 3339 52,
1791 3275 1942 3330 inve-

2058 2842 2365 2915 Philippnm
2400 2842 2452 2898 in
2482 2841 2729 2899 faucibus
2758 2840 2903 2915 Epiri
2937 2854 3198 2915 prospere
3221 2839 3487 2915 pugnavit
3513 2855 3656 2915 zan-

2058 2912 2256 2988 noque:
2289 2917 2595 2988 insequenti
2652 2912 2890 2988 victrici
2923 2912 3110 2984 pacem
3163 2912 3342 2977 dedit.
3394 2913 3654 2988 Polybius

2055 2987 2195 3044 libro
2221 2985 2439 3044 decimo
2463 2987 2724 3056 septimo,
2753 2985 2935 3040 Livius
2961 3000 3114 3040 χχχιι
3137 2997 3191 3040 ct
3220 3000 3408 3046 xxxnt.
3441 2985 3656 3040 Plutar-

2056 3060 2190 3115 chus
2244 3061 2298 3115 in
2352 3059 2678 3115 Flaminino.
2701 3057 2961 3125 ’QttinClii
2991 3070 3288 3127 cognomen
3323 3056 3653 3113 Flamininus

2055 3132 2110 3186 in
2138 3131 2374 3188 Cornelii
2415 3130 2699 3187 Gualtlteri
2743 3130 2886 3184 libro
2927 3138 3079 3184 recte
3126 3128 3412 3195 scribitur,
3442 3144 3564 3183 cum
3600 3134 3656 3186 in

2055 3203 2210 3265 aliis,
2244 3215 2294 3258 et
2324 3202 2487 3272 vulgo
2517 3203 2720 3274 passim
2761 3201 2905 3256 male
2960 3200 3275 3274 scribatur;
3323 3199 3654 3274 De__Nabide

2094 3285 2253 3330 rmter
2280 3271 2490 3331 Livium
2518 3271 2574 3330 et
2616 3274 2999 3338 Plutarchum,
3049 3271 3345 3344 Pausanias
3395 3272 3531 3329 libro
3553 3289 3607 3329 tv
3632 3319 3650 3344 ,

340 3325 541 3409 iusin},
589 3325 1140 3413 remeante:
1158 3325 1234 3400 θος
1256 3325 1384 3413 iis,
1412 3325 1630 3402 ιόπῑξιι
1657 3325 1852 3401 sua;
1887 3325 1940 3415 ᾖ.
1973 3325 2020 3390 C
2049 3325 3003 3414 Ῐιιὲιίἧίιξιὲὶέὲέιιῖιό’έῐιιίέεςῖιιιό
3034 3325 3236 3415 primo.
3263 3325 3430 3399 Fami.

339 3416 474 3490 24!,
504 3416 774 3490 impudens
798 3417 1051 3490 glossema
1082 3427 1262 3482 vocat,
1292 3417 1625 3472 librariorum
1651 3418 1943 3489 ignorantia

337 3487 617 3542 inuectum.
658 3487 867 3544 Vellem
910 3491 1071 3545 sane!
1117 3490 1222 3546 Sed
1265 3503 1481 3555 vereor,
1515 3504 1582 3543 ne
1613 3487 1772 3543 niinis
1803 3492 1944 3546 osci-

341 3567 524 3615 tanter
563 3568 618 3614 et
647 3569 1008 3630 praperanter
1039 3560 1247 3616 Livium
1278 3560 1470 3630 legerit
1493 3559 1734 3617 Orosius.
1765 3561 1942 3617 Orosii

341 3632 490 3686 enim
513 3630 712 3704 stylum
734 3631 950 3704 sapiunt
972 3633 1088 3697 illa,
1109 3633 1201 3704 qui
1224 3640 1403 3704 postea
1425 3633 1672 3692 comicus.
1700 3641 1758 3687 ut
1779 3647 1940 3703 supra

338 3718 464 3772 cap.
495 3704 582 3767 16,
605 3703 672 3758 de
693 3703 970 3775 scipione,
993 3705 1084 3775 qui
1104 3713 1282 3773 postea
1304 3703 1608 3775 Africanus.
1632 3705 1942 3763 Credidisse

339 3777 571 3846 videtur
597 3775 658 3830 P.
699 3774 1038 3844 Terentium,
1074 3786 1260 3846 postea
1287 3774 1610 3846 scriptorem
1642 3777 1936 3845 comicum,

336 3861 407 3901 ex
433 3845 727 3917 nobilibus,
757 3846 844 3902 vel
871 3854 931 3902 ut
953 3845 1198 3917 quaedam
1225 3847 1348 3902 edd.
1381 3845 1601 3913 habent,
1631 3863 1694 3903 ex
1722 3849 1939 3903 nobilis-

336 3919 485 3973 simis
510 3915 1034 3988 Carthaginiensium
1057 3917 1482 3988 fuissecaptivis,
1501 3929 1554 3974 et
1574 3919 1790 3990 quidem
1816 3932 1941 3976 ante

341 3989 712 4060 triumphum,
760 3991 1023 4046 servitute
1058 4002 1370 4061 exemptum
1411 4001 1467 4046 et
1494 3989 1742 4046 libertate
1770 3991 1939 4047 dona-

337 4069 480 4126 tum,
503 4071 662 4133 atque
683 4061 808 4118 ideo
828 4062 1095 4133 Scipionis
1119 4063 1481 4118 benefactoris
1502 4078 1718 4118 currum
1746 4063 1940 4117 trium-

337 4133 556 4203 phalem
594 4145 840 4206 secutum
882 4134 1070 4191 luisse.
1114 4135 1273 4206 Nam,
1319 4135 1388 4198 si,
1433 4144 1490 4189 ut
1519 4137 1813 4205 glossema,
1845 4136 1935 4190 illa

341 4214 551 4260 tantum
599 4205 872 4270 tollamus,
911 4207 999 4274 qui
1037 4217 1214 4277 posfea
1253 4205 1498 4270 Comicus,
1544 4216 1824 4261 remanent
1859 4219 1938 4261 ta-

337 4293 488 4341 men,
511 4291 630 4347 qutn
652 4278 793 4332 male
815 4277 1114 4339 cohwrent.
1141 4280 1331 4345 verba,
1355 4295 1420 4332 ex
1441 4277 1694 4332 nobilibus
1714 4277 1936 4332 Cartim-

337 4349 652 4421 giniensium
689 4349 923 4421 captivis.
967 4348 1033 4418 Q.
1077 4349 1364 4407 Terentius
1407 4351 1594 4406 Culleo
1635 4353 1804 4415 enim,
1848 4351 1934 4406 cui

337 4420 430 4475 illa
456 4420 710 4488 felicitas,
735 4420 877 4492 apud
903 4421 1115 4478 Livium
1139 4431 1194 4478 et
1217 4423 1373 4487 alios,
1397 4423 1690 4489 contigisse
1713 4423 1932 4489 dicitur,

336 4508 448 4547 non
483 4502 661 4562 potest
689 4492 794 4547 dici
825 4493 990 4549 fuisse
1016 4509 1078 4549 ex
1111 4495 1380 4550 nobilibus
1407 4493 1933 4564 Carthaginiensium

338 4566 588 4637 captivis,
619 4565 741 4630 quia
771 4565 870 4620 fuit
896 4580 962 4620 ex
986 4566 1212 4637 captivis
1245 4569 1607 4621 Romanorum
1635 4567 1774 4636 apud
1805 4565 1935 4622 Car-

336 4635 728 4706 thaginienses,
757 4640 835 4691 sic
875 4639 1019 4692 enim
1055 4635 1284 4692 Romani
1313 4640 1499 4710 captivi
1531 4639 1581 4692 in
1613 4635 1818 4693 Graecia
1844 4655 1936 4693 oc-

2118 3422 2170 3475 5.
2205 3413 2496 3474 Armcuem.
2522 3417 2572 3472 Is
2594 3417 2733 3488 apud
2762 3413 3040 3471 Romanos
3065 3416 3115 3488 in
3135 3413 3285 3469 Italia
3311 3417 3457 3472 diem
3486 3417 3645 3475 obiit.

2047 3490 2354 3546 Demetrius
2383 3499 2571 3562 postea
2605 3489 2744 3562 patri
2773 3489 3023 3562 Philipr
3056 3487 3155 3542 fuit
3179 3488 3444 3542 redditus.

2115 3566 2170 3620 4.
2201 3559 2401 3617 Εοιίεηῐ
2429 3571 2656 3633 (erupere
2687 3559 2950 3615 Insubres.
2985 3559 3110 3613 llmc
3139 3573 3226 3614 res
3253 3569 3440 3633 contra
3463 3560 3648 3618 Gallos

2044 3648 2074 3690 a
2101 3634 2162 3690 L.
2193 3635 2359 3690 Furio
2381 3631 2736 3704 Purpttreone
2764 3640 2998 3701 przrtore
3023 3640 3286 3704 gesta__est
3310 3631 3369 3686 Ρ.
3403 3631 3647 3704 Sulpicio

2046 3707 2211 3762 Galba
2231 3747 2246 3773 ,
2293 3705 2356 3762 C.
2383 3704 2606 3761 Aurelio
2633 3703 2792 3759 Cotta
2822 3717 2964 3759 coss.
2993 3718 3136 3757 anno
3162 3701 3326 3758 Urbis
3355 3701 3517 3772 nun,
3553 3706 3641 3761 Li-

2045 3780 2167 3834 vius
2195 3778 2334 3832 libro
2364 3792 2491 3832 xxx.
2518 3775 2682 3831 Fann.

2114 3851 2167 3904 5.
2194 3847 2260 3903 In
2286 3848 2545 3904 auxilium
2571 3849 2636 3901 ei.
2679 3846 2816 3902 Tres
2865 3862 2931 3902 ex
2960 3846 3134 3917 Lugd.
3181 3845 3325 3900 Batt.
3349 3862 3469 3902 eum
3499 3848 3637 3905 Coll.

2043 3919 2284 3992 Gronov.
2323 3923 2538 3992 legunt,
2563 3921 2651 3991 qui
2679 3919 2731 3972 in
2748 3919 2956 3992 auxilio
2980 3920 3093 3990 ejus
3115 3928 3374 3992 venerant.

2113 3992 2167 4048 6.
2209 3991 2341 4047 Victi
2370 3990 2701 4063 Macedones.
2736 3991 2990 4063 Prmlium
3023 3990 3324 4063 intelligit,
3365 4006 3474 4063 quo
3503 3991 3635 4048 ΡΙιί-

2039 4064 2249 4134 lippus.
2275 4079 2371 4118 rex
2417 4061 2770 4118 Macedonum
2793 4105 2807 4129 ,
2832 4063 2925 4134 iad
2957 4061 3427 4134 Cynoscephalas,
3460 4066 3636 4119 vietus

2039 4133 2124 4190 est
2147 4152 2174 4189 a
2199 4135 2263 4191 T.
2294 4134 2562 4204 Quinctio.
2587 4133 2742 4202 Quod
2773 4152 2799 4187 ει
2825 4133 2980 4188 Livio
3004 4133 3324 4203 expositum
3354 4134 3452 4188 fuit
3476 4137 3634 4191 initio

2037 4208 2160 4262 libri
2194 4223 2399 4272 χχχιιι,
2431 4206 2525 4262 scd
2577 4220 2702 4260 cum
2736 4205 2807 4260 ibi
2835 4222 2946 4260 non
2975 4206 3093 4260 sine
3134 4207 3341 4274 jactura
3389 4206 3634 4261 historia:

2038 4279 2408 4346 interciderit,
2442 4279 2493 4332 in
2518 4278 2730 4350 Polybii
2761 4277 3075 4348 fragmentis
3115 4278 3252 4332 libro
3301 4277 3514 4350 decimo
3543 4295 3636 4334 se-

2039 4353 2208 4422 ptimo
2238 4350 2495 4421 singulari
2525 4348 2792 4422 beneficio
2817 4358 3195 4422 conservatum
3220 4359 3322 4404 est.
3355 4349 3456 4406 Ubi
3487 4352 3636 4420 quod

2036 4420 2064 4495 ἐι
2093 4420 2602 4495 Polybioscriptum
2632 4420 2856 4476 Orosius
2897 4420 3106 4484 refert,
3149 4423 3227 4475 sic
3269 4422 3464 4486 legitur
3491 4463 3504 4486 ,
3537 4431 3637 4478 τῶν

2036 4493 2091 4550 δὲ
2130 4493 2428 4552 Μάκεδόνων
2467 4496 2714 4566 ἀπέθανον
2745 4496 2834 4564 μὲν
2885 4495 2931 4548 οἱ
2973 4496 3161 4555 πάντες
3212 4495 3282 4553 εἰς
3325 4495 3634 4566 ὀκτακισχί-

2035 4567 2174 4644 ξιι-ους
2207 4571 2449 4644 ,ζωγρείᾳ
2472 4565 2516 4623 δ’
2544 4566 2771 4621 ἑάλωσαν
2799 4567 2887 4620 οὐκ
2916 4567 3152 4644 siccat-ou;
3180 4565 3632 4644 πεντακις-χρεὼν.

2035 4638 2184 4694 Idem
2209 4637 2468 4694 nun't'eru's
2484 4652 2750 4694 caesorum
2781 4645 2865 4692 est
2885 4638 3024 4707 apud
3059 4638 3426 4691 Plutarchum.
3459 4637 3631 4692 Fann.

337 4717 568 4763 currunt
609 4723 728 4784 cap.
771 4723 922 4778 sequ.
960 4711 1228 4765 Praucrea
1259 4709 1386 4765 tunc
1417 4711 1555 4764 foret
1583 4711 1927 4784 scribendum
1957 4722 2012 4784 1)
2044 4713 2159 4784 477.
2185 4709 2266 4764 Eo
2295 4711 2380 4764 die
2418 4725 2572 4784 cccsa_.
2603 4709 2695 4784 Sic
2738 4709 3168 4784 mss.‘_meliores
3216 4723 3314 4763 sex
3336 4749 3351 4775 ,
3376 4709 3634 4784 videlicet

338 4789 576 4854 receptae,
604 4779 712 4854 vel,
740 4789 798 4833 ut
818 4795 938 4850 cap.
963 4795 1143 4854 scqu.,
1171 4783 1405 4850 deter-ste,
1432 4797 1538 4854 non
1566 4797 1694 4836 vero
1715 4781 1931 4854 irtdttllw

339 4847 614 4914 libertatis,
647 4847 900 4906 “onmno
929 4847 1072 4908 enim
1114 4847 1399 4908 Romanus
1421 4851 1723 4908 libertatem
1753 4851 1935 4908 indul-

338 4933 472 5045 gere
507 4932 614 4973 non
653 4926 884 4987 poterat,
925 4939 1045 4990 qua:
1080 4925 1152 4979 illi
1191 4924 1382 4980 eodem
1419 4925 1540 4995 jure
1579 4940 1686 4993 quo
1715 4925 1840 4992 sibi,
1874 4935 1933 4980 ttt

394 5003 610 5045 omano.
640 4991 1004 5045 ctttnnelebat.
1034 4993 1126 5045 sed
1172 4995 1336 5045 herus
1379 5010 1538 5045 Servo
1563 4995 1842 5045 indulgere
1872 4997 1933 5045 li-

394 5003 610 5056 omano,
640 4991 1004 5066 competebant,
1034 4993 1126 5048 sed
1172 4995 1336 5066 herus
1379 4991 1538 5052 servo
1563 4991 1842 5066 indulgere
1872 4997 1933 5051 li-

338 5061 605 5118 bertatem
636 5062 796 5129 solet,
831 5071 888 5117 et
909 5064 988 5119 sic
1015 5064 1384 5122 manumissus
1414 5067 1510 5122 fuit
1544 5066 1606 5121 P.
1639 5061 1933 5124 Terentius

335 5133 456 5203 ille,
489 5132 581 5204 qui
609 5143 792 5204 postea
823 5135 1087 5193 comicus.

411 5205 545 5261 Car.
575 5204 698 5261 XX.
746 5235 820 5248 —-
849 5206 902 5262 I.
955 5208 1105 5264 Anno
1151 5208 1213 5265 ab
1266 5207 1405 5266 Urbe
1428 5209 1636 5265 condita
1664 5227 1840 5267 DXLVI.
1874 5205 1962 5268 ln'

336 5275 520 5333 Fastis
567 5276 886 5348 Capitolinis
946 5278 1035 5336 hic
1087 5297 1260 5337 annus
1300 5292 1383 5338 est
1424 5284 1492 5338 ab
1543 5282 1688 5338 Urbe
1718 5285 1937 5338 condita

340 5364 470 5426 put.
525 5349 734 5426 Bellum
793 5359 973 5426 autem
1026 5355 1256 5423 primum
1306 5353 1738 5426 Macedonicum,
1792 5356 1935 5426 quod

340 5423 448 5476 hoc
476 5437 620 5478 anno
652 5421 877 5497 Romani
921 5421 1312 5496 susceperunt,
1362 5426 1525 5497 etiam
1579 5421 1939 5497 Philippicum

339 5509 559 5568 agregei,
591 5495 806 5565 quicum
841 5507 1052 5568 gestum
1085 5495 1198 5563 est,
1231 5495 1572 5563 nominatur,
1621 5499 1688 5552 de
1711 5495 1816 5568 quo
1848 5499 1940 5554 Li-

339 5565 467 5640 vius
509 5565 604 5640 lib.
646 5565 861 5640 xxxr_et
901 5567 1196 5639 deinceps,
1245 5569 1440 5625 Florus
1483 5569 1576 5624 lib.
1626 5584 1664 5624 ιι
1703 5565 1822 5640 cap.
1871 5573 1936 5640 7,

344 5636 640 5703 EutrOpius
673 5654 744 5692 tv.
778 5638 944 5695 Fann.

418 5705 968 5780 ‘2._QnodAQuinctius
1015 5710 1369 5768 Flamininus.
1419 5711 1482 5767 Τ.
1544 5713 1838 5780 Quinctius.
1872 5713 1935 5768 Τ.

348 5772 421 5831 F.
662 5772 998 5858 Flamininus
1029 5801 1142 5840 cos.
1190 5784 1451 5858 ἰιιῈίιειίε
1498 5772 1816 5854 capitoliuis
1855 5786 1939 5841 itt-

349 5855 564 5907 vcnitur
587 5864 729 5908 anno
751 5867 874 5909 nev.
906 5855 956 5911 ls
999 5860 1224 5913 sortitus
1252 5857 1620 5916 Macedoniam
1670 5858 1938 5918 adversus

751 5948 1028 6018 ΡΑτιιοι..
1068 5954 1312 6023 XXXI.

2039 4781 2306 4836 Florentt.
2339 4789 2486 4844 tres.
2539 4781 2823 4852 Perizon.,
2877 4780 3028 4834 Meus
3062 4788 3129 4852 et
3166 4796 3304 4834 unus
3349 4797 3419 4836 ex
3455 4781 3628 4852 Lugd.

2039 4854 2180 4909 Batt.
2209 4853 2536 4923 astipulante
2565 4850 2702 4906 Coll.
2737 4851 2974 4906 Gronov.
3010 4850 3153 4916 Alii,
3209 4852 3404 4905 eodem.

2111 4926 2164 4981 8.
2197 4925 2432 4994 Quinque
2455 4923 2620 4977 millia
2648 4933 2821 4994 capta.
2853 4923 3122 4978 Numerus
3148 4937 3412 4978 cmsorttm
3447 4925 3498 4978 in
3529 4924 3631 4978 tri-

2037 4998 2140 5052 bus
2167 5012 2299 5052 mss.
2350 4995 2743 5051 recentioribus
2774 5011 2988 5056 novem,
3034 5002 3320 5065 captorum
3374 5012 3468 5050 sex
3510 4997 3633 5050 mil.

2038 5069 2181 5124 libus
2232 5068 2522 5130 delinitur,
2574 5065 2671 5122 sed
2724 5077 2914 5122 contra
2968 5066 3272 5138 Polybium.
3324 5066 3476 5136 Mox,
3528 5082 3628 5136 pro

2036 5140 2244 5195 victoris
2271 5181 2286 5205 ,
2317 5139 2439 5194 cod.
2467 5138 2706 5194 Perizon.
2734 5179 2748 5204 ,
2773 5139 3044 5192 victorum.

2114 5211 2169 5268 9.
2214 5209 2387 5283 Igitur
2427 5210 2789 5283 Sempronius.
2822 5210 2885 5265 C.
2933 5212 3286 5282 Sempronius
3327 5208 3629 5266 Tuditanus

2042 5282 2270 5356 prmtor,
2298 5283 2350 5356 in
2375 5284 2635 5356 citeriore
2659 5282 2909 5356 Hispania
2935 5285 3355 5356 prmliqvictns,
3382 5297 3445 5356 ex
3474 5284 3630 5352 gravi

2041 5352 2267 5411 vulnere
2314 5354 2460 5411 haud
2492 5357 2566 5410 ita
2616 5354 2788 5409 multo
2819 5363 2944 5423 post
2985 5353 3300 5423 exspiravit,
3334 5352 3518 5407 Livius
3560 5356 3630 5408 li-

2042 5428 2142 5482 bro
2167 5441 2361 5481 xxxttt.
2410 5426 2690 5498 Appianus
2719 5428 2771 5480 in
2799 5426 3105 5498 Ilispanicis
3132 5425 3500 5494 Sempronium
3521 5425 3632 5480 Tu~

2042 5499 2301 5572 dertinutgt
2323 5498 2582 5572 appellat.
2622 5497 2788 5572 Fann.

2116 5572 2204 5625 It).
2247 5567 2446 5624 Consul
2489 5569 2790 5624 Marcellus.
2839 5569 2906 5624 Μ.
2959 5567 3217 5625 Claudius
3249 5568 3542 5624 Marcellus
3581 5578 3638 5624 ct

2045 5642 2108 5698 L.
2138 5640 2336 5696 Furius
2368 5643 2655 5712 Purpureo
2689 5643 2938 5697 consules
2964 5642 3182 5695 fuerunt
3206 5657 3349 5695 anno
3377 5657 3542 5705 DLvtt,
3578 5642 3632 5695 in

2047 5729 2222 5785 eoque
2251 5715 2570 5785 magistratu
2613 5729 2730 5772 rem
2769 5715 2824 5769 in
2857 5713 3071 5770 Etruria
3103 5726 3414 5784 gesserunt,
3447 5713 3634 5771 Livius

2046 5787 2138 5843 lib.
2174 5801 2361 5845 xxxnt.
2400 5786 2564 5845 anu.

3054 5953 3135 6020 29
