4046 6344
419 296 524 355 907

1828 284 2040 346 PAULI
2079 285 2306 347 OROSII

3609 286 3723 349 908

423 413 635 471 cessit:
667 417 830 482 atque
873 408 949 465 ita
998 407 1311 465 universam
1343 405 1600 463 Boiorum
1645 408 1864 474 gentem
1902 402 2014 474 igni
2042 411 2093 472 Α
2121 403 2392 462 Annibale
2435 403 2770 478 colloquium
2803 404 3075 466 familiare
3103 403 3310 464 habuit.
3355 402 3466 464 Sed
3510 404 3720 464 infecto

419 510 676 579 ferroque
707 512 1012 572 vastantes,
1043 499 1438 575 propemodum
1468 512 1640 572 usque
1680 496 1749 553 ad
1788 495 2017 554 nihilum

428 601 773 658 deleverunt.
818 598 883 655 L.
917 596 1140 656 Valerio
1189 595 1412 662 Flacco,
1455 594 1528 650 Μ.
1580 591 1776 649 Porcio
1814 589 2020 649 Catone

426 695 765 760 consulibus,
798 693 840 725 “
872 689 1198 758 Antiochus,
1227 703 1326 746 rex
1356 687 1551 761 Syriae,
1582 689 1786 746 bellum
1819 698 2015 748 contra

2122 500 2274 571 pacis
2321 502 2559 573 negotio,
2613 503 2684 558 ab
2734 502 3004 559 Antiocho
3046 503 3319 560 discessit.
3367 502 3428 560 In
3480 511 3716 575 utraque

2123 593 2382 664 IliSpania
2427 611 2524 666 per
2569 595 2955 664 Flamininum,
3012 596 3372 669 Fulviumque
3421 605 3716 668 praetores,

2122 691 2264 747 bella
2294 692 2340 722 ”
2371 691 2598 748 multum
2633 691 2852 750 horrida
2887 699 3225 764 cruentaque
3257 693 3501 762 utrisque
3542 706 3719 761 popu-

422 791 688 864 populum
721 789 1026 846 Romanum
1065 786 1107 818 “
1138 793 1382 851 struens,
1416 784 1470 839 in
1501 782 1778 856 Europam
1809 786 2025 840 transiit
2122 786 2191 843 iis
2235 795 2393 858 gesta
2442 795 2588 844 sunt.
2636 787 2683 820 ³³
2709 788 2768 844 Ρ.
2815 789 3069 845 Cornelio
3113 787 3392 860 Scipione,
3435 784 3506 841 Μ.
3546 786 3724 842 Acilio

425 903 493 944 ex
527 888 674 941 Asia.
701 884 856 940 Tunc
884 881 1049 938 etiam
1073 879 1313 936 Annibal
1344 889 1572 950 pr0pter
1590 880 1866 936 excitandi
1890 879 2021 936 belli

419 994 694 1047 rumores,
748 977 837 1048 qui
868 976 936 1032 de
979 991 1046 1032 eo
1091 974 1234 1046 apud
1279 975 1558 1030 Romanos
1597 973 1642 1006 ⁸³
1668 975 2015 1039 serebantur,

419 1072 678 1131 exhiberi
707 1069 750 1102 ”
779 1070 1008 1125 Romam
1042 1083 1069 1123 a
1101 1077 1292 1123 senatu
1325 1066 1537 1137 jussus,
1569 1066 1708 1122 clam
1740 1083 1806 1122 ex
1840 1067 2020 1122 Africa

418 1166 716 1238 profectus,
747 1162 814 1219 ad
839 1161 1173 1218 Antiochum
1214 1159 1467 1232 migravit
1495 1176 1512 1218 :
1541 1175 1702 1231 quem
1730 1177 1851 1218 cum
1875 1160 2018 1232 apud

419 1259 697 1330 Ephesum
732 1256 1031 1312 invenisset
1051 1263 1426 1321 cunctantem,
1452 1269 1578 1311 mox
1608 1254 1661 1310 in
1689 1254 1891 1310 bellum
1917 1255 2017 1311 im-

420 1357 578 1429 pulit.
625 1355 780 1410 Tunc
823 1352 990 1408 etiam
1020 1352 1064 1384 ¹⁸
1091 1350 1202 1417 lex,
1248 1366 1374 1422 qua:
1417 1350 1487 1406 ab
1527 1349 1774 1422 Oppio“
1803 1351 2020 1406 tribuno

420 1449 600 1521 plebis
632 1448 739 1503 lata
764 1446 964 1515 fuerat,
992 1461 1060 1502 nc
1086 1460 1191 1516 qua
1219 1444 1418 1500 mulier
1445 1444 1566 1515 plus
1593 1460 1752 1515 quam
1777 1446 2017 1500 semion-

415 1545 557 1600 ciam
580 1542 696 1598 auri
728 1541 981 1605 haberet,
1012 1553 1155 1594 neve
1178 1537 1496 1593 versicolori
1529 1536 1881 1607 vestimento,
1914 1552 2017 1593 nec

407 1636 662 1693 vehiculo
718 1649 815 1705 per
861 1633 1066 1690 Urbem
1114 1640 1380 1698 uteretur,
1429 1639 1554 1702 post
1605 1632 1801 1704 viginti
1843 1647 2015 1689 annos

412 1729 679 1801 abrogata
701 1737 808 1784 est.
837 1727 896 1781 P.
923 1726 1181 1796 Scipione
1207 1724 1467 1780 Africano
1495 1725 1723 1792 iterum,
1751 1725 1837 1781 Ti.
1866 1724 2016 1784 Sem-

2119 879 2415 936 Glabrionc
2444 880 2783 951 consulibus,
2830 880 3137 938 Antiochus
3162 881 3418 952 quamvis
3448 878 3725 936 Thermo-

2121 974 2274 1044 py‘as
2318 983 2662 1044 occupasset,
2686 972 2734 1005 “
2758 989 2988 1045 quarum
3035 973 3336 1030 munimine
3376 970 3548 1028 tutior
3583 987 3722 1043 pro-

2122 1074 2242 1136 pter
2281 1065 2476 1122 dubios
2514 1066 2643 1123 belli
2693 1075 2923 1124 eventus
2953 1067 3131 1133 fieret,
3181 1075 3364 1124 tamen
3415 1067 3718 1124 commisso

2117 1159 2286 1225 bello,
2311 1175 2340 1214 a
2368 1161 2591 1217 consule
2618 1159 2913 1217 Glabrione
2952 1170 3268 1232 superatus,
3305 1161 3393 1217 vix
3419 1176 3542 1218 cum
3575 1177 3718 1232 pauo

2117 1255 2198 1310 cis
2229 1254 2274 1286 ⁸⁵
2298 1255 2436 1324 fugit
2463 1269 2492 1308 c
2524 1254 2732 1322 praelio,
2763 1255 3148 1326 Ephesumque
3175 1256 3445 1327 pervenit.
3470 1255 3517 1286 "
3540 1253 3590 1309 Is
3612 1255 3718 1309 ba-

2119 1349 2303 1405 buisse
2344 1348 2520 1404 fertur
2564 1361 2904 1406 armatorum
2955 1351 3239 1422 sexaginta
3271 1349 3466 1418 millia,
3493 1365 3558 1405 ex
3592 1349 3723 1420 qui-

2122 1442 2222 1498 bus
2253 1443 2610 1515 quadraginta
2643 1445 2810 1502 millia
2839 1460 3002 1514 cresa,
3029 1456 3188 1516 capta
3228 1444 3348 1516 plus
3374 1459 3538 1516 quam
3559 1444 3728 1512 quin-

2116 1555 2222 1609 que
2249 1539 2413 1596 millia
2441 1538 2612 1597 fuisse
2637 1540 2968 1598 referuntur.
2993 1541 3148 1601 Alter
3169 1541 3361 1597 consul
3381 1540 3566 1612 Scipio
3589 1557 3718 1597 cum

2114 1633 2374 1690 Boiorum
2407 1643 2570 1704 gente
2611 1634 2882 1704 conﬂixit,
2909 1637 2954 1668 "’
2985 1636 3039 1692 in
3081 1651 3190 1706 quo
3229 1635 3275 1668 ’⁸
3299 1636 3488 1708 ι)γωίίο
3517 1636 3712 1707 viginti

2116 1727 2285 1784 millia
2339 1728 2576 1785 hostium
2625 1727 2919 1785 interiecit.
2950 1731 2996 1763 ¹⁹
3024 1730 3286 1801 Sequenti
3335 1744 3480 1785 anno
3521 1729 3715 1801 Scipio

408 1824 603 1895 pronio
649 1821 839 1891 Longo
879 1818 1221 1886 consulibus,
1254 1816 1399 1890 apud
1447 1816 1810 1874 Mediolanum
1843 1818 2007 1875 "de-
2043 1820 2088 1881 Β
2115 1817 2423 1888 Africanus,
2479 1819 2686 1876 habens
2729 1821 2781 1878 in
2842 1821 3046 1879 auxilio
3095 1822 3396 1879 Eumenem
3438 1821 3609 1878 Attali
3657 1822 3725 1877 fi-

406 1932 526 1973 cem
576 1915 744 1971 millia
771 1913 1058 1970 Gallorum
1099 1927 1242 1970 caesa
1268 1932 1282 1967 :
1307 1913 1563 1983 sequenti
1611 1924 1790 1969 autem
1820 1914 2012 1984 praelia

409 2009 668 2066 undecim
695 2008 863 2064 millia
889 2007 1197 2074 Gallorum,
1223 2006 1594 2062 Romanorum
1615 2021 1746 2063 vero
1769 2007 2012 2079 quinque

408 2102 600 2170 millia,
629 2101 808 2158 occisa
845 2108 999 2156 sunt.
1038 2100 1082 2132 ¹⁸
1109 2098 1335 2154 Publius
1361 2097 1523 2169 272
1556 2098 1782 2170 Digitius
1809 2110 2011 2170 praetor

405 2196 460 2252 in
493 2195 755 2266 llispania
804 2195 1086 2260 citeriore,
1138 2208 1276 2264 pene
1319 2208 1536 2249 omnem
1569 2195 1758 2249 amisit
1802 2194 2010 2251 exerci-

401 2299 540 2344 tum.
593 2289 663 2344 M.
698 2288 926 2345 Fulvius
978 2294 1184 2359 praetor
1227 2285 1532 2342 Celtiberos
1581 2301 1706 2344 cum
1749 2289 2009 2359 proximis

405 2383 664 2452 gentibus
695 2382 848 2446 vicit,
876 2383 918 2416 ¹⁹
944 2394 1237 2452 regemque
1276 2393 1468 2435 eorum
1499 2380 1664 2450 cepit.
1691 2380 1955 2440 Minucius
1981 2398 2008 2437 a

404 2472 700 2545 Liguribus
726 2472 779 2528 in
803 2483 1118 2529 extremum
1147 2471 1444 2544 periculi”
1475 2471 1766 2543 adductus,
1792 2483 1848 2531 et
1878 2475 2012 2532 iusi-

402 2570 508 2626 diis
532 2569 771 2625 hostium
798 2568 1232 2634 circumventus,
1261 2565 1352 2621 vix
1375 2565 1732 2626 Numidarum
1763 2571 2007 2641 equitum

402 2662 671 2719 industria
723 2661 994 2720 liberatus
1033 2672 1138 2718 est.
1175 2661 1219 2694 ’ί
1265 2659 1448 2732 Scipio
1501 2663 1811 2734 Africanus,
1868 2667 2012 2724 inter

401 2766 633 2814 caeteros
662 2755 873 2828 legatos
924 2755 992 2811 ad
1026 2753 1358 2812 Antiochum
1399 2753 1628 2825 missus,
1685 2758 1850 2814 etiam
1881 2773 2006 2816 cum

2115 1913 2268 1980 lium,
2299 1912 2562 1970 adversus
2597 1913 2947 1985 Annibalem,
2982 1915 3073 1986 qui
3099 1924 3230 1972 tunc
3262 1914 3516 1972 Antiochi
3546 1914 3719 1972 classi

2118 2019 2396 2078 praeerat,
2447 2008 2652 2066 bellum
2709 2009 2898 2064 navale
2951 2010 3158 2080 gessit,
3225 2007 3570 2077 Antiochus,
3630 2009 3720 2064 vi-

2114 2111 2204 2158 cto
2231 2102 2392 2175 273
2420 2101 2688 2159 Annibale
2735 2109 2898 2173 atque
2938 2102 2996 2159 in
3025 2104 3205 2175 fugam
3235 2111 3383 2170 acto,
3435 2103 3718 2175 simulque

2115 2195 2265 2250 omni
2311 2196 2560 2250 exercitu
2591 2195 2817 2261 amisso,
2854 2210 3045 2267 pacem
3077 2197 3296 2268 rogavit
3326 2217 3338 2252 ;
3369 2196 3414 2228 ³⁰
3442 2196 3728 2269 liliumque

2116 2285 2382 2359 Africani,
2406 2303 2568 2360 quem
2604 2298 2783 2345 utrum
2816 2289 3217 2360 explorantem,
3240 2305 3308 2346 an
3332 2289 3385 2347 in
3404 2290 3598 2361 prmlio
3627 2305 3727 2348 ce-

2113 2384 2308 2456 pisset,
2340 2385 2608 2442 incertum
2641 2395 2746 2452 est,
2772 2385 2913 2441 ultro
2945 2384 3172 2442 remisit.
3199 2383 3258 2441 In
3287 2385 3545 2457 Hispania
3571 2386 3724 2442 ulte-

2111 2477 2258 2534 riore
2285 2477 2328 2510 ³¹
2361 2477 2424 2534 L.
2443 2477 2702 2534 Emilius
2733 2479 3061 2550 proconsule
3086 2494 3117 2534 a
3143 2477 3420 2536 Lusitanis
3449 2494 3572 2535 cum
3596 2480 3726 2534 uni-

2112 2587 2279 2629 verso
2305 2572 2552 2628 exercitu
2577 2588 2757 2629 ctesus
2796 2571 3022 2631 interiit.
3056 2571 3117 2629 L.
3167 2572 3381 2630 Baebius
3428 2573 3484 2628 in
3520 2573 3726 2644 Hispa-

2113 2665 2257 2720 niam
2272 2663 2622 2737 proficiscens
2639 2707 2652 2732 ,
2673 2682 2698 2720 a
2715 2665 3005 2738 Liguribus
3017 2666 3438 2732 circumventus,
3455 2680 3578 2722 cum
3595 2666 3722 2721 uni-

2107 2774 2265 2817 verso
2295 2760 2533 2817 exercitu
2558 2761 2771 2818 occisus
2796 2770 2880 2818 est
2905 2778 2920 2815 :
2941 2760 3084 2816 unde
3111 2759 3154 2792 ³¹
3187 2759 3326 2818 adeo
3363 2776 3430 2818 nc
3461 2759 3721 2816 nuntium

1697 2917 2154 2977 HAVERCAAIPI
2192 2917 2426 2976 NOTAE.

472 3061 564 3116 Il.
605 3058 912 3124 Antiochus,
959 3072 1054 3129 rea:
1094 3056 1288 3129 Syriae.
1329 3058 1411 3115 De
1463 3057 1567 3114 hoc
1614 3068 1668 3115 et
1715 3056 2003 3116 Annibalis

403 3131 641 3188 transitu
669 3131 736 3186 ad
768 3131 942 3200 ipsum
990 3128 1196 3193 Livius,
1226 3129 1512 3200 Appianus
1538 3129 1607 3186 de
1642 3130 1808 3186 rebus
1834 3130 2004 3187 Anni-

401 3206 566 3271 balis,
587 3213 642 3259 et
672 3204 728 3258 in
757 3201 1025 3274 Syriacis,
1064 3200 1311 3259 Justinus
1346 3202 1488 3259 libro
1517 3201 1800 3274 trigesimo
1826 3205 2005 3275 primo

401 3276 574 3332 FABR.

477 3351 564 3402 12.
611 3346 854 3403 Slruens.
902 3344 1079 3400 Nolim
1124 3343 1213 3400 hic
1255 3354 1365 3400 tam
1419 3344 1709 3402 muniﬁcus
1747 3361 1868 3402 esse
1907 3361 2004 3402 vo-

402 3419 598 3475 luisset
645 3418 701 3473 in
750 3419 1031 3481 Orosium,
1084 3420 1176 3487 qui
1223 3417 1484 3472 instruens
1529 3417 1674 3473 fecit.
1732 3417 2003 3476 Laur.—

404 3493 574 3546 Iiecte
603 3505 751 3556 sane,
785 3507 909 3544 nam
939 3500 1172 3551 struens,
1201 3502 1310 3544 non
1333 3490 1615 3554 instruens,
1652 3491 1925 3546 invenitur
1948 3492 2001 3546 in

404 3577 540 3620 mss.
590 3561 728 3628 Meo,
790 3562 1042 3617 Perizon.
1101 3569 1266 3631 atque
1324 3559 1710 3630 Ultrajectino.
1765 3562 2002 3618 Verbum

398 3649 618 3705 quoque
647 3645 791 3689 struo
824 3633 1011 3689 dolum
1045 3641 1270 3689 nectere
1297 3633 1609 3702 subiunuit,
1641 3643 1698 3690 ut
1725 3633 1857 3690 fecit
1882 3635 1999 3689 Att-

399 3712 637 3762 tioctius.

397 3849 436 3906 S
601 3777 942 3834 Serebantur.
997 3775 1097 3832 Ed.
1146 3777 1285 3848 Aug.
1329 3775 1648 3847 ferebantur,
1700 3785 1762 3834 ut
1799 3787 1855 3835 et
1896 3778 1999 3856 Ed.

441 3865 506 3906 co
548 3868 595 3904 .I.

441 3853 595 3906 cotti.
1977 3854 1979 3856 ’

472 3921 561 3976 14.
601 3921 848 3976 Romam.
880 3920 973 3977 Sic
1004 3920 1250 3975 melioris
1280 3933 1416 3976 mss.
1449 3919 1633 3976 Roma:
1654 3922 1770 3978 alii.

473 3996 566 4050 15.
610 3993 741 4058 Lex,
773 4008 888 4063 qua:
909 3993 972 4046 ab
1005 3991 1619 4069 0ppio._Qontention_es
1650 3995 1719 4069 de
1749 3995 1861 4067 lege
1892 3995 2001 4069 0p-

439 4067 489 4118 ia
539 4073 711 4131 ortas,
765 4062 1156 4119 commemorat
1205 4062 1392 4118 Livius
1442 4064 1601 4119 initio
1655 4066 1754 4121 lib.
1799 4062 1994 4124 'xxxtv.

439 4084 489 4118 ια
539 4084 711 4131 Ol‘liIS,
765 4084 1156 4119 commemorat
1205 4084 1392 4118 LIVIUS
1443 4084 1601 4119 IIIIIIO
1655 4084 1754 4121 ιιυ.
1806 4084 1994 4124 XXXIV.

399 4084 529 4264 Ξριτι
552 4136 656 4192 fuit
676 4150 820 4191 anno
841 4137 910 4191 ab
940 4135 1086 4192 Urbe
1111 4135 1334 4191 condita
1361 4151 1486 4203 DXL,
1517 4138 1778 4210 abrogata
1808 4155 1994 4196 DLVIII.

447 4224 567 4263 ann.

427 4209 567 4263 Pana.

471 4282 559 4336 16.
600 4278 832 4334 Tribuno
860 4279 1045 4350 plebis.
1071 4277 1208 4335 Cod.
1239 4277 1516 4349 Longob.,
1547 4288 1604 4336 ut
1633 4290 1689 4336 et
1715 4280 1995 4351 Perizon.,

475 4352 609 4404 buno
641 4351 796 4404 nlebi.

401 4353 609 4406 tribuno
641 4353 796 4417 plebi.

476 4424 561 4478 I7.
603 4421 650 4476 X
685 4423 856 4476 millia
901 4418 1178 4475 Gallorum
1214 4435 1368 4474 cwsa.
1415 4419 1564 4476 lianc
1607 4424 1896 4481 victoriam
1928 4427 1995 4483 de

401 4492 576 4548 Gallis
613 4495 910 4562 reportavit
944 4491 1007 4547 L.
1049 4493 1295 4547 Valerius
1323 4489 1552 4547 Flaccus
1583 4493 1808 4552 Procos.
1841 4499 1993 4554 Alte-

398 4581 518 4618 rum
547 4567 797 4635 praelium
827 4567 878 4619 in
910 4579 1016 4632 quo
1045 4562 1549 4635 Romanorumuon
1585 4567 1874 4624 incruenta
1914 4571 1994 4626 vi-

399 4634 573 4709 ctoria
605 4635 728 4709 fuit,
762 4637 1112 4709 commissum
1161 4643 1244 4690 est
1295 4650 1326 4689 a
1377 4634 1464 4691 Ti.
1512 4636 1839 4709 Sempronio
1872 4657 1989 4698 cos.

409 4708 595 4763 Livius
625 4708 718 4762 lib.
750 4722 943 4763 xxxtv.
967 4707 1134 4762 Fann.

477 4781 567 4834 i8.
611 4779 678 4855 If.
707 4777 961 4855 Digitius.
995 4778 1502 4855 ln_Gualteri_~libro
1527 4779 1759 4852 Digitius
1783 4799 1997 4855 praeno-

403 4866 530 4907 men
566 4851 769 4906 nullum
803 4851 988 4906 habet.
1017 4851 1201 4906 Livius
1238 4851 1394 4906 initio
1448 4851 1542 4907 lib.
1578 4851 1719 4910 x’xxv
1763 4851 1870 4912 Sex
1897 4857 1994 4912 Di-

404 4924 592 4994 gitium
623 4925 890 4987 nominat,
935 4922 1024 4978 ubi
1052 4933 1277 4988 caetera,
1308 4939 1430 4994 quae
1467 4923 1555 4980 hic
1586 4925 1832 4984 breviter
1859 4929 1997 4986 Oro-

402 5009 537 5059 sms,
569 4995 762 5051 ordine
791 5005 1310 5051 commemorantur.
1337 4994 1504 5051 FABR.

477 5087 565 5144 19.
610 5087 902 5163 Regemque
940 5105 1142 5144 eorum.
1188 5088 1290 5144 Ed.
1329 5091 1557 5161 August.
1589 5107 1758 5165 regem
1793 5111 2000 5166 quoque

405 5174 604 5215 eorum.

475 5249 901 5324 20.7Atlductus.
933 5253 1154 5310 Addunt
1173 5253 1348 5324 Lugd.
1381 5253 1523 5311 Batt.
1553 5264 1666 5314 tres
1696 5270 1789 5314 est.
1816 5261 1874 5318 In
1907 5261 1996 5317 ed.

410 5323 550 5396 Aug.
584 5323 802 5396 legitur,
834 5328 891 5380 in
941 5336 1230 5382 extremum
1274 5325 1565 5393 periculum
1604 5330 1862 5386 adductus
1900 5342 1998 5388 est.

414 5392 880 5469 Venetze'quoque
919 5398 1206 5470 periculum
1248 5392 1532 5468 seribunt;
1563 5403 1660 5458 sed
1692 5402 1872 5461 deleto
1898 5414 1994 5460 est.

474 5487 567 5571 2i.
612 5489 794 5571 Scipio
819 5496 1119 5571 Africanus,
1149 5495 1283 5571 inter
1306 5500 1517 5571 cancros
1539 5497 1757 5571 legatos.
1787 5497 1866 5554 De
1893 5497 1998 5555 hac

401 5559 680 5639 legatione
708 5559 929 5636 Livius,
977 5578 1035 5624 et
1071 5559 1303 5636 Appian.
1344 5563 1398 5639 in
1447 5559 1689 5639 Syriaca,
1731 5571 1822 5638 qui
1872 5585 1997 5624 nar-

404 5639 531 5685 rant
559 5633 801 5693 Africani
845 5633 1169 5696 sermonem
1195 5653 1319 5694 cum
1362 5633 1632 5695 Annibale
1661 5633 1902 5697 habitum
1933 5642 1998 5696 de

403 5717 618 5781 sutntnq
667 5707 998 5781 imperatore.
1063 5709 1218 5767 Unde
1285 5708 1556 5765 Lucianns
1609 5720 1991 5781 argumentum

400 5775 907 5903 tsuntm[lirsliltmﬂialogi,
939 5782 1031 5851 qui
1058 5782 1128 5840 de
1158 5781 1263 5839 hac
1291 5797 1349 5842 re
1378 5783 1429 5838 ἐν
1459 5790 1567 5846 τοῖς
1585 5775 1828 5862 νεκρικοῐς
1854 5784 1990 5857 legi-

2180 3053 2274 3133 22.
2328 3053 2578 3133 Mullum.
2636 3055 2810 3133 Lugd.
2864 3053 2988 3133 Bat.
3029 3064 3213 3127 quart.
3265 3064 3322 3133 et
3372 3055 3463 3115 ed.
3528 3056 3712 3133 Aug.,

2112 3129 2298 3202 multa.
2324 3126 2465 3202 b_on_
2479 3127 2674 3202 eadem
2701 3126 2816 3195 ed,
2845 3126 3116 3202 utriusque
3135 3129 3337 3202 populi.

2183 3198 2276 3254 25.
2327 3197 2392 3254 Ρ.
2426 3198 2588 3254 Corn.
2637 3200 2791 3270 Scip.
2829 3199 2909 3254 Μ.
2959 3197 3148 3254 Acilio.
3191 3197 3255 3258 [Ii
3299 3216 3444 3256 coss.
3485 3201 3716 3262 fuerunt

2033 3275 2080 3340 ο
2110 3286 2252 3343 anno
2267 3270 2744 3343 Urbisncxt.Acil.
2774 3272 2824 3327 in
2849 3271 3140 3343 Capitolin.
3169 3272 3362 3328 tabulis
3388 3288 3709 3343 praenomen

2115 3341 2194 3399 Μ.
2231 3344 2416 3418 habet,
2439 3342 2792 3418 qugblanius
2819 3341 3186 3418 signiﬁcatur.
3220 3341 3541 3418 Plutarchus
3568 3364 3711 3418 quo-

2106 3429 2214 3485 que
2247 3414 2393 3468 hunc
2437 3416 2488 3468 in
2521 3414 2812 3482 Flaminio,
2853 3417 3037 3472 Μάνιον
3063 3415 3294 3485 ’Λκῦ.ιον,
3337 3414 3618 3486 Appianus
3648 3421 3708 3474 in

2109 3487 2355 3558 Syriaca,
2383 3488 2597 3564 ’AniAtov
2633 3489 2813 3564 Μᾲνιον
2849 3489 3154 3564 ΓλαϐρίωνοςΔ
3177 3497 3393 3564 vocant,
3423 3490 3521 3564 Aqui
3647 3507 3713 3548 re

2105 3571 2262 3629 gesta
2303 3573 2424 3630 cum
2475 3560 2750 3615 Antiocho
2796 3567 2928 3614 sunt
2968 3560 3178 3630 tegendi
3220 3576 3342 3630 cum
3374 3561 3528 3616 Livio
3569 3561 3705 3619 libr.

2057 3703 2064 3724 η
2106 3629 2484 3724 “Lavinium”
2519 3630 2715 3714 Floro‘
2737 3631 3000 3724 Eutropio
3030 3642 3083 3724 et
3105 3632 3258 3724 Ialiis.
3295 3629 3466 3688 FABR.

2175 3702 2263 3757 24.
2307 3702 2542 3768 Quarum
2575 3703 2877 3757 munimine.
2905 3703 3077 3774 Lugd.
3102 3703 3245 3760 Bait.
3274 3713 3385 3759 tres
3411 3719 3534 3761 cum
3557 3704 3704 3763 Coll.

2103 3773 2371 3847 Gronov...
2404 3790 2468 3828 ex
2493 3792 2712 3847 quarum
2744 3773 3046 3831 munimine.

2172 3844 2262 3920 25.
2308 3841 2745 3920 Fugiteprcelio.
2782 3847 2931 3902 Meus
2966 3851 3165 3918 codex,
3197 3846 3380 3920 e/fugil
3403 3847 3468 3920 de
3487 3849 3701 3918 prcelio.

2172 3918 2262 3972 26.
2305 3915 2362 3971 Is
2392 3915 2631 3973 habuisse
2661 3921 2827 3990 fertur
2857 3915 3178 3975 armatorum
3219 3915 3284 3976 iis
3308 3915 3506 3974 'millia.
3537 3920 3702 3978 IIunc

2104 4004 2414 4057 numerum,
2468 3991 2622 4045 Livio
2670 4001 2914 4055 auctore,
2964 3991 3214 4048 Valerius
3257 3991 3446 4048 Antias
3495 3993 3696 4048 edidit.

2105 4061 2382 4131 Appianus
2432 4077 2562 4116 vero
2601 4063 2794 4118 scribit
2835 4078 2903 4118 ex
2947 4063 3200 4121 Antiochi
3231 4063 3478 4120 exercitu
3519 4079 3703 4121 caesos

2103 4143 2197 4187 aut
2224 4141 2409 4200 captos
2433 4135 2650 4188 circiter
2679 4150 2709 4188 χ
2741 4135 2904 4190 inille.
2933 4134 3099 4192 Faun.

2173 4204 2264 4260 27.
2309 4202 2377 4258 In
2406 4221 2508 4276 quo
2559 4206 2738 4275 prtelio
2779 4223 2847 4261 xx
2900 4209 3065 4261 millia
3109 4208 3356 4263 hostium.
3402 4207 3696 4264 Duodctri-

2101 4275 2244 4345 ginta
2293 4275 2462 4351 millia
2503 4277 2739 4351 hostium
2787 4294 2929 4334 cmsa
2970 4279 3164 4336 Antias
3198 4278 3445 4335 Valerius
3476 4281 3694 4351 scribit,

2098 4357 2253 4418 capta
2303 4350 2404 4402 tria
2457 4349 2626 4404 millia
2680 4359 2733 4405 et
2787 4365 2940 4420 cccc,
2993 4352 3149 4424 signa
3195 4351 3452 4424 militaria
3501 4349 3690 4424 cxxtv,

2097 4435 2270 4488 equos
2298 4435 2423 4492 ucc.
2456 4429 2715 4492 carpenta
2744 4436 2978 4492 ccxnvn,
3007 4423 3214 4490 Livius.
3248 4423 3414 4479 FABR.

2171 4494 2264 4566 28.
2306 4490 2522 4566 l’rmlio.
2556 4490 2836 4558 Perizon.,
2866 4490 3026 4561 bello,
3059 4507 3116 4551 ut
3138 4511 3302 4566 smpe.

2168 4563 2260 4620 29.
2305 4564 2555 4635 Sequenti
2595 4582 2755 4620 anno.
2810 4567 3017 4622 Bellum
3051 4563 3448 4623 Antiocltettum
3497 4569 3694 4626 confe-

2100 4633 2175 4715 cit
2218 4633 2453 4715 Africani
2487 4635 2653 4715 frater
2694 4636 2757 4692 L.
2793 4639 3001 4710 Scipio,
3045 4639 3176 4696 inde
3221 4641 3482 4695 Asiaticus
3509 4644 3700 4715 appel-

2099 4711 2257 4773 latus,
2293 4707 2480 4762 Livius
2505 4708 2598 4763 lib.
2633 4725 2846 4766 xxxvii.

2171 4778 2612 4854 505Filiumque»
2636 4781 2917 4854 Africani.
2956 4783 3230 4854 Appianus
3275 4799 3464 4840 errore
3494 4783 3695 4854 ductus

2101 4851 2311 4920 putavit
2341 4853 2483 4907 hunc
2506 4851 2632 4908 esse
2677 4851 2828 4909 Pauli
2853 4851 3063 4909 .‘Emibi
3113 4854 3318 4922 lilium,
3355 4857 3449 4921 qui
3486 4858 3539 4906 in
3573 4851 3696 4908 Sci-

2100 4926 2319 4998 pionum
2368 4923 2628 4998 familiari)
2660 4924 2946 4996 adoptatus
2973 4926 3262 4998 Africanus
3295 4925 3466 4977 minor
3515 4922 3696 4998 dictus

2103 4995 2239 5049 fuit:
2286 4995 2382 5050 sed
2417 4995 2506 5051 ille
2536 5013 2639 5052 non
2672 4998 2741 5052 ab
2769 4993 3031 5052 Africano
3080 4993 3393 5065 superiore,
3441 4995 3540 5051 sed
3571 4995 3695 5065 ejus

2102 5066 2215 5140 _ﬁ_lio
2236 5066 2888 5140 adoptatus_fuit,_Cicero
2913 5076 2971 5122 et
3000 5065 3115 5121 alii.
3142 5065 3306 5122 FABB.
3331 5065 3533 5122 —Mox
3552 5085 3696 5140 pra:-

2101 5137 2173 5190 lio
2212 5154 2307 5207 pro
2330 5141 2384 5191 in
2415 5138 2596 5205 prwlio
2623 5137 2709 5193 ed.
2743 5140 2878 5208 Aug.

2181 5211 2268 5265 5i.
2299 5209 2493 5266 Lucius
2541 5209 2792 5264 [Emilius
2823 5210 3149 5281 proconsule.
3197 5208 3395 5267 Lucius
3435 5208 3698 5266 A‘Imilius

2108 5279 2312 5338 Paulus
2347 5293 2568 5352 praetor,
2620 5279 2873 5352 Scipione
2915 5292 2970 5338 et
3012 5281 3306 5339 Glabrione
3351 5283 3693 5349 consulibus,

2111 5353 2419 5424 Hispaniam
2446 5355 2758 5410 ulteriorem
2781 5355 3009 5411 Sortitus
3039 5355 3159 5418 fuit,
3193 5371 3421 5423 eamque
3450 5355 3693 5425 imperio

2106 5425 2383 5480 consulari
2435 5427 2668 5481 obtinuit
2723 5428 3032 5496 proconsul.
3085 5426 3271 5482 Livius
3320 5428 3447 5482 libr.
3501 5442 3691 5493 xxxvi,

2105 5496 2424 5569 Plutarchus
2453 5499 2504 5552 in
2534 5497 2781 5554 IEmilio.
2818 5499 2977 5554 Auno
3005 5508 3187 5555 autem
3216 5497 3462 5569 sequenti
3511 5497 3696 5569 victus

2103 5582 2135 5622 a
2164 5567 2437 5626 Lusitanis
2463 5585 2555 5626 sex
2590 5569 2754 5626 millia
2783 5570 2853 5626 de
2881 5570 3123 5627 exercitu
3150 5587 3249 5627 suo
3270 5567 3470 5636 amisit,
3501 5568 3696 5626 Livius

2097 5640 2240 5695 libro
2266 5658 2469 5698 xxvvtt.
2506 5641 2778 5699 lnteriisse
2807 5645 2978 5712 ipsum
3019 5642 3243 5700 Orosius
3264 5658 3454 5712 parum
3500 5644 3694 5697 consi-

2096 5711 2284 5768 derate
2313 5716 2519 5787 scribit.
2575 5711 2652 5770 De
2683 5711 2868 5787 Bgﬂtio
2912 5716 3093 5772 occiso
3138 5731 3168 5770 a
3219 5711 3530 5787 Liguribus,
3562 5713 3686 5766 Liv.

2092 5792 2340 5842 extremo
2363 5786 2455 5842 lib.
2480 5802 2687 5842 xxxvn.
2720 5785 2886 5842 Fann.

2163 5857 2255 5913 32.
2289 5858 2448 5916 Adeo.
2471 5859 2592 5918 Non
2615 5869 2893 5932 comparet
2919 5859 2974 5918 in
2996 5859 3121 5919 ead.
3147 5856 3234 5916 ed.
3264 5857 3405 5927 Aug.
