4092 6346
375 289 481 352 909

1419 285 1895 346 HISTORIARUM
1935 285 2141 346 LIBER
2180 287 2266 344 IV.
2312 287 2467 345 CAP.
2509 287 2630 346 XX.

3565 295 3672 358 9w
3697 321 3699 324 ‘

373 405 596 476 quidem
625 403 967 476 superluisse
993 407 1236 470 constat,
1265 408 1323 457 ut
1351 401 1777 458 internecionem
1798 401 1972 472 ipsam
2000 405 2055 467 Α
2082 416 2206 473 qua:
2229 411 2356 458 ante
2388 419 2493 460 non
2527 404 2724 474 luerat,
2752 413 2982 476 repente
3013 405 3153 462 mari
3182 405 3323 464 edita
3351 420 3473 466 eum
3501 411 3673 474 mira-

373 499 561 556 Romtc
585 499 958 557 Massilienses
1005 497 1260 555 nuntiare
1282 497 1614 553 curaverint.
1642 496 1692 529 ³³
1749 497 1972 554 Fulvius

376 597 569 653 consul
597 595 666 652 de
715 595 928 652 Grrccia
983 593 1035 650 in
1067 593 1504 666 Gallogmciam,
1549 610 1670 664 qua:
1718 609 1862 652 nunc
1889 601 1975 648 est

375 691 611 759 Galatia,
643 700 1006 755 transvectus,
1033 688 1098 744 ad
1121 688 1412 761 Olympum
1443 697 1682 743 montem
1701 687 1974 757 pervenit,

375 783 443 839 ad
473 799 635 854 quem
669 783 906 839 universi
947 781 1270 853 Gallograeci
1319 796 1442 836 cum
1471 779 1798 852 conjugibus
1826 789 1878 836 et
1911 779 1975 836 li-

381 879 527 934 beris
558 877 944 948 confugerant,
971 876 1157 947 ibique
1179 875 1596 932 acerbissimum
1630 875 1834 932 bellum
1852 891 1976 947 ges-
2001 939 2014 954 Ι

372 971 466 1038 sit,
500 985 735 1042 namque
766 970 834 1026 de
863 969 1236 1040 superioribus
1269 969 1404 1024 locis
1429 970 1665 1041 sagittis,
1687 969 1732 1002 ³⁸
1753 971 1975 1042 grandi-

372 1062 474 1120 bus
499 1064 672 1131 saxis,
721 1063 1046 1133 czctcrisqne
1094 1061 1215 1118 telis
1242 1060 1473 1117 Romani
1512 1060 1754 1134 graviter
1775 1063 1821 1094 ³⁸
1848 1078 1976 1120 con-

373 1161 506 1228 triti,
540 1159 758 1218 tandem
774 1175 946 1233 usque
967 1162 1035 1217 ad
1064 1176 1421 1234 congressum
1442 1161 1678 1219 hostium
1710 1178 1971 1235 perrupe-

371 1263 519 1321 runt,
575 1254 934 1326 quadraginta
989 1255 1158 1312 millia
1201 1257 1662 1328 Gallogrmcorum
1689 1273 1758 1316 eo
1789 1259 1975 1330 prmlio

375 1347 660 1404 interiecta
716 1351 1055 1406 referuntur.
1089 1348 1138 1381 “
1190 1349 1422 1406 Marcius
1473 1353 1663 1408 consul
1708 1351 1973 1409 adversus

372 1439 601 1511 Ligures
629 1441 929 1512 prolectus,
966 1452 1390 1514 superatusque,
1424 1453 1664 1514 quatuor
1681 1444 1849 1501 millia
1871 1445 1977 1500 mi-

371 1533 530 1590 litum
577 1535 872 1592 amisitzet
909 1536 1014 1594 nisi
1061 1537 1259 1606 victus,
1314 1538 1568 1594 celeriter
1598 1540 1891 1611 refugisset
1919 1543 1972 1596 in

371 1640 575 1695 castra,
609 1629 859 1687 eamdem
888 1631 1290 1688 interneciunis
1309 1631 1542 1698 cladem,
1575 1649 1734 1704 quam
1758 1633 1975 1690 Baebius

371 1721 574 1778 dudum
605 1723 674 1778 ab
705 1723 912 1780 eisdem
967 1723 1214 1780 hostibus
1267 1737 1576 1796 acceperat,
1631 1726 1970 1796 pertulisset.

2081 494 2204 552 culo
2230 496 2470 552 omnium
2493 542 2507 566 ,
2559 513 2731 569 usque
2762 497 2828 553 ad
2859 513 3006 556 nunc
3034 506 3241 556 manet.
3266 498 3312 531 ⁸³
3355 499 3420 568 ρ.
3453 501 3672 562 Fulvius

2077 590 2305 648 Flaccus
2334 600 2554 664 przrtor,
2601 594 2653 648 iu
2686 592 2940 650 citeriore
2966 594 3225 666 Hispania
3268 595 3506 651 maximo
3535 613 3674 668 prte-

2075 687 2150 747 Iio
2191 686 2236 718 5‘
2269 687 2454 758 viginti
2509 685 2611 742 tria
2669 687 2834 742 millia
2890 687 3174 744 hominum
3229 686 3386 757 fudit,
3445 701 3677 762 quatuor

2077 781 2250 838 millia
2281 784 2448 853 cepit:
2483 782 2528 813 ⁵⁸
2558 781 2643 837 Ti.
2692 781 3050 854 Sempronius
3081 782 3364 839 Gracchus
3395 783 3447 840 iu
3481 783 3674 856 Ilispa-

2075 876 2169 932 nia
2221 875 2482 932 ulteriore
2535 873 2581 907 ¹⁵⁶
2637 884 2855 932 centum
2912 877 3152 947 quinque
3205 875 3402 947 oppida
3447 888 3676 934 vacuata

2075 977 2440 1041 quassataque
2487 968 2667 1035 bellis,
2719 968 2788 1024 ad
2840 968 3173 1025 deditionem
3226 969 3426 1040 coegit.
3473 969 3674 1027 Eadem

2077 1072 2270 1120 arstate
2313 1063 2480 1120 etiam
2531 1062 2593 1118 L.
2648 1063 2959 1120 Postumius
3009 1064 3061 1120 in
3112 1065 3372 1122 citeriore
3415 1064 3676 1135 Ilispania

2077 1158 2438 1229 quadraginta
2461 1157 2632 1214 millia
2653 1157 2893 1214 hostium
2918 1158 3062 1215 bello
3088 1158 3679 1217 interiecit.tiraccbus

2077 1259 2283 1323 praetor
2309 1252 2512 1309 ibidem
2528 1253 2725 1310 iterum
2743 1253 2971 1310 ducenta
2997 1254 3194 1326 oppida
3209 1253 3253 1287 ‘7
3271 1270 3335 1310 cx
3349 1256 3606 1326 pugnavit
3621 1264 3676 1310 et

2077 1346 2240 1419 275
2270 1346 2432 1416 cepit.
2471 1345 2518 1380 ⁸⁸
2547 1345 2754 1417 Lepido
2797 1356 2851 1404 et
2908 1347 3084 1403 Mucio
3125 1348 3465 1416 consulibus,
3497 1348 3543 1383 ⁴⁹
3573 1349 3677 1406 Ba-

2075 1449 2382 1494 sternarum
2431 1454 2564 1509 gens
2616 1439 2978 1508 ferocissima,
3021 1451 3244 1498 auctore
3300 1441 3502 1498 Perseo
3553 1441 3678 1500 Phi-

2077 1534 2206 1606 lippi
2241 1534 2378 1603 lilio,
2414 1534 2718 1605 prmdarutn
2749 1550 2848 1606 spe
2895 1535 3209 1603 sollicitata,
3265 1545 3318 1592 et
3359 1535 3678 1593 transeundi

2074 1629 2197 1686 lstri
2219 1629 2456 1686 ﬂuminis
2485 1629 2764 1694 facultate,
2815 1629 2859 1662 ⁸ο
2887 1629 3006 1693 sine
3031 1629 3137 1686 ulla
3166 1643 3341 1700 pugna
3372 1630 3456 1687 vel
3497 1629 3679 1702 aliquo

2076 1724 2234 1780 hoste.
2264 1724 2442 1782 deleta
2479 1733 2584 1782 est.
2635 1724 2769 1780 Nam
2823 1733 2950 1781 tunc
2977 1724 3119 1781 forte
3162 1724 3460 1793 Danubius,
3504 1726 3682 1797 quiet

377 1815 450 1872 Μ.
484 1815 712 1872 Claudio
743 1797 1023 1884 Marcello,
1048 1818 1116 1885 ρ.
1145 1816 1314 1873 Fabio
1346 1817 1600 1875 Labeone
1627 1819 1966 1888 consulibus,
2002 1819 2050 1880 B
2077 1817 2235 1889 Ister,
2267 1834 2450 1875 crassa
2506 1819 2677 1891 glacie
2731 1829 3121 1890 superstratus,
3167 1819 3472 1890 pedestrem
3526 1821 3683 1878 facile

373 1908 656 1981 Philippus
689 1925 810 1978 rex,
843 1910 888 1942 ³⁷
917 1911 1009 1982 qui
1056 1911 1266 1984 legatos
1304 1913 1486 1984 populi
1526 1912 1692 1986 274
1737 1912 1971 1970 Romani

375 2001 746 2070 interfecerat,
773 2013 996 2075 pmpter
1019 2005 1279 2062 Demetrii
1309 2007 1355 2040 ³⁸
1376 2006 1470 2062 lilii
1507 2007 1614 2074 sui,
1645 2023 1803 2078 quem
1827 2007 1975 2080 lega-

375 2110 485 2156 tum
520 2100 768 2169 miserat,
806 2101 1299 2158 verecundissimas
1327 2119 1526 2175 preces
1548 2144 1564 2170 ,
1604 2105 1817 2162 veniam
1863 2085 1979 2161 me-

380 2193 483 2250 ruit
512 2210 526 2250 :
557 2193 923 2266 cumdemque
944 2195 1213 2254 continuo
1243 2198 1392 2254 velut
1427 2197 1690 2256 Romanis
1716 2199 1972 2272 amicum,

375 2286 570 2357 suique
613 2287 973 2358 proditorem,
1005 2287 1174 2346 fratre
1206 2304 1422 2362 quoque
1455 2291 1628 2362 ipsius
1658 2294 1724 2347 ad
1749 2291 1981 2363 parrici-

376 2377 524 2435 dium
568 2378 740 2449 patris
786 2381 1067 2448 ministro,
1113 2381 1248 2438 nihil
1299 2384 1369 2441 de
1427 2393 1659 2454 utroque
1710 2385 1974 2442 miserum

379 2473 522 2530 male
579 2475 974 2544 suspicantem,
1028 2491 1242 2534 veneno
1281 2479 1512 2534 necavit.
1572 2477 1780 2533 Eodem
1831 2494 1978 2534 anno

381 2567 568 2638 Scipio
612 2566 900 2624 Africanus
928 2567 998 2624 ab
1049 2571 1258 2641 ingrata
1301 2570 1405 2626 sibi
1447 2569 1593 2627 Urbe
1623 2569 1666 2604 ³⁹
1692 2568 1785 2627 diu
1817 2585 1979 2627 exsu-

382 2660 523 2728 lans,
542 2661 589 2694 ⁸ο
615 2661 755 2734 apud
778 2661 1059 2719 Liternum
1084 2664 1340 2734 oppidum
1359 2664 1551 2721 morbo
1579 2664 1762 2738 periit.
1784 2665 1979 2721 Iisdem

381 2755 544 2812 etiam
567 2756 757 2813 diebus
781 2757 1011 2812 Annibal
1039 2758 1182 2829 apud
1215 2759 1454 2814 Prusiam
1483 2757 1748 2831 Bithynia:
1771 2773 1977 2829 regem,

384 2863 561 2903 curua
589 2849 850 2906 Romanis
885 2835 1294 2922 reposceretur,
1332 2867 1545 2908 veneno
1575 2867 1697 2908 sese
1740 2852 1978 2908 necavit.

381 2943 428 2976 “
461 2943 860 3018 Philopoemen,
893 2947 1000 3001 dux
1023 2945 1376 3009 Achivorum,
1403 2962 1434 3003 a
1461 2947 1748 3003 Messeniis
1769 2957 1982 3016 captus,

381 3039 703 3112 occisusque
749 3049 853 3097 est.
901 3039 958 3098 In
1007 3039 1189 3097 Sicilia
1233 3050 1362 3097 tunc
1395 3040 1442 3074 δ’
1489 3040 1718 3097 Vulcani
1777 3039 1980 3108 insula,

2082 1911 2370 1966 transitum
2401 1910 2728 1983 patiebatur.
2762 1911 2947 1983 Itaque
2976 1927 3097 1968 cum
3151 1911 3450 1983 improvide
3485 1920 3597 1970 toto
3627 1923 3682 1969 et

2082 2007 2322 2062 maximo
2348 2005 2506 2063 simul
2556 2007 2773 2078 agmine
2819 2007 3212 2063 inaestimabilis
3267 2007 3546 2066 hominum
3598 2009 3684 2066 vel

2081 2113 2345 2170 equorum
2375 2099 2664 2155 multitudo
2689 2099 2969 2167 transiret,
2998 2100 3322 2157 enormitate
3352 2101 3609 2174 ponderis
3629 2110 3687 2156 et
3727 2127 3732 2130 -

2083 2192 2444 2248 concussione
2471 2191 2835 2262 gradientium
2860 2208 3199 2263 concrepans
3229 2195 3374 2265 gelu,
3396 2205 3446 2251 et
3477 2194 3681 2266 glacia-

2081 2285 2150 2341 lis
2204 2295 2385 2342 crusta
2433 2286 2689 2357 dissiluit,
2721 2286 3139 2358 universumque
3164 2296 3378 2357 agmen,
3407 2287 3550 2359 quod
3592 2287 3687 2345 diu

2082 2381 2438 2448 sustinuerat,
2472 2379 2666 2437 mediis
2690 2379 2992 2454 gurgitibus
3019 2380 3158 2437 victa
3191 2380 3406 2438 tandem
3455 2391 3510 2438 et
3537 2396 3689 2439 com-

2084 2474 2288 2529 minuta
2315 2474 2558 2530 destituit
2579 2493 2590 2504 -
2615 2484 2776 2546 atque
2803 2474 2995 2531 eadem
3027 2488 3216 2531 rursus
3239 2473 3556 2546 fragmentis
3585 2478 3684 2534 im-

2085 2565 2428 2637 pedientibus
2480 2567 2826 2638 superducta,
2859 2569 3175 2624 submersit.
3217 2569 3380 2625 Pauci
3428 2586 3493 2626 ex
3536 2573 3686 2628 omni

2083 2662 2285 2733 populo
2312 2677 2408 2733 per
2439 2669 2722 2732 utramque
2751 2661 2920 2738 ripam
2939 2707 2954 2732 ,
2984 2662 3069 2717 vix
3099 2661 3331 2720 concisis
3363 2663 3688 2730 visceribus,

2085 2766 2397 2813 evaserunt.
2454 2755 2517 2811 P.
2561 2754 2771 2810 Licinio
2820 2755 3012 2811 Crasso
3043 2754 3189 2812 etC.
3229 2756 3417 2812 Cassio
3445 2756 3690 2828 Longino

2085 2850 2464 2909 coirsulibus"
2497 2849 2903 2906 Macedonicum
2957 2849 3159 2904 bellum
3197 2857 3406 2921 gestum
3433 2860 3540 2918 est,
3579 2868 3694 2908 me-

2087 2945 2192 3000 rito
2223 2944 2363 3000 inter
2399 2943 2628 2998 maxima
2661 2942 2803 2998 bella
2842 2942 3204 2998 referendum.
3244 2941 3376 2997 Nam
3407 2943 3459 2998 in
3491 2945 3694 3000 auxilio

2091 3040 2462 3096 Romanorum
2507 3047 2617 3098 tota
2649 3038 2879 3110 primum
2930 3036 3104 3107 Italia,
3139 3037 3336 3100 deinde
3360 3037 3690 3104 Ptolemaeus

1679 3159 2134 3218 llAVEIllIAMPl
2174 3160 2405 3218 ΝΟΤᾹΞ.

459 3277 547 3332 55.
581 3275 806 3352 Fuluius
831 3294 937 3352 cos.
973 3276 1289 3352 depressio.
1321 3280 1480 3334 Anno
1507 3277 1741 3352 abUrbe
1765 3279 1985 3335 condita
2015 3279 2061 3343 C
2093 3279 2268 3352 bitur,
2289 3293 2412 3332 cum
2444 3277 2561 3347 ipse
2585 3277 2694 3334 dux
2714 3275 3072 3352 Philopmmen
3095 3279 3413 3336 «Messenii
3437 3281 3692 3343 dicantur

387 3365 571 3413 nLviv,
630 3350 701 3405 Μ.
763 3349 988 3405 Fulvius
1035 3350 1284 3406 Nobilior
1336 3351 1525 3407 eonsul
1566 3351 1665 3405 fuit
1705 3366 1828 3406 cum
1881 3353 1978 3408 Cu.

390 3423 591 3476 Manlio
619 3421 876 3477 Vulsone.
909 3427 1083 3493 Atque
1107 3423 1176 3477 ab
1206 3424 1328 3486 hoc,
1364 3437 1470 3478 non
1496 3440 1523 3478 a
1558 3422 1750 3478 Fulvio
1782 3424 1984 3478 bellum

391 3496 446 3547 iu
474 3493 824 3563 Gallogrtccia
855 3503 1068 3564 gestum
1101 3495 1286 3550 scribit
1308 3494 1493 3551 Livius
1528 3510 1755 3551 xxxviii.
1790 3495 1986 3550 Florus

391 3565 558 3641 libant
589 3566 1130 3641 c:ip._Il,rAppianus
1158 3568 1209 3620 in
1237 3566 1483 3641 Siriaca.
1521 3568 1596 3622 De
1639 3565 1985 3641 Gallograzcia

392 3635 601 3701 Livius,
631 3649 682 3691 et
708 3635 957 3692 Justinus
991 3639 1083 3694 lib.
1119 3654 1243 3693 xxv.
1271 3638 1438 3694 Fasti.

463 3709 553 3764 δι.
586 3708 886 3764 Graudibus
933 3711 1096 3765 saxis.
1149 3709 1224 3765 Ita
1263 3725 1392 3766 mss.
1426 3710 1601 3766 deleta
1633 3709 1824 3782 copula
1855 3727 1982 3781 que,

391 3796 554 3854 quam
577 3782 709 3854 editi
737 3785 957 3854 quidam
990 3783 1306 3854 admittunt.

467 3853 559 3907 55.
594 3852 835 3907 Contriti.
872 3853 1177 3924 LugdBat.
1208 3863 1386 3926 quart.
1419 3865 1474 3910 et
1499 3855 1588 3912 ed.
1623 3853 1763 3923 Aug.
1792 3855 1983 3926 attriti,

395 3939 517 3995 qum
549 3926 709 3980 lectio
739 3941 956 3995 quoque
995 3925 1271 3981 invenitur
1315 3927 1456 3997 apud
1493 3928 1741 3983 Vinccut.
1775 3925 1982 3981 Bellov.

399 3997 495 4050 lib.
527 4011 601 4062 vt,
633 4013 752 4068 cap.
784 3997 874 4062 58,
898 4000 993 4070 qui
1017 3998 1216 4070 deinde
1247 4002 1322 4054 sic
1356 4001 1549 4070 pergit,
1589 3997 1820 4063 tandem,
1851 4008 1983 4066 etc.,

397 4079 783 4142 perrumpentes
811 4086 876 4124 λι
905 4069 1071 4126 millia
1094 4069 1537 4142 Gallogrtrcoritm
1568 4071 1888 4141 interfecisse
1906 4086 1990 4124 re-

421 4150 658 4196 eruatur.

399 4141 830 4287 frgguglarcius
860 4213 1044 4287 consul
1071 4213 1314 4287 adversus
1343 4213 1464 4287 Lig.
1493 4214 1558 4282 Q.
1594 4213 1831 4270 Marcius
1859 4212 1990 4268 Phi-

401 4283 583 4353 lippus
610 4285 799 4340 consul
830 4300 952 4340 cum
984 4285 1078 4355 Sp.
1111 4285 1386 4341 Postumio
1402 4283 1599 4342 Albino
1630 4300 1772 4341 anno
1801 4301 1986 4340 uvau

403 4358 672 4430 protectus
697 4357 956 4412 adversus
986 4357 1211 4430 Ligures
1234 4373 1482 4430 magnam
1515 4359 1726 4415 cladem
1753 4360 1985 4429 accepit.

399 4425 584 4481 Livius
617 4427 752 4483 libro
776 4445 958 4483 xxxix.
993 4429 1158 4484 FABR.

472 4500 560 4553 57.
602 4499 706 4566 Qui
749 4500 943 4571 legatos
989 4504 1174 4571 populi
1206 4499 1430 4556 Romani
1479 4503 1829 4572 interfecerat.
1864 4500 1988 4557 Phi-

400 4571 580 4641 lippus
608 4587 713 4626 non
747 4573 953 4642 legatos
967 4573 1198 4628 Roman.
1225 4574 1519 4643 interfecit,
1553 4571 1646 4628 sed
1669 4574 1982 4642 Maronitas,

401 4647 596 4712 quibus
628 4643 933 4700 libertatem
961 4647 1350 4701 restituendam
1389 4645 1626 4701 Senatus
1672 4655 1982 4711 censuerat,

2091 3349 2367 3428 quiillugt
2388 3352 2644 3428 ceperint
2673 3351 2815 3428 apud
2843 3349 3116 3428 Iustinum
3148 3353 3240 3408 lib.
3276 3370 3451 3428 snit,
3481 3373 3602 3428 cap.
3631 3361 3684 3415 l.

2162 3420 2255 3478 42.
2282 3419 2520 3496 Vulcani
2561 3419 2758 3488 insula,
2781 3433 2889 3480 etc.
2921 3424 2978 3480 ln
3005 3424 3094 3480 ed.
3125 3428 3264 3496 Aug.
3300 3419 3514 3494 legitur,
3551 3419 3689 3485 Vul-

2091 3496 2243 3549 cania
2272 3493 2469 3558 insula,
2499 3513 2553 3566 q.
2586 3512 2640 3550 a.
2665 3512 2718 3549 n.
2750 3497 2792 3567 f.
2823 3505 3030 3567 repente
3048 3498 3184 3551 mari
3209 3493 3690 3557 edita’cuuradmi-

2093 3567 2581 3642 rationemmniu‘m,
2614 3575 2723 3642 etc.
2757 3569 2861 3622 I’ro
2887 3571 2942 3642 [ιι
2965 3569 3096 3642 mari
3122 3568 3266 3640 quod
3297 3570 3350 3625 in
3392 3571 3546 3642 Vulg.
3579 3585 3683 3640 est,

2094 3635 2265 3710 Lugd.
2297 3637 2440 3692 Batt.
2475 3637 2606 3704 duo,
2637 3639 2788 3695 Metts
2810 3648 2866 3693 et
2888 3635 3167 3707 Perizonl,
3196 3643 3332 3695 mari
3351 3683 3367 3710 ,
3409 3654 3467 3698 ut
3497 3635 3550 3699 Et
3577 3635 3690 3700 tres

2093 3708 2424 3835 Flilll‘fz‘ﬂltllll,
2456 3722 2620 3781 atque
2642 3710 2766 3766 edd.
2801 3711 3046 3766 Venetae.
3072 3711 3254 3782 Itaque
3276 3708 3412 3784 ejeci
3462 3716 3516 3770 in
3543 3717 3688 3788 quod

2093 3795 2122 3835 a
2163 3798 2232 3835 un
2275 3795 2304 3834 a
2336 3821 2349 3835 .

2091 3783 2349 3836 abundat.

2161 3851 2252 3907 45.
2288 3854 2352 3918 ρ.
2379 3851 2604 3908 Fulvius
2634 3852 2880 3909 Flaccus.
2903 3854 2999 3910 llic
3023 3853 3271 3910 B:ebioet
3291 3855 3514 3912 Emilio
3537 3872 3685 3916 coss.

2091 3929 2572 3998 practorrsortitus
2627 3926 2940 3998 Hispaniam
2993 3929 3304 3982 citeriorem
3347 3944 3494 3985 anno
3545 3932 3690 3987 insc-

2091 3997 2281 4066 quenti
2309 3996 2611 4052 Celtiberos
2656 3996 2818 4065 vicit,
2844 3997 3028 4054 Livius
3061 3999 3157 4053 lib.
3204 4015 3292 4054 XL.
3326 4000 3604 4067 Appianus
3632 4005 3685 4058 in

2094 4071 2401 4141 lliSpaujcis
2431 4084 2548 4124 rem
2584 4079 2791 4141 gestam
2823 4070 3012 4125 scribit
3043 4089 3070 4124 a
3103 4069 3293 4126 Fulvio
3325 4073 3606 4141 Consule,
3639 4078 3684 4130 si

2091 4145 2254 4194 modo
2280 4139 2541 4196 Bcraldus
2573 4139 2721 4198 recte
2749 4143 2930 4210 vertit,
2969 4157 3090 4197 nam
3110 4142 3363 4198 Graecum
3395 4139 3599 4201 librum
3618 4147 3685 4204 ab

2093 4212 2327 4283 Ilenricp
2359 4213 2641 4283 Stephano
2666 4212 2870 4268 editum
2907 4214 3141 4268 nondum
3167 4215 3297 4270 vidi.
3334 4213 3500 4273 FABR.

2161 4285 2253 4338 44.
2288 4282 2484 4356 Yiginti
2512 4286 2610 4339 tria
2640 4284 2833 4356 millia.
2862 4285 3025 4355 Aug.,
3071 4302 3240 4342 χχχιιι
3274 4286 3463 4343 millia.

2164 4355 2254 4411 45.
2287 4353 2372 4410 Ti}
2409 4356 2750 4423 Sempronius
2793 4353 3085 4412 Gracchus.
3115 4358 3390 4414 Gracchus
3406 4357 3600 4416 Fulvio
3632 4361 3689 4419 in

2092 4426 2351 4554 Bispg‘nia
2383 4427 2669 4496 successit,
2699 4438 2924 4485 auctore
2942 4429 3208 4501 Appiano.
3227 4429 3363 4486 Vide
3381 4431 3688 4501 Epitomam

2092 4515 2201 4554 xu.
2277 4515 2398 4554 aen.

2091 4515 2201 4556 XLI.
2233 4515 2398 4555 ΓΔΕΒ.

2163 4570 2256 4627 46.
2278 4572 2496 4646 Centum
2524 4573 2745 4644 quinque
2769 4573 2984 4644 oppida.
3016 4573 3155 4646 Edd.
3185 4583 3316 4629 vett.
3359 4575 3547 4646 plures
3571 4593 3691 4631 cen-

2097 4654 2201 4698 tum
2229 4645 2626 4718 quinquaginta.
2665 4647 2782 4700 Duo
2810 4662 2874 4700 ex
2907 4662 3037 4700 mss.
3075 4645 3248 4718 Lugd.
3284 4645 3424 4704 Bait.
3459 4657 3692 4703 centum-

401 4696 696 4788 crudeliter
714 4696 1044 4788 ivuenum;
1057 4696 1182 4772 ’1.ῑῖσῖ
1193 4696 1254 4772 ag
1270 4696 1370 4770 liii.
1391 4696 1698 4773 ἱᾷὶῖιῖὒὲ
1711 4696 1990 4773 senatus
2018 4696 2070 4758 D
2094 4696 2618 4788 quatiam-3'.muas;

405 4785 693 4910 gite;'I8(‘lI;‘0
741 4787 880 4843 idern
916 4789 1040 4844 libr.
1091 4805 1179 4855 ιι,
1227 4799 1281 4845 et
1312 4790 1639 4845 Plutarchus
1685 4789 1738 4844 in
1771 4789 1992 4845 ASmiIio

445 4872 514 4909 ιὶιι
539 4871 591 4910 0.
673 4875 792 4910 ABR.

445 4871 591 4911 aulo.
628 4871 792 4913 ινΑιιιι.

403 4998 420 5054 1
603 4926 732 4984 Filii
761 4932 861 4984 sui.
900 4931 951 4984 in
999 4930 1168 5003 Lugd.
1218 4931 1359 4987 Batt.
1393 4932 1604 4988 duobus
1635 4932 1733 5001 ﬁlii
1783 4940 1994 4990 tantum

425 5015 508 5054 cur
540 5016 622 5054 ur.

425 5010 622 5070 egttur.

439 5071 567 5198 deli.
603 5072 1000 5198 Πίιέιεπιιιιαηε.
1040 5073 1306 5132 Exsulare
1338 5089 1528 5132 vocem
1575 5075 1811 5148 priorem
1844 5075 1998 5148 jubet

483 5183 494 5196 .
577 5159 677 5198 uau
740 5186 753 5198 .
803 5163 809 5176 ι

402 5155 494 5200 eo.
529 5155 753 5200 AtllllSl.
803 5163 809 5176 ‘

478 5159 757 5289 binim
771 5215 1056 5294 Liternum.
1078 5219 1151 5275 De
1174 5217 1411 5294 Africani
1443 5229 1620 5294 morte
1649 5221 1769 5294 lege
1784 5220 1994 5294 Livium

408 5287 536 5364 libr.
560 5287 758 5364 suis.
812 5288 912 5364 Ubi
963 5293 1126 5347 etiam
1159 5292 1441 5364 Annibalis
1490 5304 1542 5349 et
1575 5287 1998 5364 Plriltiptnmgnis

409 5361 689 5433 interitum
714 5361 928 5427 scribit,
961 5363 1418 5433 quemadmodum
1447 5361 1767 5421 Plutarchus
1800 5367 1851 5418 in
1876 5363 1999 5419 Fla-

411 5429 693 5504 miniuoiet
724 5429 1145 5504 Philopoemene,
1179 5434 1376 5490 Justiu.
1409 5438 1534 5493 libr.
1566 5453 1735 5492 xxxii.
1772 5436 1940 5492 Fann.

483 5504 573 5558 41.
607 5502 1040 5575 Philopoemen”,
1104 5506 1224 5560 Dux
1274 5507 1605 5573 Achivorum,
1659 5525 1691 5562 a
1744 5507 2000 5563 Messenia

411 5585 594 5643 captus
621 5579 917 5645 occisusque
945 5589 1040 5632 est.
1078 5578 1143 5633 In
1177 5578 1361 5633 Sicilia
1393 5590 1536 5634 tunc.
1571 5581 1820 5635 Demiror
1859 5580 1998 5634 Mar-

411 5648 745 5722 c‘uduranum
781 5651 866 5722 hic
900 5666 1006 5704 non
1038 5651 1240 5705 vidisse
1288 5651 1512 5717 vitium,
1545 5652 1765 5722 qttando
1815 5654 2000 5705 turba-

415 5719 620 5773 tissime
653 5722 799 5774 hunc
827 5721 1005 5776 locum
1032 5723 1146 5776 istis
1178 5719 1618 5778 distinctionibus
1661 5723 1895 5778 ediderit
1927 5741 1939 5776 :
1973 5739 2006 5776 α

418 5786 672 5864 Mes-sanis
721 5802 933 5862 captus,
995 5794 1297 5864 occisusque
1339 5804 1414 5850 est
1470 5795 1524 5850 in
1575 5795 1780 5851 Sicilia.
1829 5794 2004 5850 Laur.

420 5887 488 5899 --
519 5858 808 5932 l’erpcrarn
838 5880 1050 5936 quoque
1077 5858 1490 5936 Pltitbprentenes
1519 5873 1574 5924 et
1593 5865 1849 5923 Messenia
1875 5867 2010 5924 scri-

2316 4789 2655 4860 Expugnavit
2716 4797 2766 4843 et
2829 4789 2986 4860 cepit.
3034 4789 3218 4857 Meus,
3274 4792 3592 4864 Oppugnavit
3645 4801 3694 4846 et

2300 4931 2499 5015 Lepido
2520 4941 2566 4986 et
2588 4930 2766 5015 Mucio
2811 4947 2942 5015 coss.
3083 4932 3335 4990 Emilius
3367 4934 3602 5015 Lepidus
3631 4943 3699 5015 _et

2099 5003 2160 5059 P.
2192 5005 2396 5058 Mucius
2417 5003 2660 5060 Scaevola
2691 5005 2944 5060 consules
2989 5007 3206 5063 luerunt
3259 5021 3405 5062 anno
3447 5003 3523 5062 ab
3553 5005 3699 5063 Urbe

2099 5075 2315 5130 condita
2346 5089 2605 5131 nuxvm.
2635 5075 2802 5133 FABB.

2174 5146 2265 5202 49.
2298 5145 2676 5221 Βαειενιιανιιηι
2717 5163 2860 5221 θεησέ
2892 5146 3042 5205 Hanc
3067 5157 3283 5221 gentem
3314 5149 3556 5220 aliasque
3577 5149 3702 5206 lini-

2105 5218 2265 5292 tirnas
2314 5219 2479 5292 I5tro,_
2511 5223 2632 5292 jam
2661 5229 2789 5292 a_nte
2831 5218 3316 5292 Perseigtempora
3373 5218 3525 5292 pater
3581 5222 3700 5292 ejus

2105 5290 2398 5365 Philippus
2417 5289 2483 5346 ad
2509 5290 2647 5347 bella
2665 5289 2915 5365 Romana
2945 5289 3549 5365 sollicitaveratjvide,
3579 5289 3701 5365 qua:

2105 5363 2174 5438 de
2199 5363 2263 5418 iis
2294 5361 2612 5438 scripsimus
2662 5363 2715 5418 iu
2761 5364 2941 5434 Opere
2993 5363 3183 5436 Majori
3215 5365 3268 5418 in
3293 5363 3410 5419 Vita
3443 5361 3700 5438 Philippi,

2107 5434 2364 5490 Demetrii
2400 5433 2515 5488 lilii.

2179 5506 2269 5581 ξι).
2305 5507 2430 5581 Sine
2452 5506 2563 5581 ulla
2583 5522 2776 5581 pugna.
2802 5505 3039 5581 Longob.
3073 5523 3151 5576 pr.
3181 5508 3292 5581 sine
3306 5508 3482 5581 aliqua
3506 5525 3703 5581 pugna.

2179 5579 2266 5634 51.
2307 5577 2701 5633 Macedonicum
2748 5577 2957 5632 bellum.
2987 5577 3298 5634 Secundum
3347 5577 3546 5635 bellum
3578 5577 3707 5634 'Ma-

2110 5650 2412 5704 cedonicum
2439 5653 2665 5719 exponit
2713 5650 2897 5722 Livius
2949 5649 3089 5703 libru
3120 5666 3209 5705 xu
3265 5663 3319 5706 et
3349 5663 3582 5722 quatuor
3620 5669 3708 5709 se-

2113 5723 2424 5790 quentibus.
2483 5723 2559 5778 De
2589 5723 2779 5777 eodem
2827 5721 3101 5793 Plutarch.
3143 5723 3197 5777 in
3251 5721 3475 5778 lEmiIio
3516 5723 3706 5793 Paulo,

2119 5794 2312 5849 Florus
2341 5794 2436 5849 lib.
2466 5809 2504 5848 ιι
2535 5808 2658 5864 cap.
2690 5794 2780 5858 12,
2811 5792 3101 5864 Eutropius
3130 5793 3272 5850 libro
3301 5810 3374 5851 tv.
3401 5794 3480 5856 De
3497 5792 3710 5856 auxiliis

2119 5867 2401 5938 utriusque
2423 5865 2611 5937 partis,
2637 5864 2820 5924 Livius
2851 5865 2977 5924 libr.
3003 5880 3132 5926 sui.
3165 5866 3331 5925 FABR.
