4092 6346
392 284 500 346 οιτ

1501 282 1975 344 HISTORIARUH
2008 282 2217 343 LIBER
2257 283 2320 340 V.
2361 280 2517 341 CAP.
2558 283 2604 344 Ι.

395 399 451 456 in
474 397 758 470 pulverem
786 396 1148 465 comminuto,
1178 397 1666 471 septimentesime
1696 407 1821 469 post
1840 412 1986 455 anno
2015 402 2067 465 Α
2093 397 2150 454 in
2178 397 2482 470 languidam
2513 398 2798 470 segnitiem
2820 401 3123 458 securitate
3160 410 3323 473 atque
3363 404 3476 461 otio
3505 405 3691 478 solve;

405 508 571 565 quam
593 491 810 550 condita
837 501 976 548 erat.
1000 490 1285 548 Multitudo
1313 492 1493 547 omnis
1511 491 1875 563 captivorum,
1903 506 1993 547 cx-

391 589 569 659 ceptis
593 588 781 657 paucis
805 585 1169 658 principibus,
1188 584 1514 643 venumdata
1538 593 1640 641 est.
1658 585 1678 616 ⁷
1695 583 1770 639 ita
1793 592 1992 655 quarto

398 696 560 752 quam
592 680 889 753 inemptum
918 678 1026 735 fuit
1050 693 1214 746 anno,
1244 678 1447 735 bellum
1471 677 1733 735 Punicum
1762 675 1988 732 tertium

395 775 736 832 terminatum
749 780 858 832 est.
872 772 979 831 Sed
998 773 1125 831 mihi
1143 770 1984 845 quamlibetstudiosequmrenti,

405 878 779 925 verumtamen
807 866 1013 924 homini
1047 866 1301 923 tardioris
1323 866 1545 938 ingenii,
1575 879 1843 936 nusquam
1865 879 1988 920 om-

399 959 533 1017 nino
560 975 725 1019 causa
752 960 880 1017 belli
908 959 1095 1017 Punici
1124 960 1292 1027 tertii,
1326 972 1487 1030 quam
1526 958 1580 1014 in
1614 966 1821 1014 tantum
1852 956 1987 1013 Car-

394 1056 563 1126 thsgo
590 1054 932 1119 accenderit,
963 1054 1187 1126 utjuste
1216 1053 1396 1111 everti
1424 1052 1841 1116 decerneretur,
1869 1049 1988 1106 elu~

390 1151 492 1208 sit.
519 1148 770 1220 llludque
794 1164 883 1207 me
913 1148 999 1206 vel
1030 1147 1272 1206 maxime
1302 1154 1504 1216 movet,
1533 1145 1679 1217 quod
1708 1144 1758 1201 si
1789 1144 1895 1214 ita,
1925 1153 1987 1201 ut

387 1247 443 1303 in
468 1246 847 1318 superioribus
868 1244 1034 1303 bellis
1059 1244 1287 1302 evidens
1328 1244 1385 1300 in
1412 1253 1790 1317 assurgentem
1819 1254 1985 1303 causa

387 1347 444 1396 et
486 1338 648 1397 dolor
672 1337 1030 1403 amendabat,
1059 1335 1466 1394 consultatione
1508 1352 1621 1394 non
1664 1348 1805 1404 opus
1832 1340 1981 1390 erat.

386 1437 459 1488 At
483 1446 618 1490 vero
646 1434 670 1468 ⁸
704 1447 830 1490 eum
856 1431 953 1487 alii
981 1429 1350 1488 Romanorum
1394 1438 1617 1502 propter
1653 1436 1975 1501 perpetuam

383 1524 575 1583 Romae
603 1526 953 1584 securitatem
990 1524 1281 1583 delendam
1316 1539 1442 1582 esse
1469 1523 1850 1591 decernerent,
1882 1521 1982 1581 alii

383 1632 515 1676 vero
548 1628 771 1692 propter
802 1627 1124 1691 perpetuam
1179 1618 1440 1675 Romamn
1496 1615 1713 1673 virtutis
1749 1629 1965 1684 curam,

381 1717 403 1750 ⁸
432 1729 556 1787 qum
592 1713 700 1773 sibi
739 1728 957 1787 semper
980 1729 1047 1771 ex
1076 1712 1387 1785 suspicione
1425 1710 1638 1768 aemula
1678 1710 1829 1767 urbis
1874 1711 1979 1768 im-

2093 501 2264 558 retur,
2294 488 2625 547 incolumem
2648 488 3038 563 Carthaginem
3062 498 3229 551 statui
3250 509 3349 552 suo
3375 500 3687 566 permitten-

2091 586 2215 643 dam
2243 599 2367 642 esse
2397 595 2686 644 censerent
2716 604 2728 642 :
2762 602 2987 643 causam
3030 604 3140 645 non
3180 604 3247 645 ex
3283 591 3477 660 injuria
3515 592 3688 660 laees-

2091 680 2326 737 sentium
2353 680 2907 751 Carthaginiensium,
2939 681 3034 738 sed
3062 697 3136 738 ex
3170 682 3538 739 inconstantia
3570 694 3689 739 tor-

2091 775 2429 847 pescentium
2464 774 2832 831 Romanorum
2875 784 3052 831 ortam
3082 775 3325 832 invenio.
3372 776 3529 844 Quod
3560 793 3685 834 cum

2090 868 2164 925 ita
2188 867 2279 934 sit,
2312 882 2410 924 cur
2433 866 2766 924 Christianis
2797 867 3138 939 temporibus
3169 868 3440 939 imputant
3462 869 3689 926 hebeta-

2092 962 2295 1021 tionem
2324 977 2389 1017 ac
2430 961 2735 1033 rubiginem
2781 977 2958 1030 suam,
2989 977 3096 1034 qua
3128 960 3263 1019 foris
3296 962 3493 1031 crassi,
3540 961 3688 1019 intus

2089 1060 2238 1118 exesi
2267 1059 2435 1116 sunt?
2474 1059 2569 1130 qui
2598 1074 2765 1131 porro
2798 1048 2937 1123 ante
2971 1067 3271 1116 sexcentos
3307 1058 3425 1117 fere
3463 1076 3641 1116 annos
3669 1104 3686 1129 ,

2085 1154 2228 1211 sicut
2268 1155 2354 1210 sui
2381 1153 2546 1227 283
2571 1152 2865 1225 prudentes
2890 1140 3256 1225 timentesque
3290 1153 3683 1225 praedixerant,

2086 1255 2264 1304 cotem
2289 1247 2438 1304 illam
2465 1262 2715 1319 magnam
2742 1247 3053 1320 splendoris
3071 1257 3129 1305 et
3149 1247 3418 1306 acuminis
3445 1249 3528 1306 sui
3547 1247 3679 1306 Car-

2099 1342 2376 1416 thaginem
2422 1340 2796 1414 perdiderunt.
2845 1341 3035 1413 itaque
3083 1342 3245 1399 tinem
3294 1343 3561 1400 volumini
3606 1342 3689 1399 fa-

2084 1435 2248 1505 ciam,
2279 1451 2348 1492 ue
2384 1434 2613 1493 forsitan
2641 1434 2958 1492 collidendo
2989 1435 3388 1507 vehementius,
3435 1436 3686 1495 discussa

2083 1528 2152 1585 ad
2180 1537 2398 1599 tempus
2420 1527 2695 1597 rubigine,
2727 1528 2817 1584 ubi
2842 1527 3221 1593 necessarium
3235 1542 3464 1587 acumen
3486 1527 3690 1586 elicere

2082 1632 2194 1678 non
2238 1635 2483 1691 possum,
2512 1634 2917 1693 supervacuam
2954 1619 3310 1691 asperitatem
3353 1621 3628 1678 inveniam
3662 1637 3682 1680 :

2082 1728 2408 1786 quamquam
2446 1712 2758 1770 ohviantem
2801 1711 3153 1785 asperitatem
3195 1728 3537 1785 nequaquam
3584 1728 3681 1770 ex-

380 1809 668 1883 penderet,
692 1823 762 1868 ne
786 1809 943 1884 vigor
957 1808 1242 1868 Romanus
1266 1806 1425 1866 bellis
1439 1802 1658 1879 semper
1678 1804 1980 1876 exercitus,
2011 1799 2061 1865 Β
2088 1821 2463 1879 pavescerem,
2493 1804 2539 1862 si
2572 1804 2854 1865 interioris
2884 1818 3037 1876 spem
3062 1804 3333 1862 acuminis
3362 1802 3686 1862 invenirem.

1667 1939 2120 2002 HAVERCAMPI
2159 1941 2393 2001 NOTAE.

450 2074 504 2131 7.
544 2071 633 2129 Ita
658 2081 1063 2147 quartothtam.
1103 2067 1205 2139 Qui
1248 2068 1388 2147 hanc
1414 2066 1771 2131 locutionem,
1804 2079 1966 2147 quam

373 2160 569 2202 omnes
595 2139 725 2202 ms's.
758 2139 998 2199 melioris
1026 2154 1168 2198 notae
1200 2139 1542 2206 conﬁrmant,
1572 2153 1678 2192 non
1713 2145 1969 2208 putarunt

372 2220 659 2285 usitatam,
684 2224 960 2273 mutarunt
980 2229 1133 2285 quam
1159 2213 1214 2267 in
1244 2216 1610 2285 postquannut
1638 2207 1837 2285 factum
1867 2207 1969 2265 fuit

374 2290 435 2345 in
465 2281 669 2361 aliquot
693 2305 759 2345 ex
789 2281 1131 2361 vetustJedd.
1152 2300 1171 2361 ;_
1193 2281 1289 2340 sed
1316 2283 1455 2361 Aug.
1479 2296 1585 2338 ms.
1599 2281 1726 2338 cod.
1752 2289 1964 2361 secuta,

374 2361 517 2418 nihil
545 2352 793 2418 mutavit.
828 2360 931 2415 Pro
952 2359 1266 2414 venumdata
1287 2356 1441 2410 multi
1467 2368 1597 2409 mss.
1622 2363 1679 2409 et
1698 2352 1827 2409 edd.
1851 2368 1968 2408 ocn-

375 2434 489 2489 dita
511 2433 744 2499 malunt,
772 2442 827 2488 ut
857 2441 911 2487 et
935 2441 1159 2501 coeptum
1187 2443 1285 2499 pro
1309 2427 1610 2501 inemptum.

445 2505 498 2561 8.
544 2504 673 2561 Cum
703 2496 797 2559 alii
825 2496 1039 2577 propter
1074 2496 1379 2577 perpetuam
1409 2496 1593 2552 Roma:
1617 2496 1968 2577 securitatem.

374 2576 545 2648 Hujus
594 2568 881 2633 sementim
924 2568 1118 2648 auctor
1153 2568 1211 2648 et
1250 2571 1525 2648 princeps
1544 2580 1667 2624 erat
1698 2568 1969 2648 _Ii._Canm,

370 2637 664 2705 contraria:
689 2648 908 2713 Nasica,
936 2645 1130 2703 Livius
1154 2637 1268 2702 lib:
1285 2637 1753 2712 xur,Plutarcb.
1787 2640 1843 2696 in
1866 2637 1972 2696 Ca.

373 2728 504 2792 tone
534 2720 761 2792 majore.
789 2718 956 2777 FABR.

444 2791 499 2849 9.
542 2780 672 2860 Quin
711 2791 810 2848 sibi
848 2805 1071 2864 semper,
1113 2794 1225 2846 etc.
1268 2783 1325 2843 in
1356 2783 1539 2843 verbis
1580 2782 1732 2841 hisce
1762 2780 1970 2855 aliquid

2071 2064 2275 2121 ulceris
2315 2063 2488 2122 latere
2524 2072 2674 2136 puto.
2718 2062 2850 2120 Nam
2891 2078 2990 2133 pro
3033 2079 3150 2135 quin
3180 2062 3303 2120 cod.
3337 2061 3585 2136 Longob.
3618 2068 3678 2119 et

2071 2136 2163 2192 alii
2190 2136 2468 2201 meliores,
2491 2135 2551 2193 ut
2573 2148 2625 2191 et
2646 2137 2769 2191 edd.
2796 2143 3025 2192 vetustte
3044 2150 3237 2191 omnes
3260 2135 3463 2191 habent
3494 2150 3675 2204 quam.

2071 2207 2226 2281 blulti
2253 2223 2471 2279 quoque
2493 2224 2558 2264 ex
2585 2207 2779 2281 iisdem
2801 2206 3181 2281 impenderent,
3209 2222 3306 2276 pro
3334 2206 3677 2281 impenderet.

2077 2279 2233 2336 Unde
2259 2281 2546 2352 locumpsic
2567 2280 2807 2352 corrigo,
2830 2279 2990 2352 quam
3013 2279 3133 2352 sibi,
3161 2288 3296 2352 etc.,
3323 2279 3683 2352 intenderent;

2072 2354 2331 2408 virtutem
2365 2351 2603 2419 scilicet,
2634 2350 2794 2421 cujus
2819 2350 3154 2406 contrarium
3185 2351 3483 2405 intendetur
3506 2366 3687 2421 socor-

2074 2424 2165 2495 dia
2195 2423 2443 2479 occurrit
2470 2425 2616 2495 apud
2648 2419 2895 2495 Tacitum
2939 2422 3140 2495 Annal.
3165 2422 3259 2479 lib.
3301 2438 3362 2489 ll,
3400 2436 3526 2495 cap.
3566 2419 3676 2495 5_9:

2075 2493 2399 2567 Languescet
2420 2490 2617 2567 alioqui
2646 2494 2932 2562 industria,
2960 2494 3263 2549 intendetur
3284 2490 3676 2567 socordiaLIn-

2075 2562 2284 2638 tend'ere
2328 2567 2416 2621 ltic
2445 2562 2553 2637 pro
2580 2581 2812 2636 augere,
2842 2581 3192 2638 promovere,
3237 2567 3492 2622 sumitur.
3520 2562 3683 2621 Simi-

2086 2639 2212 2695 liter
2236 2637 2463 2695 Orosius
2490 2653 2654 2709 supra
2687 2638 2780 2694 lib.
2811 2637 2890 2705 ut,
2923 2652 2980 2709 p.
3007 2637 3148 2696 149:
3173 2638 3491 2709 Susceptum
3520 2650 3679 2709 nego-

2076 2712 2208 2767 tium
2238 2709 2442 2784 duplici
2462 2726 2590 2766 cura
2617 2710 2938 2767 intendebat.

2214 2810 2241 2833 χ

1365 3031 1851 3145 LIBER
1929 3032 2031 3163 ρ
2052 2948 2675 3144 UINTUS.

788 3358 955 3436 235
979 3355 1210 3418 CAPUT
1253 3349 1539 3415 ramum.

379 3520 738 3576 Romanorum
799 3536 893 3592 per
953 3518 1178 3592 aliorum
1242 3516 1425 3592 clades
1481 3514 1789 3592 felicitatem
1854 3513 1974 3585 plus

441 3593 618 3647 damni
643 3588 1075 3664 qunm'commodi
1095 3605 1268 3645 secum
1291 3589 1545 3655 traxisse;
1576 3588 1701 3642 item
1728 3600 1826 3643 sua
1845 3595 1973 3641 tem-

441 3681 571 3737 pora
592 3663 858 3735 prioribus
884 3664 1111 3737 potiora.

440 3819 567 3877 Scio
614 3819 924 3891 aliquantus
989 3826 1110 3890 post
1152 3816 1274 3874 haec
1334 3815 1602 3887 deinceps
1657 3811 1973 3887 permoveri

374 3927 557 3983 posse,
586 3913 730 3982 quod
752 3912 997 3968 victoria:
1031 3912 1291 3966 Romana:
1319 3909 1609 3966 multarum
1633 3908 1880 3980 gentium
1913 3916 1971 3963 et

367 4007 649 4062 civitatum
679 4017 862 4077 strage
899 4006 917 4038 ‘
949 4003 1308 4060 crebrescunt
1343 4019 1356 4057 :
1402 4015 1565 4073 quam
1596 4000 1644 4056 si
1673 3999 1970 4070 diligenter

367 4101 389 4131 ³
420 4098 735 4168 attendant,
780 4100 906 4170 plus
935 4096 1119 4154 damni
1147 4094 1428 4151 invenient
1458 4092 1728 4150 accidisse
1754 4135 1770 4160 ,
1805 4105 1967 4164 quam

362 4191 661 4258 commodi,
685 4204 860 4263 neque
886 4189 1030 4248 enim
1061 4187 1501 4261 parvipendenda
1531 4195 1663 4243 sunt
1690 4194 1773 4243 tot
1816 4186 1964 4244 bella

372 4285 618 4351 servilia,
646 4284 899 4363 socialia,
931 4283 1133 4348 civilia,
1162 4281 1535 4353 fugitivorum,
1561 4281 1833 4338 nullorum
1860 4282 1965 4338 uti-

364 4392 470 4448 que
511 4379 814 4446 fructuum,
874 4385 932 4434 et
987 4392 1306 4449 magnarum
1352 4388 1531 4436 tamen
1587 4378 1959 4435 miseriarum.

364 4468 388 4501 ³
415 4469 522 4528 Sed
548 4471 841 4541 conniveo,
863 4480 941 4541 ut,
964 4470 1422 4544 quemadmodum
1447 4472 1657 4541 volunt,
1690 4472 1765 4529 ita
1792 4471 1961 4530 fuisse

364 4561 388 4593 ⁸
415 4562 693 4634 videatur,
737 4564 879 4621 unde
922 4565 1165 4623 arbitror
1201 4580 1323 4623 esse
1348 4566 1594 4625 dicturos
1624 4583 1640 4621 :
1677 4565 1701 4599 ⁸
1746 4564 1957 4638 Ecquid

360 4654 452 4710 his
490 4656 824 4727 temporibus
864 4656 1099 4728 beatius,
1149 4658 1345 4730 quibus
1379 4658 1624 4716 continui
1672 4658 1959 4732 triumphi,

362 4748 610 4807 celebres
641 4751 925 4821 victoriae;
956 4751 1154 4809 divites
1184 4752 1382 4826 praeda:
1404 4793 1421 4821 ,
1448 4754 1660 4811 nobiles
1689 4770 1901 4826 pompae
1926 4799 1941 4827 ,

1999 3350 2046 3417 C
2075 3359 2264 3423 gentes
2296 3350 2459 3426 285
2495 3351 2838 3425 agebantur?
2873 3350 3082 3423 Quibus
3111 3349 3352 3408 breviter
3381 3348 3675 3423 responde-

2075 3443 2245 3511 bitur,
2277 3454 2332 3500 et
2362 3446 2509 3516 ipsos
2538 3445 2606 3502 de
2636 3445 2973 3517 temporibus
3002 3444 3178 3501 solere
3208 3444 3459 3510 causari,
3491 3450 3546 3499 et
3572 3456 3674 3499 nos

2076 3553 2174 3611 pro
2216 3538 2410 3595 iisdem
2451 3538 2789 3611 temporibus
2830 3538 3131 3594 instituisse
3158 3550 3466 3593 sermonem
3496 3551 3511 3589 :
3543 3549 3667 3606 qum

2076 3639 2318 3701 tempora
2345 3645 2450 3685 non
2475 3629 2565 3686 uni
2591 3639 2798 3687 tantum
2825 3631 2941 3686 urbi
2968 3629 3247 3696 attributa,
3272 3627 3366 3683 sed
3397 3625 3519 3681 orbi
3544 3625 3667 3682 uni-

2075 3737 2237 3778 verso
2275 3731 2491 3778 constat
2536 3738 2659 3780 esse
2689 3723 3027 3779 communia.
3068 3719 3215 3799 Ecce
3242 3734 3405 3791 quam
3437 3717 3670 3774 feliciter

2072 3815 2244 3873 Roma
2277 3817 2466 3881 vincit,
2502 3824 2609 3873 tam
2637 3816 2937 3873 infeliciter
2966 3814 3232 3887 quidquid
3261 3822 3411 3869 extra
3438 3810 3671 3868 Romam

2071 3920 2188 3981 est,
2219 3909 2477 3966 vincitur.
2505 3908 2703 3977 Quanti
2736 3909 2899 3981 igitur
2923 3907 3215 3980 pandenda
3245 3914 3329 3963 est
3371 3913 3524 3977 gutta
3550 3902 3671 3960 hmo

2072 4003 2357 4059 laboriosa:
2380 4002 2676 4068 felicitatis,
2704 4003 2791 4058 cui
2818 4002 3112 4059 ascribitur
3127 4000 3292 4057 unius
3314 3997 3466 4055 urbis
3491 3997 3667 4054 beati-

2071 4097 2201 4154 tudo
2229 4098 2281 4153 in
2312 4104 2458 4153 tanta
2486 4097 2628 4153 mole
2657 4094 3024 4164 infelicitatis,
3058 4109 3156 4167 per
3184 4109 3347 4167 quam
3373 4093 3552 4165 agitur
3582 4100 3665 4147 to-

2071 4191 2180 4247 tius
2207 4191 2357 4247 orbis
2382 4190 2643 4247 eversio?
2668 4189 2782 4247 Aut
2801 4190 2846 4247 si
2875 4190 3001 4246 ideo
3020 4186 3202 4246 felicia
3232 4194 3512 4259 putantur,
3538 4183 3664 4258 quia

2068 4284 2231 4340 unius
2251 4283 2491 4340 civitatis
2512 4297 2648 4356 epes
2672 4292 2847 4340 aucta:
2873 4290 3023 4347 sunt,
3055 4294 3155 4338 cur
3179 4295 3288 4337 non
3320 4280 3504 4351 potius
3529 4277 3550 4310 ⁷
3582 4279 3667 4334 in-

2067 4376 2385 4435 felicissima
2420 4377 2770 4451 iudicentur,
2801 4377 3002 4451 quibus
3030 4374 3331 4433 miserabili
3357 4373 3665 4431 vastatione

2066 4474 2358 4529 multarum
2384 4473 2406 4506 ⁸
2430 4487 2495 4529 ac
2521 4473 2661 4530 bene
2701 4472 3076 4528 institutarum
3117 4467 3365 4542 gentium
3390 4467 3666 4540 potentis-

2064 4567 2204 4622 sima
2226 4581 2395 4639 regna
2432 4564 2787 4622 ceciderunt?
2815 4562 2900 4622 An
2925 4564 3071 4622 forte
3099 4563 3248 4619 aliud
3273 4572 3405 4620 tunc
3429 4560 3663 4618 Cartha-

2064 4661 2181 4734 gini
2203 4661 2512 4729 videbatur,
2554 4674 2677 4717 cum
2708 4670 2833 4732 post
2876 4672 3051 4716 annos
3086 4666 3310 4715 centum
3340 4665 3398 4713 et
3442 4654 3657 4727 viginti,

2053 4755 2252 4827 quibus
2290 4754 2457 4812 modo
2496 4754 2766 4812 bellorum
2811 4754 3018 4822 clades,
3065 4752 3230 4810 modo
3273 4751 3424 4824 pacis
3473 4748 3664 4806 condi-

358 4843 739 4915 magni'aute
764 4857 986 4903 currum
1033 4860 1231 4920 reges,
1272 4855 1330 4905 et
1357 4846 1522 4919 longo
1564 4847 1764 4905 ordine
1791 4849 1949 4906 victm
2055 4851 2234 4908 tiones
2283 4850 2709 4924 perhorrescens
2742 4890 2759 4918 ,
2808 4852 2832 4885 ⁸
2880 4863 3033 4907 nunc
3080 4847 3279 4907 rebelli
3324 4843 3652 4912 intentione,

1647 5008 2099 5070 llAVERCAMPl
2140 4980 2373 5071 Nam.

431 5125 563 5184 Car.
594 5124 640 5184 Ι.
670 5127 812 5185 -1.
835 5125 1193 5185 Crebrescunt.
1221 5126 1324 5185 Ed.
1350 5126 1519 5197 Aug.,
1554 5134 1843 5183 creverunt.

2131 5127 2187 5183 5.
2211 5125 2419 5200 Ecquid
2444 5124 2525 5182 his
2542 5127 2887 5200 temporibus.
2938 5125 3071 5200 Mss.
3106 5124 3311 5195 passim
3358 5138 3552 5200 omnes
3571 5166 3588 5193 ,
3614 5132 3664 5181 et

430 5197 489 5299 Ξ·
516 5200 851 5299 ⁸2⁸1³13³³2)
868 5199 1040 5270 ¹⁴⁰⁸⁴¹’
1069 5199 1209 5255 Bm“
1239 5196 1476 5271 “mm”
1502 5214 1624 5256 °“‘“
1654 5198 1791 5257 ⁸ου·
1817 5198 1953 5257 θ’θ’
1980 5237 2036 5299 D
2059 5199 2189 5299 qui?
2218 5196 3519 5299 ’i‘f.ﬂ’lﬂfi’f3253?}?“szs'iifff'ﬂf’ff‘f‘f‘;

361 5285 518 5333 nov..
548 5274 870 5343 appendant.

432 5343 487 5399 3.
511 5343 620 5399 Sed
649 5345 914 5400 conniveo.
940 5357 1077 5399 mss.
1107 5342 1226 5400 fere
1249 5358 1441 5400 omnes
1461 5345 1693 5400 cohibeo.
1721 5342 1778 5398 ln
1803 5342 1952 5398 Flor.

363 5429 451 5488 pr.
479 5414 593 5470 haec
618 5416 823 5488 pagella
847 5415 1027 5480 lacera
1049 5426 1155 5481 est,
1174 5417 1232 5470 in
1258 5432 1373 5472 sec.
1397 5416 1653 5473 scribitur
1679 5414 1951 5483 conhibeo,

359 5486 456 5558 sed
500 5486 705 5554 puncto
731 5490 835 5544 sub
871 5488 1053 5543 littera
1096 5504 1129 5542 n
1167 5489 1365 5558 posito,
1398 5490 1556 5558 quasi
1579 5502 1701 5557 qum
1730 5500 1954 5558 supera-

357 5555 584 5614 bundet.
629 5557 997 5615 Conﬁrmatur
1026 5555 1310 5615 vcro‘hinc
1344 5555 1654 5616 emendatio
1687 5567 1869 5613 nostra
1900 5557 1953 5612 in

358 5628 579 5685 Prmlat.
606 5631 699 5687 lib.
731 5646 813 5697 tv,
844 5646 1034 5701 supra,
1061 5646 1114 5700 p.
1151 5631 1259 5685 212
1285 5650 1296 5684 :
1330 5630 1456 5686 Non
1483 5641 1653 5686 tamen
1680 5629 1952 5698 conniveo,

358 5709 419 5757 ut
441 5702 596 5776 etiam
615 5711 859 5776 asserunt
873 5702 1229 5776 comparando
1253 5704 1519 5776 graviora.

431 5773 486 5846 d.
525 5771 805 5831 Videntur.
839 5771 1013 5846 Lugd.
1045 5775 1187 5832 Batt.
1214 5771 1440 5845 omnes,
1470 5775 1769 5832 videantur.
1806 5772 1950 5843 Mox,

357 5842 526 5915 fuisse
555 5846 805 5918 dicturos,
837 5842 1091 5905 Perizon.

2094 5308 2105 5344 χ
2133 5274 2185 5327 6.
2212 5271 2347 5327 Ante
2368 5285 2759 5344 cuirrumrreges.
2786 5271 2924 5327 Edd.
2948 5279 3109 5337 vett.,
3130 5280 3255 5324 ante
3276 5285 3461 5324 currus
3490 5283 3660 5341 reges.

2061 5342 2300 5414 liittorp.
2333 5351 2391 5400 et
2418 5342 2700 5412 Bolsuing.
2717 5383 2732 5404 .
2752 5359 2900 5414 saepe
2924 5358 3091 5414 reges.

2132 5415 2196 5470 7.·
2218 5410 2612 5482 Infelicissimm
2643 5410 2869 5471 Addunt
2896 5410 3130 5484 tempora
3156 5410 3330 5483 Lugd.
3364 5411 3507 5468 Batt.
3540 5419 3654 5467 tres

2062 5501 2185 5543 cum
2208 5488 2341 5543 Coll.
2369 5487 2609 5543 Gronov.

2133 5560 2187 5615 8.
2221 5559 2294 5613 Ac
2321 5558 2448 5614 bene
2474 5559 2836 5614 institutarum
2872 5558 3120 5629 gentiunt.
3156 5555 3404 5612 Perizon.
3436 5569 3497 5608 ac
3528 5568 3657 5624 pene

2061 5631 2389 5701 inﬁnitarum
2414 5632 2664 5701 gentium.
2696 5629 2813 5685 Non
2839 5631 3146 5701 invenuste.

2134 5705 2188 5758 9.
2233 5702 2391 5759 Nunc
2414 5696 2608 5757 'rebelti
2647 5703 2949 5765 intentione,
2981 5710 3086 5756 etc.
3128 5698 3346 5766 Nescio,
3379 5696 3652 5770 quomodo

2065 5775 2317 5832 Fabricio
2342 5775 2554 5845 placere
2583 5772 2817 5845 potuerit
2850 5773 3009 5828 lectio
3034 5814 3049 5838 ,
3081 5787 3243 5844 quam
3287 5770 3658 5845 praceuntibus

2062 5846 2187 5906 edd.
2224 5841 2463 5921 llittbrp.
2487 5855 2544 5904 et
2564 5844 2843 5919 Bolsuing.
2867 5853 3086 5905 secutus
3103 5841 3203 5905 est
3229 5841 3393 5919 atque
3423 5841 3654 5916 recepit,
