4046 6344
397 306 508 370 919

1819 294 2029 359 PAULl
2067 296 2291 360 OROSII

3599 316 3709 380 920

400 433 547 478 nunc
579 413 894 489 suppliciis,
923 410 1073 470 bello
1102 424 1292 484 pacem
1319 453 1335 482 ,
1373 424 1510 485 pace
1543 412 1788 471 mutabat
1810 413 1950 472 bella
1979 459 1995 486 ,
2025 417 2159 480 Ain
2183 424 2365 490 portu,
2396 418 2466 478 ad
2495 434 2661 493 quem
2695 423 2775 482 illi
2811 426 3029 485 tandem
3072 443 3173 503 pro
3198 433 3499 496 evadendis
3530 439 3716 498 malo—

381 511 704 570 inovissime
747 507 963 565 miseris
999 505 1214 563 civibus
1262 506 1465 578 passim
1505 522 1566 564 se
1594 508 1648 563 in
1698 506 1880 580 ignem
1918 510 2005 566 ul-

407 607 543 663 tima
585 603 973 676 desperatione
1007 600 1373 673 jacientibus,
1407 616 1547 658 unus
1576 617 1742 673 rogus
1772 610 1884 660 tota
1926 603 2005 660 ci-

408 701 553 757 vitas
597 698 742 755 fuit?
785 697 870 755 cui
898 696 1059 753 etiam
1105 709 1292 764 nunc,
1341 695 1448 752 situ
1486 687 1690 766 parvae,
1727 697 2001 755 moenibus

402 793 700 861 destitutae,
731 805 859 864 pars
899 788 1248 845 miserarium
1280 794 1366 845 est
1386 832 1403 857 ,
1435 788 1627 846 audire
1649 790 1779 861 quid
1810 790 1997 848 fuerit.

404 890 455 926 ¹ο
488 888 627 945 Edat
664 884 922 957 Hispania
960 882 1288 940 sententiam
1329 897 1514 952 suam,
1550 897 1673 940 cum
1703 899 1804 955 per
1823 898 2001 943 annos

408 983 677 1039 ducentos
718 978 919 1049 ubique
957 990 1117 1050 agros
1156 990 1286 1032 suos
1323 975 1589 1048 sanguine
1629 991 1731 1039 suo
1761 977 1998 1049 rigabat,

403 1068 1124 1147 importunumque-hostem
1153 1068 1297 1126 ultro
1309 1068 1549 1126 ostiatim
1573 1069 1999 1142 inquietantem,

401 1182 508 1224 nec
534 1165 805 1237 repellere
831 1170 1069 1235 poterat,
1092 1178 1194 1219 nec
1218 1163 1527 1219 sustinere:
1551 1177 1676 1219 cum
1702 1177 1787 1233 se,
1816 1163 1860 1196 “
1884 1163 1999 1222 suis

408 1260 647 1318 diversis
676 1258 905 1316 urbibus
931 1273 996 1314 ac
1020 1256 1179 1325 locis,
1213 1255 1368 1313 fracti
1395 1254 1548 1313 caede
1577 1255 1870 1327 bellorum,
1900 1258 1999 1315 ob-

402 1355 683 1412 sidionum
711 1352 859 1409 fame
896 1350 1159 1409 exinaniti
1182 1391 1197 1417 ,
1243 1349 1553 1407 interfectis
1580 1349 1901 1422 coniugibus
1938 1365 2003 1408 ac

408 1447 600 1505 liberis
626 1447 760 1517 suis,
786 1445 857 1503 ob
875 1443 1117 1501 remedia
1133 1442 1478 1500 miseriarum
1501 1457 1772 1499 concursu
1796 1443 2000 1501 misero

407 1543 452 1575 "
478 1556 542 1598 ac
565 1548 752 1597 mutua
777 1536 1445 1609 caedejugulabantﬂuid
1475 1544 1603 1592 tunc
1624 1535 1692 1594 de
1716 1536 1832 1593 suis
1861 1544 2003 1594 tem-

398 1635 628 1708 poribus
649 1632 940 1700 sentiebat,
966 1631 1133 1704 236
1149 1630 1192 1663 ¹³
1211 1631 1324 1700 ipsa
1347 1637 1621 1700 postremo
1644 1629 1791 1685 dicat
1815 1627 2002 1687 Italia?

406 1743 506 1784 cur
534 1742 630 1799 per
659 1740 833 1782 annos
858 1722 1283 1796 quadringentos
1314 1721 1577 1778 Romanis
1607 1722 1791 1791 utique
1811 1719 1857 1754 ιδ
1886 1720 2003 1778 suis

2103 528 2225 571 rum
2257 518 2672 601 tempestatibus
2699 522 3088 595 confugerunt,
3123 543 3224 585 nos
3261 532 3617 592 consistimus
3648 547 3706 594 et

2106 622 2413 665 manemus.
2461 611 2634 683 igitur
2694 616 2740 648 "
2798 627 2988 675 neSIra
3044 627 3295 694 tempora
3363 625 3709 702 viderimus,

2107 709 2287 758 utrum
2333 702 2560 763 felicia?
2601 717 2757 766 certe
2805 708 3050 770 feliciora
3099 714 3207 773 illis
3258 717 3530 787 ducimus,
3580 725 3714 794 quia

2104 794 2249 867 quod
2277 795 2354 852 illi
2381 796 2428 830 ”
2455 798 2649 855 ultimo
2672 801 3022 875 delegerunt,
3051 822 3149 865 nos
3175 813 3434 870 continue
3459 817 3715 886 posside-

2106 904 2251 947 mus.
2278 890 2606 965 Inquietudo
2626 897 2774 954 enim
2806 898 3092 969 bellorum,
3118 919 3224 975 qua
3253 905 3331 963 illi
3358 910 3529 967 attriti
3556 924 3713 983 sunt,

2104 984 2262 1043 nobis
2299 987 2487 1059 ignota
2537 999 2642 1047 est.
2688 991 2745 1049 In
2784 994 2898 1050 otio
2927 1004 3131 1067 autem,
3157 1000 3301 1072 quod
3345 1001 3425 1058 illi
3458 1015 3581 1075 post
3610 1006 3723 1063 im-

2106 1077 2320 1148 perium
2374 1077 2652 1151 Caesaris,
2711 1085 3161 1162 nativitatemque
3213 1091 3416 1151 Christi
3471 1097 3719 1155 tenuiter

2105 1180 2493 1242 gustaverunt,
2545 1190 2647 1234 nos
2697 1179 2977 1236 nascimur
3022 1191 3081 1239 et
3126 1186 3503 1244 senescimus:
3564 1191 3718 1260 quod

2105 1265 2218 1321 illis
2247 1275 2367 1323 erat
2406 1267 2593 1325 debita
2631 1271 2827 1343 pensio
2855 1273 3173 1342 servitutis,
3218 1277 3378 1335 nobis
3406 1288 3494 1337 est
3530 1280 3713 1339 libera

2104 1358 2324 1417 collatio
2388 1348 2770 1421 defensionis:
2840 1374 3181 1440 tamtumque
3244 1370 3475 1428 interest
3544 1373 3704 1431 inter

2104 1454 2380 1523 praeterita
2437 1456 2840 1529 praesentiaque
2894 1468 3173 1532 tempora,
3227 1472 3290 1518 ut
3341 1465 3489 1536 quod
3532 1466 3714 1525 Roma

2105 1547 2160 1604 in
2208 1565 2369 1606 usum
2407 1550 2638 1609 luxuriae
2687 1570 2801 1613 sua:
2850 1555 2999 1615 ferro
3052 1562 3415 1634 extorquebat
3462 1564 3511 1597 ’δ
3550 1580 3580 1621 a
3614 1580 3724 1622 no-

2104 1641 2276 1708 stris,
2330 1643 2509 1716 287,
2546 1660 2689 1702 nunc
2727 1647 2781 1704 in
2830 1664 2987 1707 usum
3035 1653 3343 1711 communis
3391 1655 3717 1729 reipublicze

2104 1732 2356 1791 conferat
2386 1739 2501 1810 ipsa
2549 1739 2862 1798 uobiscum.
2926 1741 3037 1800 Aut
3072 1745 3120 1801 si
3159 1745 3229 1803 ab
3260 1746 3443 1820 aliquo
3486 1749 3714 1817 dicitur,

407 1820 766 1889 contradixit,
793 1816 1401 1889 obstitit.'repugnavit.
1448 1816 1494 1872 Si
1523 1830 1711 1872 60mm
1743 1814 1998 1883 felicitas:
2030 1823 2080 1887 Β
2109 1827 2504 1888 tolerabiliores
2550 1833 2867 1903 parentibus
2932 1836 3135 1896 nostris
3199 1814 3476 1900 Romanos
3526 1814 3726 1901 hostes

401 1931 502 1973 sua
525 1914 815 1972 infelicitas
839 1926 947 1969 non
974 1919 1111 1980 erat,
1136 1910 1525 1982 Romanosque
1546 1910 1666 1967 fieri
1693 1926 1874 1969 rerum
1905 1911 2004 1968 do-

404 2008 590 2065 minos
631 1990 793 2064 bonis
831 2002 1216 2062 communibus
1264 2018 1375 2059 non
1406 2002 1707 2059 obstabat?
1754 2002 1873 2059 Non
1919 2019 2007 2060 rc-

401 2103 563 2174 quiro
609 2100 680 2158 de
729 2098 1036 2156 innumeris
1084 2096 1427 2154 diversarum
1478 2097 1720 2169 gentium
1767 2098 2004 2170 pupulis,

411 2195 508 2250 diu
538 2202 697 2251 antea
727 2191 947 2259 liberis,
976 2199 1107 2247 tunc
1135 2189 1283 2247 bello
1306 2190 1497 2257 victis,
1532 2189 1702 2261 patria
1730 2190 2005 2260 abductis,

398 2287 583 2357 pretio
605 2284 844 2342 venditis
865 2326 879 2353 ,
906 2283 955 2316 “‘
978 2283 1247 2340 servitute
1269 2280 1562 2355 dispersis,
1586 2283 1715 2354 quid
1744 2293 1875 2341 tunc
1903 2283 2007 2340 sibi

400 2377 724 2444 maluerint,
756 2377 800 2409 “
826 2374 955 2447 quid
989 2374 1059 2431 dc
1083 2373 1349 2429 Romanis
1378 2373 1583 2445 Opinati
1614 2376 1745 2444 sint,
1779 2373 1909 2446 quid
1939 2374 2008 2431 de

400 2471 741 2543 temporibus
773 2466 1089 2541 judicarint.
1124 2465 1327 2524 Omitto
1346 2467 1414 2524 de
1444 2466 1664 2539 regibus
1686 2482 2007 2540 magnarum

403 2577 592 2635 opum,
622 2576 946 2632 magnarum
974 2560 1193 2628 virium,
1220 2575 1433 2630 magna:
1451 2560 1665 2632 gloriae,
1699 2560 1788 2616 diu
1812 2568 2005 2632 poten-

406 2654 675 2723 tissimis,
724 2651 1019 2725 aliquando
1074 2651 1290 2724 captis,
1359 2653 1633 2710 serviliter
1705 2656 2003 2727 catenatis,

402 2749 448 2782 "
480 2748 581 2805 sub
601 2748 792 2821 jugum
815 2745 1019 2814 missis,
1049 2753 1177 2801 ante
1200 2761 1421 2802 currum
1449 2748 1607 2815 actis,
1636 2748 1681 2780 ¹⁸
1706 2748 1758 2803 in
1784 2762 2007 2805 carcere

402 2842 690 2899 trucidatis
719 2858 734 2909 ;
759 2856 991 2911 quorum
1033 2849 1141 2895 tam
1173 2840 1401 2896 stultum
1426 2849 1511 2897 est
1554 2840 1846 2911 exquirere
1874 2856 2004 2897 sen-

398 2935 660 3003 tentiam,
706 2948 870 3005 quam
908 2932 1105 2988 durum
1142 2947 1250 2987 non
1280 2931 1470 2988 dolere
1514 2932 1814 2990 miseriam.
1862 2932 2003 3006 Nos,

396 3043 501 3085 nos
529 3027 747 3100 inquam
793 3027 971 3099 ipsos,
1004 3027 1243 3097 vitaeque
1275 3038 1479 3083 nostra:
1526 3027 1850 3084 electionem
1871 3072 1886 3098 ,
1918 3030 2008 3086 cui

403 3120 776 3193 acquievimus
802 3160 818 3186 ,
872 3118 1246 3177 consulamus.
1281 3118 1517 3190 Majores
1563 3121 1740 3177 nostri
1785 3121 1930 3178 bella
1960 3122 2005 3158 "

2109 1920 2301 1990 fuisse,
2321 1939 2484 2005 quam
2517 1925 2676 1983 nobis
2702 1927 2911 1987 Gothos
2939 1945 3101 1989 esse:
3133 1932 3319 1991 audiat
3346 1940 3403 1992 et
3423 1936 3720 2010 intelligat,

2110 2026 2315 2089 quanto
2353 2018 2535 2086 aliter,
2580 2036 2739 2092 quam
2775 2023 2921 2079 circa
2950 2025 3192 2097 seipsum
3220 2028 3416 2100 agitur,
3448 2029 3552 2086 sibi
3581 2045 3714 2089 esse

2109 2110 2379 2168 videatur.
2412 2113 2579 2185 Olim,
2605 2130 2728 2170 cum
2755 2116 2899 2173 bella
2928 2125 3046 2175 toto
3065 2120 3201 2178 orbe
3224 2120 3531 2194 fervebant,
3563 2141 3725 2196 qua:-

2110 2219 2216 2277 que
2268 2205 2550 2275 provincia
2598 2208 2713 2265 suis
2757 2210 3016 2282 regibus,
3062 2213 3180 2270 suis
3209 2213 3446 2288 legibus,
3479 2220 3723 2288 suisque

2112 2297 2360 2354 moribus
2406 2298 2694 2356 utebatur:
2745 2316 2847 2358 nec
2893 2312 3014 2360 erat
3059 2306 3294 2362 societas
3335 2306 3717 2381 affectionum,

2111 2390 2203 2446 ubi
2241 2390 2545 2449 dissidebat
2581 2392 2870 2461 diversitas
2897 2405 3249 2465 potestatum.
3298 2402 3584 2459 Postremo
3614 2418 3715 2460 so-

2111 2484 2256 2541 lutas
2282 2493 2338 2541 ct
2366 2484 2629 2544 barbaras
2664 2497 2854 2560 gentes
2883 2491 2931 2523 ’³
2958 2491 3087 2563 quid
3126 2493 3343 2550 tandem
3374 2496 3441 2552 ad
3472 2498 3714 2553 societa-

2113 2585 2222 2633 tcm
2266 2577 2562 2636 adduceret
2589 2623 2606 2650 ,
2654 2596 2792 2653 quas
2820 2581 3052 2641 diversis
3080 2599 3363 2643 sacrorum
3395 2588 3600 2645 ritibus
3627 2590 3717 2645 in-

2111 2670 2373 2741 stitutas,
2431 2670 2598 2727 etiam
2644 2673 2836 2746 religio
2888 2675 3219 2747 separabat?
3269 2678 3327 2735 Si
3370 2679 3494 2751 quis
3542 2680 3720 2751 igitur

2113 2770 2261 2828 tunc,
2285 2763 2587 2823 acerbitate
2613 2766 2881 2823 malorum
2911 2769 3108 2839 victus,
3133 2772 3365 2843 patriam
3394 2788 3519 2830 cum
3546 2775 3716 2833 hoste

2111 2852 2376 2925 deseruit,
2401 2872 2563 2929 quem
2586 2859 2802 2915 tandem
2831 2861 3072 2933 ignotum
3092 2863 3272 2921 locum
3293 2865 3507 2937 ignotus
3528 2868 3717 2926 adiit?

2109 2945 2281 3015 Quam
2307 2959 2526 3020 gentem
2557 2953 2890 3024 generaliter
2918 2956 3126 3012 hostem
3159 2956 3333 3014 hostis
3358 2960 3579 3017 oravit?
3604 2962 3715 3019 Cui

2109 3055 2172 3098 se
2197 3056 2496 3113 congressu
2526 3045 2705 3115 primo
2734 3047 2994 3119 credidit,
3029 3064 3136 3106 non
3166 3051 3435 3109 societate
3461 3054 3710 3113 nominis

2111 3134 2371 3191 invitatus
2394 3176 2410 3203 ,
2458 3151 2569 3193 non
2615 3142 3003 3198 communione
3023 3141 3164 3214 juris
3191 3144 3238 3176 ³⁸
3258 3144 3525 3204 adductus
3548 3190 3563 3215 ,
3591 3165 3709 3206 non

407 3220 719 3284 gesserunt,
767 3209 926 3268 bellis
962 3210 1191 3282 fatigati,
1233 3225 1422 3282 pacem
1475 3220 1747 3311 petentes,
1768 3306 1787 3311 _
1796 3213 2004 3311 tributa
2030 3225 2075 3287 ο
2108 3227 2390 3299 religionis
2416 3230 2628 3288 “nime
2656 3233 2923 3293 securus?
2953 3209 3041 3291 Διί
3061 3251 3252 3309 parum
3279 3239 3516 3311 exempli
3541 3209 3588 3273 iv
3610 3241 3722 3299 de-

405 3305 746 3365 obtulerunt.
774 3304 819 3336 ²⁰
841 3302 1151 3372 Tributum,
1181 3305 1419 3376 pretium
1446 3303 1597 3375 pacis
1628 3315 1735 3363 est.
1766 3306 1875 3363 Nos
1904 3309 2001 3365 tri-

404 3400 537 3459 buta
564 3398 609 3432 “
638 3397 1032 3471 dependimus,
1064 3412 1134 3456 ne
1164 3397 1302 3455 bella
1324 3398 1597 3471 patiamur
1630 3418 1644 3457 :
1675 3415 1739 3458 ac
1767 3416 1868 3474 per
1898 3403 2001 3463 hoc

2110 3317 2329 3389 derunt,
2361 3320 2410 3355 ’⁸
2440 3321 2654 3380 Busiris
2696 3324 2751 3380 in
2798 3324 3036 3400 Egypto
3079 3330 3489 3402 peregrinorum
3513 3331 3707 3391 infeli-

2105 3410 2241 3470 citer
2271 3413 2669 3473 incurrentium
2699 3416 3059 3490 impiissimus
3109 3421 3463 3493 immolator;
3497 3426 3543 3462 ”
3572 3441 3711 3485 cru-

1668 3563 2119 3630 HAVERCAMPI
2156 3573 2406 3636 NOTE.

400 3726 539 3768 nunc
578 3704 759 3762 rebelli
807 3702 1112 3779 intentione,
1151 3717 1291 3779 nunc
1315 3699 1586 3779 suppliciis
1606 3704 1748 3779 belli
1788 3722 1990 3779 pacem,

400 3799 538 3841 nunc
565 3794 690 3851 pace
733 3775 963 3851 mutabat
983 3774 1323 3851 ‘bella._M_ale
1360 3774 1478 3831 haec
1506 3783 1561 3831 et
1585 3774 1995 3851 distinguuntur

405 3867 458 3912 ct
485 3845 818 3909 scribuntur.
854 3848 965 3919 Ego
988 3845 1084 3919 sic
1114 3846 1485 3919 distinguoet
1522 3847 1730 3917 reliqua
1760 3845 1826 3905 cr
1860 3865 1990 3908 mss.

402 3937 461 3983 et
486 3932 616 3980 vett.
647 3921 774 3977 edd.
803 3918 1035 3993 emendo
1061 3937 1074 3972 :
1109 3934 1246 3972 nunc
1270 3918 1449 3972 rebelli
1470 3918 1753 3993 intentione
1781 3922 1853 3993 (id
1885 3932 1992 3989 cst,

398 3999 547 4053 malo
576 3994 757 4048 animo
777 4034 791 4057 ,
823 3999 881 4046 et
931 3990 1002 4045 ad
1048 3998 1261 4062 tempus
1285 3991 1721 4058 accommodato,
1748 3990 1854 4062 quo
1881 4010 1995 4048 me-

401 4070 512 4125 lius
538 4065 971 4138 posteadbellum
1010 4061 1230 4116 refectis
1256 4062 1470 4138 viribus
1497 4076 1702 4138 gerere
1721 4061 1992 4135 pnssent),

400 4132 556 4197 nunc.
587 4135 859 4206 suppliciis
906 4134 1068 4207 (nam
1110 4132 1367 4205 supplici,
1411 4136 1609 4207 extrita
1651 4132 1839 4190 ultima
1887 4132 1996 4206 syl-

398 4213 524 4268 laba
556 4204 759 4263 habent
797 4204 978 4275 mss.),
1010 4204 1061 4258 id
1089 4204 1181 4258 est
1200 4218 1325 4259 vere
1355 4211 1410 4259 et
1433 4219 1501 4258 ex
1523 4205 1708 4260 animo
1734 4204 1995 4273 profectis

399 4279 774 4353 precibus_(u_t
798 4274 1185 4353 victimiseriis
1225 4274 1377 4341 belli,
1411 4284 1466 4330 et
1503 4276 1653 4345 pacis
1683 4281 1820 4353 bona
1849 4280 1994 4335 ausi.

400 4345 708 4421 derantes),
736 4349 866 4403 bello
887 4362 1069 4421 pacem
1089 4345 1389 4421 (espuncto
1407 4363 1565 4421 nunc,
1591 4349 1730 4421 quod
1754 4349 1844 4405 hic
1862 4364 1995 4405 con-

400 4434 486 4482 tra
517 4416 1017 4491 tnSS.'intrudttur),
1041 4416 1165 4486 pace
1190 4416 1425 4491 mutabat
1446 4416 1756 4474 bellaIMss.
1790 4423 1990 4491 passim

402 4510 595 4552 omnes
641 4491 788 4545 bellis
842 4489 1074 4555 habent,
1126 4488 1521 4560 quodquidem
1572 4488 1865 4560 l‘eSpnndet
1912 4495 1992 4550 ίιιί

2170 3712 2259 3794 i8.
2292 3710 2361 3770 In
2390 3729 2600 3794 carcere
2639 3717 2933 3794 trucidatis.
2982 3719 3062 3794 Iu_
3087 3720 3413 3794 quibusdam
3453 3724 3711 3787 Vetustis

2098 3781 2460 3866 legitur,_lr_t_
2495 3803 2755 3866 carcerem
2804 3792 2984 3866 trusis.
3022 3781 3190 3866 Faba.
3239 3826 3315 3839 —-
3341 3781 3717 3866 Quodvvoiu'i‘t

2099 3869 2317 3928 quoque
2343 3856 2484 3914 Coll.
2522 3858 2791 3929 Granum,
2820 3877 2942 3933 qum
2974 3864 3136 3922 habet
3167 3867 3220 3921 in
3251 3856 3506 3925 cat-gerem
3536 3856 3714 3929 truci:

2100 3926 2262 4001 datis.
2294 3929 2401 4001 Sed
2427 3932 2643 4001 vulgata
2673 3932 2835 3989 lectio
2866 3938 3092 3991 omnino
3121 3951 3253 3993 sana
3278 3949 3383 3996 est.

2294 3999 2599 4079 gesserunt.
2618 4003 2781 4079 _Flnr.
2815 4022 2927 4074 pr.,
2958 4018 3242 4079 gesserant.

2294 4072 2585 4148 Tributum.
2616 4070 3183 4148 Ed.Atig.,‘ti'-ibulum
3210 4099 3348 4139 vero.

2292 4143 2662 4224 D_epettdt'ntus.
2697 4141 3116 4224 Eddiqumdam
3150 4163 3283 4209 vett.
3313 4154 3606 4224 pendimus.

2170 4214 2261 4269 2‘2.
2312 4214 2513 4299 lybstra
2560 4228 2816 4299 tempora.
2873 4214 2966 4278 Sic
3013 4232 3162 4299 recte
3210 4214 3403 4299 Vulgg.
3444 4231 3707 4299 quamvis

2173 4243 2261 4269 ιι.
2312 4243 2513 4270 nostra
2560 4243 2816 4290 tentpura.
2873 4243 2966 4278 DIC
3013 4243 3162 4279 1⁸60ῐο
3217 4243 3403 4299 νυιες.
3443 4243 3701 4353 gnamws

2101 4300 2235 4341 mss.
2260 4287 2482 4368 quidam
2513 4290 2754 4368 scribant
2782 4308 2899 4359 nos,
2932 4301 3068 4361 etc.,
3102 4294 3246 4352 inter
3273 4313 3413 4368 quos
3484 4302 3701 4359 erizon.

2101 4366 2155 4442 et
2186 4367 2296 4442 tres
2347 4359 2620 4442 Florentt.
2670 4362 2725 4418 in
2776 4380 3007 4436 quorum
3055 4359 3224 4424 tertio
3269 4359 3705 4442 superscribitur

2097 4427 2328 4494 Vulgata
2360 4431 2542 4488 lectio.

2298 4501 2514 4589 Ultimo.
2558 4504 2658 4589 figi.
2687 4504 2827 4579 Aug.
2862 4516 2920 4566 et
2944 4523 3079 4566 mss.
3112 4511 3379 4587 plerique,
3408 4514 3534 4572 cod.
3563 4531 3708 4589 quo-

399 4540 824 4645 ;i:3i';c;,;;gi;..
843 4540 1161 4645 ’δεξιὶιέέεεί
1193 4540 1992 4645 attenuarateasiest};
2019 4540 2071 4600 ο
2096 4540 2722 4645 ηυεϊοῖιέςᾎ];’ξύὶὶἴν;ιε⁴ἷ

401 4639 553 4694 Flor.
577 4630 691 4707 see.
712 4634 903 4703 legitur
924 4631 1076 4696 bello,
1093 4630 1235 4702 quod
1255 4645 1368 4707 prae
1384 4631 1615 4707 reliquis
1628 4633 1821 4702 placet.
1844 4635 1990 4707 Sup-

408 4711 569 4780 plicia
595 4750 610 4774 ,
669 4706 894 4770 ἱκεσίαι,
956 4719 1054 4773 pro
1110 4704 1640 4780 supplicationibus,
1684 4704 1993 4780 occurrunt

403 4773 549 4854 apud
570 4773 1104 4854 Optituos‘auclores,
1130 4784 1190 4830 ut
1224 4773 1541 4854 Varronem.
1570 4773 1839 4854 Tacitum,
1870 4780 1995 4836 Sal-

404 4845 651 4911 ldstiuni,
704 4848 750 4903 Is
800 4846 1119 4924 inﬂatilin.
1159 4861 1280 4917 cap.
1323 4845 1598 4924 6U_:__Non
1636 4849 1790 4917 votis,
1826 4845 1993 4924 neque

403 4926 683 4998 suppliciis
704 4921 1037 4998 muliebribus
1063 4919 1276 4974 deorum
1298 4919 1494 4974 auxilia
1524 4930 1793 4991 parantur.

478 4998 567 5052 10.
600 4996 762 5051 Edat.
783 4996 930 5051 Flor.
960 5007 1098 5059 sec.,
1126 4999 1349 5047 arserat.

474 5068 563 5125 il.
610 5069 759 5125 Suis.
794 5066 899 5122 Ed.
948 5072 1109 5139 Aug.,
1137 5064 1323 5134 quique
1348 5061 1589 5139 diversis.
1615 5063 1779 5139 Forte
1804 5067 1993 5139 lege".

399 5139 550 5205 dum,
574 5142 682 5196 suis
712 5139 902 5194 diversi
918 5137 1148 5202 urbibus,
1170 5140 1254 5191 vel
1278 5137 1385 5189 suis
1406 5136 1594 5208 eversis
1616 5136 1992 5208 urbibusfetc.

476 5212 566 5267 12.
595 5213 670 5267 Ac
712 5221 894 5267 mutua
918 5209 1076 5264 ccede.
1110 5208 1281 5264 Sicuti
1321 5207 1485 5263 modo
1501 5207 1850 5279 Carthaginis
1877 5213 1994 5268 rui-

401 5299 526 5339 nam
579 5285 939 5350 memoravit,
984 5282 1057 5336 ita
1113 5294 1254 5335 nunc
1287 5281 1353 5334 ad
1391 5279 1667 5335 excidium
1709 5281 1995 5339 Numanti-

406 5371 537 5433 num
585 5358 827 5427 respicit.
859 5353 1534 5433 Sustulidistinctionem,
1569 5367 1694 5433 quae
1725 5364 1866 5418 male
1899 5379 1996 5433 po-

402 5429 636 5504 uehatur
665 5438 786 5498 post
825 5445 1019 5486 vocem
1060 5431 1238 5504 fracti,
1276 5441 1345 5504 iet
1369 5441 1497 5487 ante
1520 5432 1770 5489 eamdem
1816 5429 1991 5504 posui.

476 5502 570 5577 ᾖ.
600 5499 725 5577 psa
748 5499 1549 5577 postremo._Cnd_ex_Perizon.,
1569 5505 1689 5577 jam
1715 5499 1991 5576 postremo.

480 5569 569 5626 Μ.
595 5569 947 5629 διιὶεζΑΙκΞῐ
974 5589 1003 5627 a
1033 5573 1206 5643 Lugd.
1238 5574 1356 5628 But.
1388 5590 1505 5631 sec.

480 5644 580 5720 iii.
603 5644 882 5720 Servitute.
931 5644 1100 5720 Lugd.
1129 5646 1248 5700 Bat.
1279 5653 1407 5702 tert.
1453 5655 1509 5720 et
1547 5645 1687 5720 Coll.
1721 5647 1992 5720 Gronov.,

400 5714 633 5768 servitio.
665 5715 786 5769 Mox
817 5725 938 5770 tunc
965 5714 1162 5772 in‘Meo
1191 5731 1295 5772 ms.
1327 5733 1437 5774 non
1463 5719 1762 5775 invenitur.

479 5786 569 5839 16.
596 5785 755 5851 Quid.
782 5785 921 5843 Coll.
941 5787 1211 5855 Gronov.,
1237 5791 1347 5856 qui.

405 5849 418 5855 ’
476 5855 567 5913 17.
597 5849 707 5911 Sub
726 5858 938 5928 jugum,
972 5849 1215 5916 Florum.
1244 5849 1384 5935 sec.,
1416 5860 1507 5918 sub
1527 5862 1682 5935 jugo.

2166 4644 2259 4732 24.
2294 4644 2592 4732 ,ιι-σιωπῇ.
2625 4650 2952 4732 Praepositio
2988 4655 3047 4711 in
3073 4655 3200 4713 cod.
3235 4655 3411 4732 Long.
3450 4673 3557 4718 non
3589 4675 3697 4719 ex-

2094 4724 2225 4785 stat,
2258 4718 2355 4773 setl
2385 4720 2647 4776 scribitur
2669 4718 2984 4783 ibi-nostris.

2304 4788 2444 4855 Quid
2487 4792 2719 4870 tandem.
2770 4793 2904 4852 Cum
2956 4807 3157 4869 praeter
3200 4800 3292 4858 ed.
3342 4802 3571 4870 August.
3622 4804 3698 4861 ita

2095 4859 2404 4945 e‘shibeant
2422 4871 2535 4945 tres
2568 4864 2865 4945 Florentt.,
2895 4859 3163 4939 praeterea
3191 4874 3342 4931 Meus
3366 4916 3383 4942 ,
3412 4859 3695 4945 Berizon;

2096 4928 2238 5015 Ultr.
2276 4942 2341 5017 .et
2384 4933 2559 5017 Lugd.
2611 4937 2761 4995 Batt.
2811 4928 2963 5017 teri.,
3017 4928 3692 5017 puteiquoqtt'e—(lrnsiu'rn

2097 5002 2535 5089 scripsiss'quu'id
2559 5050 2574 5077 ,
2612 5025 2723 5089 n_on_
2743 5012 2896 5089 quis,
2931 5002 2989 5067 ut
3017 5002 3083 5089 fin
3118 5002 3586 5089 Vulgg.'est.il’ro
3612 5002 3700 5075 di;

2096 5078 2311 5133 rersilas
2339 5077 2487 5132 Flor.
2521 5096 2603 5147 pr.
2638 5077 2800 5139 habet
2826 5084 3132 5142 adversitas.

2097 5148 2599 5277 d«BttdA'dductus.
2652 5152 2791 5212 Ultr.
2838 5156 3102 5227 addictus,
3151 5167 3294 5217 utet
3331 5160 3479 5219 νεα.
3535 5178 3694 5235 qua:-

2135 5256 2147 5274 .
2168 5236 2221 5275 tn
2246 5237 2277 5277 e
2319 5244 2332 5275 ι
2360 5263 2374 5277 .

2135 5234 2221 5275 am
2246 5234 2374 5278 edd.

2302 5293 2594 5371 Qederuul.
2625 5298 2795 5370 Lugd.
2827 5300 2968 5356 Batt.
3001 5310 3136 5371 tres,
3161 5304 3400 5360 dederat.

2300 5367 2512 5449 pusiris
2550 5371 2606 5424 in
2642 5366 2899 5449 Λᾷξιηιηζο.
2951 5373 3035 5449 De
3069 5366 3276 5431 crudeli
3319 5376 3694 5449 hospitalitate

2098 5436 2365 5513 Busiridis
2394 5440 2512 5512 lege
2536 5457 2660 5513 cap.
2692 5436 2885 5500 t'i'lib.
2921 5461 2960 5502 ι.
2993 5445 3159 5501 Fann.
3374 5494 3383 5496 -

2167 5511 2262 5591 2i).
2302 5510 2682 5591 Crudelissinta
2724 5517 2866 5571 circa
2906 5518 3169 5591 advenas.
3199 5518 3391 5576 Tauris
3419 5519 3689 5591 Ponticis,

2097 5582 2173 5661 ait
2198 5584 2472 5661 Arnobius
2520 5587 2619 5661 lib.
2663 5603 2769 5661 vnt
2801 5598 2857 5643 et
2885 5588 3141 5661 Egyptio
3162 5590 3394 5646 Busiridi
3419 5592 3555 5648 ritus
3589 5582 3693 5652 luit

2100 5655 2343 5724 hospites
2389 5657 2695 5715 immolare.
2743 5660 2851 5715 Sed
2888 5655 3301 5718 de'Taurorum
3345 5666 3693 5724 immanitate

2098 5726 2238 5805 Mela
2266 5728 2394 5805 libr.
2418 5745 2478 5796 ll,
2510 5744 2631 5805 cap.
2668 5731 2719 5786 1.
2760 5731 2839 5787 De
2874 5748 2993 5799 ara,
3017 5734 3083 5789 ad
3112 5748 3271 5805 quam
3296 5732 3459 5789 Tauri
3488 5736 3691 5795 Diana:

2097 5799 2344 5881 advenas
2385 5799 2768 5881 immolabant,
2808 5805 3029 5871 uvidius
3066 5799 3325 5864 in'tertio
3371 5805 3444 5864 de
3480 5805 3693 5881 Ponto,

2098 5868 2378 5929 Juvenalis
2400 5882 2579 5944 satyra
2606 5876 2691 5933 15.
2726 5868 2895 5935 Fasti.
