4092 6346
310 255 414 314 9M

1373 252 1852 316 HISTORIARUM
1890 257 2097 317 LIBER
2141 261 2206 320 ν.
2249 262 2406 324 CAP.
2451 265 2544 326 Ill.

3503 274 3612 334 922

307 368 590 429 delissima
633 367 781 426 circa
830 367 1068 426 advenas
1108 368 1153 402 ³ο
1198 367 1382 425 Dianae
1420 369 1666 427 Taurica:
1694 371 1896 442 littora,
1931 378 1984 441 Α
2009 378 2221 450 ignotus
2245 396 2553 452 accessero,
2578 384 2919 457 repentinam
2948 387 3056 445 vim
3079 395 3350 463 tamquam
3379 390 3612 450 desum.

305 467 404 525 sed
430 466 604 538 magis
629 481 787 524 sacra
819 464 1061 522 crudelia
1088 505 1104 532 ,
1134 465 1176 496 ³⁸
1211 464 1440 520 Thracia
1468 480 1589 521 cum
1616 466 1905 538 Polymne-

304 571 457 618 store
488 576 589 617 suo
632 574 804 630 usque
845 558 917 614 ad
952 559 1287 629 pr0pinquos
1318 557 1563 628 hospites
1592 559 1904 614 scelerata?

302 655 375 710 Et
395 669 464 710 ne
477 651 895 724 antiquitatibus
916 650 1104 707 videar
1121 650 1430 720 immorari,
1447 650 1604 707 testis
1629 661 1712 706 est
1735 651 1904 707 Roma

300 746 374 804 de
401 747 666 817 Pompeio
686 744 983 802 interiecto
1007 784 1024 814 ,
1076 744 1231 801 testis
1268 743 1541 817 {Egyptus
1562 744 1608 777 ³²
1635 743 1705 801 de
1735 744 1903 801 inter-

303 841 518 898 fectore
548 839 874 898 Ptolemrco.

832 935 998 1007 233
1034 932 1266 992 CAPUT
1305 931 1373 990 ιι.
1447 983 1462 994 ,

305 1032 499 1089 Orosio
522 1071 540 1102 ,
572 1038 752 1103 utpote
778 1027 1078 1111 Christiano
1106 1028 1347 1096 homini,
1393 1027 1582 1098 ubique
1620 1027 1790 1100 patria
1809 1069 1823 1097 ,
1855 1037 1902 1084 et

747 1119 928 1173 quovis
957 1118 1171 1156 δεειιτιιδ
1204 1117 1460 1156 αεεεδδιιδ.

375 1217 507 1276 Mihi
536 1225 744 1284 autem,
777 1216 950 1288 prima
985 1215 1002 1247 ί
1029 1215 1442 1286 qualiscumque
1473 1222 1659 1269 motus
1691 1221 1906 1284 pertur-

297 1311 528 1368 batione
572 1309 846 1380 fugienti,
890 1307 1016 1379 quia
1065 1307 1134 1364 de
1177 1305 1520 1378 confugiendi
1546 1306 1782 1363 statione
1811 1321 1900 1363 sc-

297 1420 465 1472 curo,
498 1403 700 1476 ubique
730 1404 926 1474 patria,
959 1402 1158 1474 ubique
1189 1403 1280 1459 lex
1323 1411 1377 1459 et
1405 1402 1598 1474 religio
1629 1417 1747 1458 mea
1779 1414 1862 1458 est
1888 1419 1902 1456 :

293 1511 448 1554 nunc
485 1510 574 1552 me
619 1495 806 1553 Africa
853 1503 962 1550 tam
993 1494 1226 1551 libenter
1257 1495 1510 1566 excepit,
1543 1509 1703 1565 quam
1727 1495 1902 1551 conli-

291 1592 493 1648 denter
521 1591 731 1646 accessi
758 1606 774 1645 :
805 1604 949 1646 nunc
971 1605 1081 1656 me,
1115 1590 1361 1660 inquam,
1393 1589 1494 1645 ista
1526 1589 1708 1645 Africa
1740 1604 1900 1646 exce-

292 1685 376 1755 pit
409 1699 542 1756 pace
563 1683 798 1754 simplici
825 1723 842 1751 ,
875 1684 998 1740 sinu
1027 1685 1255 1756 proprio
1277 1727 1293 1752 ,
1331 1683 1456 1754 jure
1484 1687 1761 1741 communi
1787 1729 1802 1755 ,
1833 1684 1902 1740 do

287 1793 400 1850 qua
433 1777 737 1850 aliquando
769 1776 999 1848 dictum,
1032 1785 1088 1834 et
1116 1793 1244 1834 vere
1269 1777 1472 1834 dictum
1500 1787 1605 1848 est,

674 1927 691 1942 .
724 1929 740 1943 .
779 1928 792 1942 .
830 1927 845 1942 .
878 1890 1104 1954 Hospitio
1129 1891 1448 1955 prohibemur
1467 1905 1655 1956 arente,

546 1953 686 2005 Bella
707 1957 861 2017 cient,
879 1953 1140 2019 primaque
1161 1961 1328 2005 vetant
1342 1956 1620 2006 consistere
1640 1953 1778 2006 terra
1801 1969 1813 2005 :

287 2061 451 2117 Nunc
477 2060 621 2116 ultro
651 2061 719 2116 ad
761 2061 1142 2132 suscipiendos
1181 2061 1364 2118 socios
1404 2062 1684 2132 religionis
1715 2071 1771 2119 et
1799 2078 1895 2133 pa-

287 2154 376 2209 cis
407 2168 521 2210 sua:
550 2153 882 2210 benevolum
905 2153 1012 2210 late
1033 2155 1302 2225 gremium
1333 2155 1550 2226 pandit,
1574 2166 1736 2228 atque
1753 2157 1896 2212 ultro

287 2247 475 2304 fessos
500 2290 518 2316 ,
546 2261 684 2318 quos
715 2246 935 2314 foveat,
975 2247 1191 2303 invitat.
1222 2247 1479 2304 Latitudo
1507 2249 1770 2318 Orientis,
1805 2265 1894 2306 sc-

289 2339 629 2409 ptentrionis
675 2339 972 2410 copiositas
999 2382 1014 2408 ,
1061 2341 1364 2396 meridiana
1393 2341 1641 2408 dill‘usio,
1673 2358 1896 2413 magna-

299 2448 428 2488 rum
485 2431 784 2489 insularum
852 2431 1173 2504 largissimae
1242 2435 1634 2507 tutissimaque
1689 2437 1892 2504 sedes,

288 2528 312 2559 ’
342 2527 452 2583 mei
478 2525 621 2598 juris
651 2536 708 2583 et
745 2525 984 2583 nominis
1025 2536 1151 2583 sunt
1179 2545 1193 2582 :
1226 2527 1350 2600 quia
1381 2529 1447 2584 ad
1480 2528 1818 2585 Christianos
1840 2538 1895 2587 et

288 2621 574 2678 Romanos
599 2663 616 2691 ,
648 2621 928 2677 Romanus
955 2630 1011 2677 et
1032 2621 1380 2679 Christianus
1413 2623 1637 2680 accedo.
1680 2625 1797 2682 Non
1830 2625 1897 2682 ti-

287 2731 420 2772 meo
445 2714 580 2771 deos
610 2714 843 2786 hospitis
887 2715 995 2772 mei
1024 2757 1039 2780 ,
1093 2730 1200 2771 non
1228 2715 1398 2773 timeo
1426 2717 1744 2788 religionem
1775 2717 1894 2788 ejus

292 2815 318 2847 ⁸
350 2825 541 2868 necem
573 2825 776 2881 meam,
803 2824 910 2866 non
932 2810 1108 2867 habeo
1130 2810 1292 2868 talem
1320 2827 1481 2882 quem
1513 2813 1892 2882 pertimescam

289 2902 474 2959 locum
500 2945 518 2972 ,
549 2904 643 2961 ubi
670 2915 725 2961 et
754 2908 1062 2976 possessori
1093 2905 1253 2961 liceat
1280 2917 1599 2977 perpetrare
1629 2906 1773 2976 quod
1802 2922 1892 2963 vc-

291 2993 395 3062 lit,
446 3006 502 3052 et
556 2996 846 3069 peregrino
889 3014 995 3052 non
1035 2997 1488 3056 liceatadhihcre
1512 2998 1655 3070 quod
1682 3013 1892 3056 conve-

291 3090 416 3144 nit:
456 3088 478 3120 "
522 3089 616 3146 ubi
661 3091 734 3146 sit
767 3090 862 3160 jus
914 3090 1187 3160 hospitii,
1235 3091 1387 3162 quod
1431 3106 1615 3147 meum
1663 3107 1771 3148 non
1798 3093 1891 3148 sit.

2010 481 2097 529 tus
2123 491 2228 530 non
2259 475 2606 547 pertimesco.
2639 479 2787 537 Inter
2813 473 3112 551 Romanos,
3148 493 3206 540 ut
3237 485 3370 553 dixi,
3402 485 3606 542 Roma-

2008 581 2132 634 nus,
2187 569 2330 626 inter
2366 569 2706 628 Christianos
2750 573 3122 645 Christianus,
3165 577 3308 634 inter
3359 577 3610 636 homines

2007 660 2192 728 homo,
2218 662 2431 734 legibus
2454 664 2692 737 imploro
2722 669 3140 740 rempublicam,
3175 671 3442 743 religione
3473 687 3605 729 con-

2006 754 2311 824 scientiam,
2337 761 2724 817 communione
2770 770 3049 819 naturam.
3094 763 3230 821 Utor
3274 767 3609 833 temporaria

2006 849 2151 904 omni
2185 858 2329 906 terra
2360 853 2516 922 quasi
2546 853 2753 922 patria:
2788 855 2914 927 quia
2942 871 3062 927 quae
3091 872 3222 914 vera
3253 867 3358 928 est,
3384 867 3442 915 et
3467 859 3564 915 illa
3588 901 3605 929 ,

2007 941 2029 974 ⁸
2056 959 2218 1012 quam
2249 959 2403 1012 amo,
2439 947 2641 1016 patria,
2671 948 2726 1004 in
2759 957 2902 1005 terra
2930 952 3153 1020 penitus
3182 967 3291 1008 non
3321 963 3427 1008 est.
3460 953 3606 1010 Nihil

2007 1035 2247 1107 perdidi,
2273 1036 2365 1093 ubi
2394 1039 2531 1096 nihil
2561 1041 2740 1097 amavi
2773 1059 2787 1098 :
2836 1049 3124 1115 totumque
3149 1043 3354 1113 habeo,
3387 1046 3606 1116 quando

2005 1145 2169 1201 quem
2195 1128 2395 1201 diligo,
2427 1146 2641 1188 mecum
2671 1141 2786 1201 est,
2820 1134 3053 1190 maxime
3082 1136 3206 1207 quia
3229 1146 3284 1192 et
3313 1135 3455 1206 apud
3485 1151 3606 1192 oni-

2006 1239 2106 1281 nes
2131 1225 2274 1282 idem
2302 1235 2408 1294 est,
2439 1226 2530 1297 qui
2554 1242 2642 1282 me
2672 1241 2779 1284 non
2810 1228 2974 1284 modo
2999 1238 3184 1285 notum
3210 1229 3488 1295 omnibus,
3511 1246 3606 1288 vc—

2007 1332 2126 1373 rum
2155 1326 2210 1374 ct
2237 1318 2549 1390 proximum
2587 1319 2717 1377 facit
2751 1338 2766 1376 :
2800 1336 2903 1379 nec
2931 1331 3183 1394 egentem
3214 1324 3443 1396 deserit,
3477 1324 3603 1396 quia

2006 1411 2176 1484 ipsius
2210 1421 2297 1470 est
2327 1422 2473 1470 terra
2511 1422 2567 1471 et
2595 1415 2875 1485 plenitudo
2903 1415 3048 1488 ejus,
3072 1426 3157 1475 'ex
3203 1433 3309 1491 qua
3350 1419 3604 1476 omnibus

2005 1505 2189 1563 omnia
2221 1506 2386 1578 jussit
2420 1522 2546 1565 esse
2585 1511 2912 1565 communia.
2955 1509 3084 1566 [hcc
3123 1520 3251 1567 sunt
3284 1521 3606 1569 nostrorum

2009 1611 2309 1674 temporum
2343 1602 2515 1672 bona,
2554 1619 2674 1675 qua:
2705 1605 2758 1659 in
2781 1612 2969 1679 totum
2999 1605 3090 1662 vel
3121 1607 3173 1662 in
3213 1606 3606 1678 tranquillitate

2007 1696 2378 1767 prmsentium,
2413 1697 2498 1752 vel
2537 1697 2590 1752 in
2631 1713 2729 1768 spe
2765 1698 3092 1767 futurorum,
3125 1699 3212 1756 vel
3261 1700 3314 1754 in
3353 1699 3604 1771 perfugio

1923 1788 1973 1850 B
1998 1791 2274 1846 communi
2305 1805 2414 1846 non
2445 1790 2688 1848 habuere
2715 1792 2992 1860 majores:
3020 1807 3083 1848 ac
3107 1807 3206 1862 per
3229 1793 3332 1849 hoc
3359 1792 3603 1849 incessa-

2001 1883 2128 1940 hilia
2156 1883 2297 1940 bella
2319 1893 2629 1956 gesserunt,
2653 1885 2777 1956 quia
2801 1883 3186 1941 mutandarum
3213 1883 3423 1942 sedium
3453 1899 3602 1940 com-

2001 1975 2262 2032 munione
2291 1991 2400 2032 non
2429 1976 2624 2045 libera,
2656 1977 3000 2050 persistendo
3022 1981 3077 2034 in
3106 1978 3333 2036 sedibus
3352 1980 3485 2043 suis,
3508 1988 3604 2035 aut

2001 2067 2288 2124 infeliciter
2318 2069 2498 2124 necati
2527 2079 2675 2138 sunt,
2699 2077 2792 2126 aut
2819 2070 3053 2140 turpiter
3081 2069 3428 2138 servierunt;
3455 2071 3602 2143 quod

1999 2161 2202 2218 clarius
2237 2161 2651 2233 promptiusque
2683 2162 2818 2234 ipsis
2853 2173 3098 2221 veterum
3129 2165 3298 2236 gestis
3329 2180 3428 2238 per
3455 2164 3604 2223 ordi-

2000 2271 2124 2312 nem
2147 2255 2442 2328 explicitis,
2465 2256 2762 2328 aperietur.

2616 2392 2844 2450 CAPUT
2885 2393 2978 2450 ιιι.

2219 2507 2298 2564 De
2327 2506 2463 2564 bello
2495 2507 2721 2563 Achaico
2747 2518 2793 2563 et
2826 2506 3064 2564 Corinthi
3083 2507 3357 2565 eversione.

2068 2623 2228 2678 Anno
2255 2621 2324 2676 ab
2344 2621 2492 2680 Urbe
2521 2610 2742 2676 condita
2763 2635 2908 2689 nevi,
2940 2619 3044 2676 hoc
3065 2628 3171 2685 est,
3203 2621 3400 2678 eodem
3431 2635 3596 2690 anno,

1997 2732 2104 2787 quo
2134 2725 2190 2772 et
2224 2713 2498 2785 Carthago
2525 2713 2704 2770 deleta
2737 2719 2857 2780 est,
2889 2711 2993 2768 Cn.
3037 2710 3294 2768 Cornelio
3324 2712 3555 2769 Lentulo
3578 2754 3595 2782 ,

1997 2811 2058 2867 L.
2094 2807 2351 2865 Mummio
2380 2822 2552 2874 coss.,
2590 2806 2806 2863 ruinam
2848 2805 3198 2878 Carthaginis
3237 2806 3459 2863 eversio
3497 2807 3602 2862 Co-

1998 2903 2169 2960 rinthi
2218 2903 2512 2959 subsecuta
2561 2911 2668 2968 est,
2714 2900 3054 2971 duarumque
3101 2899 3602 2971 potentissimarum

2000 3000 2214 3055 urbium
2245 3012 2412 3069 parvo
2440 2995 2599 3052 unius
2623 2994 2886 3066 temporis
2916 2995 3204 3052 intervallo
3227 3011 3326 3065 per
3352 2993 3598 3051 diversas

2000 3092 2185 3149 mundi
2228 3098 2408 3162 partes
2448 3088 2758 3146 miserabile
2785 3087 3035 3144 'colluxit
3075 3087 3408 3145 incendium.
3465 3087 3603 3144 Nam

295 3181 451 3238 Unus
481 3183 624 3239 Deus
644 3226 660 3252 ,
707 3185 800 3254 qui
831 3184 1187 3256 temporibus,
1216 3186 1411 3258 quibus
1436 3185 1552 3257 ipse
1583 3186 1893 3244 innotesce-
1921 3199 1967 3264 ο
1997 3201 2122 3242 cum
2151 3186 2169 3218 ¹
2202 3184 2452 3240 Metellus
2483 3193 2685 3253 praeter
2715 3181 2947 3239 Achaeos
2976 3182 3308 3255 Boeotosque
3345 3182 3605 3254 conjunc-

290 3287 352 3329 re
380 3274 544 3347 289
567 3274 759 3344 voluit,
790 3273 931 3332 hanc
957 3277 1105 3348 regni
1133 3277 1322 3333 statuit
1353 3277 1641 3348 unitatem,
1674 3279 1888 3346 abom-

286 3368 456 3426 nibus
481 3379 536 3425 et
562 3367 803 3442 diligitur
832 3378 888 3426 et
918 3370 1160 3428 timetur.
1193 3371 1413 3428 Eaedem
1441 3371 1624 3443 leges,
1652 3387 1771 3443 qua:
1803 3373 1893 3428 uni

295 3462 414 3521 Deo
441 3463 704 3537 subjectae
730 3472 880 3534 sunt,
908 3465 1110 3538 ubique
1135 3465 1487 3525 dominantur
1519 3483 1534 3525 :
1565 3467 1894 3538 ubicumque

2000 3289 2086 3335 tos
2116 3276 2328 3333 duobus
2357 3274 2516 3331 bellis
2540 3315 2555 3341 ,
2583 3275 2690 3330 hoc
2717 3282 2806 3330 est
2825 3319 2840 3345 ,
2884 3275 3059 3344 primo
3094 3274 3236 3345 apud
3265 3274 3606 3347 Thermopy-

2000 3370 2112 3441 las,
2144 3369 2307 3442 290
2333 3368 2532 3424 iterum
2560 3368 2581 3400 ³
2613 3366 2668 3424 in
2708 3366 2954 3442 Pliocmis
2991 3366 3292 3424 devicisset
3321 3385 3334 3423 :
3368 3382 3598 3440 quorum

2002 3463 2185 3537 priore
2213 3462 2360 3519 bello
2389 3460 2574 3519 occisa
2595 3474 2719 3518 esse
2747 3459 2936 3533 viginti
2966 3459 3134 3518 millia
3153 3501 3171 3530 ,
3200 3461 3441 3518 secundo
3473 3475 3603 3534 sep-l

1577 3621 2029 3683 HAVERCAMPI
2068 3621 2301 3679 ΝΟΤᾸΕ.

357 3763 450 3820 50.
494 3762 680 3822 Diante
720 3763 961 3822 Taurica:
1003 3764 1201 3822 littora.
1274 3765 1332 3821 ln
1382 3764 1543 3836 V’ulg.
1597 3767 1879 3821 invenusta

287 3847 512 3909 prorsus
540 3846 622 3891 est
652 3837 834 3899 lectio,
869 3836 1056 3892 Diana:
1081 3837 1318 3893 Taurica:
1343 3839 1578 3904 litatura,
1601 3854 1693 3893 seu
1713 3839 1881 3909 magis

285 3906 540 3980 crudelia
567 3924 737 3965 sacra.
792 3909 978 3964 Invitis
1015 3911 1269 3964 omnibus
1316 3926 1446 3966 mss.
1501 3911 1552 3965 iu
1592 3906 1879 3980 quibus'ea

286 3977 450 4057 lectio
485 3977 580 4049 (in
610 3981 696 4034 ed.
745 3983 973 4050 August.
1004 3996 1220 4057 quoque
1258 3982 1516 4057 servata)
1557 3977 1879 4057 constanter

283 4048 595 4122 exhibetur,
644 4066 804 4122 quam
837 4048 948 4107 nos
989 4048 1162 4108 secuti
1194 4069 1401 4108 smnus.
1464 4048 1678 4106 ltationi
1711 4062 1766 4107 et
1796 4053 1878 4108 hi-

283 4121 473 4174 storiae
503 4121 716 4192 quoque
741 4123 930 4179 eadem
960 4127 1234 4180 convenit.
1263 4123 1379 4180 Non
1403 4125 1547 4180 enim
1576 4125 1874 4191 periculum

283 4199 340 4264 et
372 4195 784 4259 persuasionem
838 4204 989 4251 notat
1029 4195 1282 4264 Orosius,
1318 4207 1496 4252 utrum
1528 4196 1750 4250 litarent
1782 4197 1884 4251 ibi-

281 4262 406 4318 dem
441 4278 506 4318 an
539 4279 670 4332 non,
706 4266 812 4323 nisi
849 4266 1118 4322 humanas
1151 4262 1496 4323 immolarent
1528 4265 1755 4334 hosﬁas,
1785 4269 1882 4323 sed

279 4334 681 4410 crudelissima
719 4338 1027 4410 hospitibus
1074 4348 1231 4394 vocat
1272 4340 1457 4395 littora
1501 4354 1529 4394 a
1559 4339 1792 4410 quibus,
1826 4349 1884 4394 ut

279 4420 404 4476 cap.
433 4422 552 4480 seq.
579 4408 730 4478 dicit,

535 4525 548 4538 .
591 4527 603 4540 .
642 4528 656 4540 .
693 4527 707 4540 .
746 4529 760 4543 .
795 4488 1020 4556 Hospitio
1045 4491 1362 4556 prohibemur
1385 4503 1569 4543 arente.

276 4615 509 4699 Qn_:e_ne
532 4619 806 4699 naufragis
847 4621 1066 4699 quidem
1104 4621 1336 4699 salutem
1352 4637 1395 4699 _a
1425 4623 1528 4699 diis
1550 4637 1865 4699 concessam

276 4689 618 4770 indulgeant.
669 4689 777 4749 Sed
809 4689 1084 4750 crudelius
1128 4694 1306 4770 adhuc
1351 4695 1525 4770 inquit
1567 4705 1691 4770 est,
1724 4698 1867 4766 quod

275 4759 480 4842 ibidem
511 4771 780 4842 praetextu
809 4779 1088 4822 sacrorum
1123 4765 1324 4822 fuerint
1352 4759 1442 4821 bis
1458 4768 1640 4822 miseri
1680 4759 1868 4824 inimc-

273 4829 370 4885 lati
398 4841 456 4888 et
483 4829 757 4891 trucidati.

349 4903 440 4959 51.
486 4903 710 4961 Thracia
736 4923 852 4962 cum
876 4908 1295 4982 Polymnestore.
1323 4911 1398 4966 De
1430 4909 1860 4982 Piolymncstore,

271 4972 552 5053 Thracum
577 4993 723 5053 _rege
748 4981 885 5053 ,_qui
937 4972 1262 5053 Polydorum
1309 4998 1422 5038 sua:
1453 4972 1576 5036 ﬁdei
1604 4972 1863 5038 cummis-'-

271 5047 723 5122 snm‘interfecit,
761 5047 1051 5122 Euripides
1074 5053 1126 5108 in
1159 5054 1398 5111 Hecuba.
1425 5054 1590 5109 Fsan.

346 5117 458 5196 52._
487 5119 564 5174 De
587 5117 913 5196 interfectore
955 5123 1264 5181 Ptolemaeo.
1315 5127 1480 5182 Recte
1507 5168 1523 5194 ,
1572 5140 1744 5196 neque
1769 5138 1870 5182 au-

269 5189 459 5269 tlicndi
494 5206 622 5269 m_ss_.
655 5189 825 5269 Lugd.
860 5195 997 5250 Ball.
1024 5203 1156 5260 tres,
1181 5198 1272 5269 qui
1299 5214 1423 5254 cum
1444 5189 1585 5253 Cdll.
1613 5189 1860 5253 Gronov.

269 5261 482 5340 legunt,
516 5261 871 5340 d_ein_terfecto
897 5284 1017 5340 rege
1039 5261 1267 5340 (rege'in
1301 5270 1490 5326 Venet.
1522 5269 1650 5325 edd.
1681 5270 1856 5340 abest,

266 5342 333 5388 ut
354 5343 425 5410 get
455 5335 714 5410 in__Paris.
738 5335 817 5410 et
836 5335 1033 5410 prima)
1049 5335 1054 5338 Ἴ
1070 5335 1372 5396 Ptolemtco.

343 5405 474 5487 βίη).
507 5406 570 5463 ll.
597 5437 675 5487 -—-_
694 5412 746 5464 l.
783 5405 1202 5481 Qualiscumque.
1252 5413 1390 5487 Edd.
1438 5421 1572 5487 vett.
1624 5422 1678 5469 et
1723 5428 1855 5487 mss.

265 5477 514 5556 quidam,
548 5481 994 5556 qualescumque;
1026 5477 1236 5556 ct'gnox
1267 5485 1504 5556 [fugiendi
1535 5502 1632 5554 pro
1671 5486 1860 5556 confu-

266 5549 452 5626 giendi
482 5549 596 5626 tres
636 5552 806 5622 Lugd.
842 5549 981 5608 Batt.
1015 5564 1070 5608 et
1097 5554 1236 5610 Coll.
1267 5549 1433 5612 Gron.
1465 5603 1478 5626 ,
1513 5549 1604 5626 qui
1634 5549 1853 5626 quoque

263 5620 455 5674 delent
491 5621 580 5693 illa
601 5665 617 5689 ,
647 5620 800 5692 quam
839 5626 1157 5693 conﬁdenter
1207 5629 1438 5682 accessi:
1467 5620 1616 5682 nunc
1644 5620 1741 5692 ine,
1764 5620 1855 5682 ’ξιι-

259 5707 427 5762 quam
448 5732 466 5758 ,
496 5691 598 5747 ista
615 5691 821 5770 ‘Africa
849 5691 1356 5770 excepit.7$cribunt
1381 5699 1580 5754 deinde
1599 5741 1612 5763 ,
1653 5691 1854 5754 dictum

262 5770 419 5840 est‘et
446 5780 562 5840 uere
587 5765 921 5840 dictumiest,
945 5765 1089 5840 quod
1119 5779 1173 5826 et
1202 5772 1256 5825 in
1284 5770 1372 5827 ed.
1406 5774 1544 5840 Aug.
1566 5771 1777 5840 inveni.

337 5834 394 5889 Ω.
442 5834 546 5892 Mei
567 5838 728 5909 juris.
775 5834 917 5898 Tres
957 5838 1149 5913 Lugd.‘
1183 5841 1349 5914 Batt.,
1393 5834 1518 5899 cum
1544 5839 1684 5900 Coll.
1712 5841 1855 5900 Grov

1993 3778 2146 3829 nov.,
2170 3759 2268 3833 inci
2285 3759 2430 3833 juris
2451 3766 2498 3812 et
2529 3756 2628 3813 mei
2648 3756 2876 3833 nominis
2900 3761 3046 3833 sunt.

2061 3825 2357 3890 5.'Necém
2405 3846 2595 3885 meam.
2646 3828 2886 3885 Debetur
2931 3827 3050 3884 haec
3092 3825 3406 3885 emendatio
3451 3827 3577 3885 cod.

1990 3905 2239 3974 Longob.
2289 3901 2376 3957 cui
2425 3900 2926 3974 secund._Fltirerit.
2983 3915 3194 3974 quoque
3239 3900 3584 3974 astipulatur.

1993 3970 2208 4048 Vtilgg.,
2275 3990 2396 4028 nece
2443 3989 2580 4048 mea.
2628 3971 2747 4027 Non
2801 3972 2989 4048 timeo,
3037 3972 3232 4042 inquit,
3267 3970 3585 4042 religionem

1987 4043 2244 4119 hospitis.
2279 4043 2906 4119 ut_certissimam__mibi
2937 4057 3150 4119 necent.

2057 4113 2112 4177 42
2159 4119 2258 4175 Ubi
2308 4117 2376 4172 sit
2420 4117 2515 4187 jus
2567 4114 2801 4185 hospitii.
2854 4114 2932 4168 Ita
2989 4114 3171 4187 malo.
3219 4129 3342 4187 cum
3395 4113 3592 4187 tribus,

1988 4191 2188 4264 Lngd.,
2217 4190 2364 4264 Bon.
2398 4185 2453 4242 et
2480 4187 2618 4264 (_3_ol.l_.
2652 4188 2892 4242 Gronov.
2919 4226 2935 4252 ,
2965 4185 3393 4264 qttamuhospitis,
3439 4186 3585 4264 quod

1989 4256 2101 4320 alii"
2123 4256 2438 4333 praeierunt.
2491 4257 2692 4333 Tribus
2738 4271 2869 4312 vero
2905 4256 3217 4333 exemplis,
3257 4272 3380 4328 quae
3407 4257 3587 4328 capite

1989 4327 2334 4406 praecedente
2357 4327 2982 4406 recensuit,_respon_det
3008 4339 3060 4384 et
3083 4327 3185 4406 sua
3210 4327 3461 4406 tempora
3480 4327 3582 4397 ορ-

1992 4399 2165 4475 ponit.
2212 4405 2294 4462 Ad
2323 4404 2635 4470 exemplum
2657 4399 2927 4475 Busiridis
2944 4402 3262 4475 pertinent,
3293 4416 3397 4454 non
3421 4400 3581 4454 timeo

1990 4471 2114 4534 deos
2153 4477 2378 4550 hospitis
2418 4475 2560 4550 mei,
2602 4471 2671 4526 ad
2716 4473 2899 4527 Diana:
2942 4471 3191 4550 Taurica;
3233 4485 3436 4550 _sacra,
3479 4487 3584 4550 non

1991 4553 2145 4606 timeo
2169 4542 2656 4620 religionemrejus,
2693 4559 2870 4620 necent
2913 4559 3108 4620 meam.
3151 4542 3583 4620 Polymnestoris

1981 4623 2177 4680 sceleri
2221 4615 2287 4677 et
2323 4615 2564 4690 perﬁdia:
2611 4617 2666 4671 in
2725 4615 2935 4672 credito
2963 4616 3067 4671 sibi
3096 4615 3341 4686 hospite,
3369 4615 3574 4670 Priami

1973 4694 2108 4762 lilio,
2140 4710 2246 4749 non
2275 4689 2437 4746 habeo
2464 4689 2639 4756 talem,
2675 4697 2783 4762 etc.

2041 4756 2106 4822 5..
2142 4766 2309 4834 Quam
2331 4762 2692 4834 amo,patria.
2720 4760 2917 4834 Nescio
2936 4758 3080 4816 unde
3103 4756 3410 4834 patriam_in
3439 4757 3569 4814 edd.

1971 4840 2088 4894 suis
2113 4829 2420 4894 exhibuerit
2451 4829 2762 4898 Fabricius,
2795 4829 3304 4902 illumquesecutus
3324 4829 3571 4896 Scottus,

1968 4922 2158 4965 contra
2192 4924 2324 4964 mss.
2355 4917 2507 4964 certe
2539 4913 2594 4960 et
2624 4904 2863 4974 reliquas
2892 4901 3018 4959 edd.
3056 4901 3190 4957 Nata
3222 4901 3394 4974 fuisse
3421 4903 3573 4974 vide-

1968 4991 2056 5036 tur
2083 4991 2340 5050 corrupta
2384 4979 2548 5033 lectio
2587 4972 2900 5050 quod—edd.
2953 4974 3265 5050 putaverint
3310 4972 3568 5050 lineolam

1965 5045 2267 5124 superponi
2294 5052 2572 5124 litterzea,
2596 5045 2719 5124 quae
2740 5047 2964 5121 patriam
2987 5045 3360 5124 juberet‘legi.

2042 5113 2172 5181 isti.
2201 5124 2290 5179 III.
2320 5123 2460 5176 —l.
2489 5113 2965 5189 Metellus'praztor.
2989 5113 3190 5189 Hicest
3209 5117 3274 5184 ρ.
3293 5113 3572 5189 Metellus,

1971 5197 2145 5254 cuiex
2177 5197 2379 5251 virtute
2411 5187 2970 5249 Macedonici'nomen
2991 5188 3324 5256 inditum,ut
3347 5187 3426 5240 ait
3447 5187 3572 5242 Vel.

1969 5271 2109 5326 leius
2141 5267 2236 5324 lib.
2262 5284 2312 5335 ι,
2342 5268 2430 5320 tibi
2460 5265 2663 5321 bellum
2697 5263 2997 5319 Achaicum
3030 5261 3336 5335 describit,
3363 5258 3432 5312 de
3459 5274 3569 5329 quo

1967 5342 2154 5397 Livius
2197 5331 2332 5395 libro
2363 5354 2434 5394 LII
2457 5381 2470 5404 ,
2505 5336 2701 5392 Florus
2735 5336 2872 5390 libro
2903 5349 2942 5390 ιι
2984 5348 3104 5403 cap.
3129 5331 3239 5398 '16,
3274 5331 3566 5404 Eutropius

1967 5414 2063 5468 lib.
2100 5429 2172 5473 tv.
2203 5399 2500 5468 Pausanias
2531 5410 2622 5465 lib.
2654 5424 2748 5471 vtt.
2780 5408 3029 5464 JuSIinus
3055 5399 3242 5459 xxxw.
3289 5399 3458 5456 Fiunt.

2034 5487 2092 5540 ‘2.
2135 5483 2199 5538 In
2221 5482 2457 5538 Phocaeis
2481 5481 2766 5537 devicisset.
2790 5479 3038 5534 Florent.
3063 5490 3146 5545 pr.
3173 5473 3564 5545 sive‘Longoh.

1963 5557 2019 5610 in
2058 5555 2290 5610 Phocide
2320 5555 2536 5610 vicisset.
2571 5553 2662 5610 Sic
2690 5543 3234 5622 conjunction—unde
3260 5543 3411 5622 Flor.
3440 5543 3562 5604 sec.

1961 5637 2016 5700 et
2042 5627 2211 5700 Lugd.
2246 5627 2388 5682 Batt.
2418 5637 2669 5700 quatuor,
2694 5617 2864 5700 Meus,
2894 5621 3146 5700 gerizon.
3180 5625 3245 5700 et.
3269 5617 3566 5700 Uni-.5"...

1961 5699 2104 5756 Coll.
2127 5689 2392 5755 “Gronov.
2435 5689 2500 5754 'in
2551 5696 2740 5751 Phocis
2774 5694 2854 5748 vel
2884 5691 3040 5746 Facis
3083 5689 3369 5744 devicisset.
3420 5689 3564 5748 Puto

1960 5771 2306 5827 scribendum
2333 5784 2458 5826 esse
2501 5772 2554 5825 in
2590 5767 2819 5822 Phocide
2848 5763 3131 5818 devicisset.
3177 5759 3313 5815 Nam
3360 5758 3556 5819 Phocis

1961 5844 2113 5914 regio
2161 5843 2384 5900 Grzncire
2431 5851 2518 5898 est
2565 5839 2709 5896 haud
2761 5839 2920 5906 longe
2966 5850 2996 5891 a
3052 5832 3454 5905 Peloponneso,
3501 5848 3564 5894 at
