4046 6344
556 203 666 262 927

1967 191 2183 252 PAULI
2220 190 2448 253 OROSII

3721 202 3811 262 $28

546 316 792 376 reductae
817 311 1064 372 sanitatis
1109 308 1337 385 gloriam
1386 308 1775 366 vindicassent.
1821 305 1901 363 Ita
1952 307 2154 364 misera
2179 317 2234 380 Α
2258 313 2439 378 capto,
2467 308 2512 342 ³⁸
2536 304 2802 364 Diodotus
2822 304 3040 380 quidam
3065 321 3188 364 eum
3227 307 3538 367 Alexandro
3579 310 3702 382 ﬁlio,
3741 330 3818 373 rc-

553 413 600 447 “
624 422 680 470 et
706 411 774 468 ad
804 409 1089 480 sacrilegia
1121 407 1263 464 male
1287 405 1539 477 religiosa
1569 405 1783 471 civitas,
1832 402 2153 472 mendaciis,

555 505 750 578 quibus
783 503 1001 560 liberari
1043 517 1152 557 non
1197 507 1435 571 poterat,
1464 499 1774 554 ludebatur.
1799 498 1844 530 ’⁵
1864 497 2031 569 Igitur
2057 495 2162 553 Fa-

555 601 680 658 bius
705 598 897 655 consul
926 605 1113 652 contra
1141 594 1430 650 Lusitanos
1453 602 1508 649 et
1532 592 1838 648 Viriathum
1868 592 2158 661 dimicans,

556 695 604 726 ²⁶
635 692 883 749 Bacciam
914 689 1192 761 oppidum,
1223 687 1366 760 quod
1408 687 1686 742 Viriathus
1723 686 2030 754 obsidebat,
2060 685 2158 743 de-

558 787 734 858 pulsis
759 784 1028 850 hostibus,
1061 782 1332 848 liberavit,
1360 791 1417 836 et
1447 781 1499 836 in
1527 779 1860 836 deditionem
1891 795 2011 836 eum
2046 780 2164 850 plu-

557 879 712 935 rimis
743 877 866 933 aliis
893 875 1131 933 castellis
1162 875 1389 945 recepit.
1422 873 1574 930 Fecit
1605 872 1816 930 facinus
1843 873 2006 930 etiam
2035 859 2162 930 ulti-

560 972 661 1028 mis
693 970 939 1028 barharis
965 969 1224 1042 Scythiae,
1265 984 1374 1025 non
1403 968 1582 1026 dicam
1629 969 1890 1025 Romanae
1937 968 2059 1025 fidei
2108 977 2164 1026 et

560 1063 940 1132 moderationi,
967 1062 1324 1120 exsecrabile.
1354 1063 1398 1094 ³⁷
1426 1061 1749 1133 Quingentis
1778 1062 1926 1119 enim
1961 1062 2167 1132 princi-

561 1156 716 1228 pibus
731 1171 944 1224 eorum,
961 1171 1096 1228 quos
1115 1156 1374 1213 societate
1395 1157 1671 1224 invitatos,
1695 1155 1857 1228 295
1877 1155 2166 1212 deditionis

560 1251 679 1322 jure
698 1259 1036 1323 susceperat,
1061 1266 1254 1308 manus
1267 1250 1531 1321 praecidit.
1551 1251 1597 1284 ³⁸
1611 1251 1923 1320 Pompeius,
1939 1265 2168 1322 sequen-

565 1344 632 1400 tis
647 1345 772 1399 anni
786 1343 1000 1406 consul.
1016 1342 1604 1400 [inesNumantinorum
1628 1341 1926 1415 ingressus,
1948 1353 2169 1425 accepta

563 1437 796 1493 maxima
841 1435 1002 1494 clade
1046 1435 1317 1505 discessit,
1371 1453 1478 1493 non
1527 1438 1703 1492 solum
1750 1438 1992 1494 exercitu
2033 1452 2171 1507 pene

564 1529 712 1584 omni
762 1529 1078 1600 proﬂigato,
1126 1544 1318 1584 verum
1370 1529 1533 1585 etiam
1586 1529 1836 1600 plurimis
1882 1529 2168 1599 nobilium,

565 1627 609 1660 ’³
633 1623 731 1696 qui
759 1624 812 1680 ei
837 1625 1047 1680 militia:
1074 1623 1318 1691 aderant,
1353 1623 1712 1693 interemptis.
1758 1608 2034 1680 Viriathus
2069 1639 2168 1680 au-

566 1725 700 1783 tem,
745 1731 869 1772 cum
917 1731 1014 1786 per
1055 1715 1464 1787 quatuordecim
1490 1731 1662 1772 annos
1701 1715 1979 1772 Romanos
2008 1717 2174 1773 duces

565 1821 729 1884 atque
755 1811 1026 1869 exercitus
1051 1812 1420 1884 protrivisset,
1470 1811 1682 1867 insidiis
1729 1827 1954 1867 suorum
2008 1812 2179 1868 inter-

568 1909 742 1965 fectus
771 1916 896 1964 est:
933 1908 986 1962 in
1019 1905 1123 1963 hoc
1151 1905 1268 1962 solo
1295 1905 1556 1961 Romanis
1601 1905 1744 1961 circa
1792 1919 1916 1960 eum
1964 1904 2178 1961 fortiter

570 2000 880 2073 agentibus,
931 1999 1076 2071 quod
1124 2012 1479 2071 percussores
1517 1997 1636 2070 ejus
1671 1998 1921 2070 indignos
1951 1998 2178 2068 praemio

567 2093 900 2164 iudicarunt.
924 2093 995 2150 At
1015 2109 1116 2166 ego
1136 2109 1243 2149 non
1266 2094 1429 2150 modo
1450 2108 1614 2162 nunc,
1639 2109 1824 2148 verum
1849 2093 2010 2149 etiam
2033 2108 2179 2164 saepe

573 2188 902 2246 intertexere
927 2186 1168 2244 Orientis
1199 2187 1294 2242 illa
1317 2187 1368 2224 ³ο
1410 2186 1803 2243 inextricabilia
1845 2185 1983 2242 bella
2021 2197 2178 2258 pote-

573 2296 716 2348 ram,
744 2296 864 2353 quae
886 2294 1011 2336 raro
1038 2294 1292 2350 umquam
1313 2279 1416 2335 nisi
1446 2279 1748 2335 sceleribus
1769 2288 1862 2334 aut
1885 2278 2176 2350 incipiunt,

573 2384 671 2430 aut
690 2374 1083 2430 terminantur:
1110 2373 1208 2431 sed
1231 2373 1625 2444 Romanorum,
1655 2389 1776 2430 cum
1804 2376 1998 2447 quibus
2020 2376 2179 2434 nobis

576 2468 720 2524 actio
749 2478 857 2534 est,
885 2476 1029 2523 tanta
1059 2476 1208 2534 sunt,
1232 2476 1290 2522 ut
1310 2467 1435 2538 jure
1467 2467 1812 2524 fastidiantur
1842 2468 2042 2525 aliena.

650 2561 694 2594 “
725 2560 1063 2618 Mithridates
1094 2570 1224 2617 tunc
1245 2560 1538 2632 siquidem,
1564 2576 1657 2619 rex
1683 2561 2034 2631 Parthorum,
2055 2577 2179 2619 sex-

575 2663 662 2712 tus
700 2655 770 2710 ab
795 2655 1022 2724 Arsace,
1072 2657 1219 2712 victo
1263 2656 1542 2712 Demetrio
1595 2656 1890 2728 praefecto,
1945 2656 2180 2729 Babylo-

577 2748 722 2805 niam
745 2748 934 2805 urbem
966 2746 1214 2820 ﬁnesque
1241 2747 1363 2819 ejus
1401 2749 1690 2804 universos
1739 2748 1917 2804 victor
1955 2748 2176 2805 invasit;

575 2839 780 2898 Omnes
809 2850 1075 2913 praeterea
1103 2849 1297 2913 gentes
1347 2857 1469 2912 quae
1519 2841 1663 2897 inter
1714 2841 2022 2913 Hydaspem
2069 2840 2178 2898 llu-

575 2935 727 2991 vium
773 2943 829 2990 ct
869 2933 1061 2990 Indum
1106 2934 1318 3006 jaceat,
1346 2934 1578 3006 subegit.
1610 2935 1691 2991 Ad
1723 2935 1929 2991 Indiam
1960 2949 2178 3007 quoque

575 3034 865 3084 cruentum
887 3027 1132 3084 extendit
1156 3027 1472 3100 imperium,
1509 3029 1839 3085 Demetrium
1880 3029 2058 3100 ipsum
2088 3042 2178 3084 se-

576 3121 759 3180 cundo
803 3121 910 3180 sibi
956 3122 1102 3179 bello
1147 3131 1554 3193 occurrentem,
1593 3123 1724 3181 vicit
1749 3132 1803 3181 et
1835 3123 1982 3196 cepit
2018 3141 2032 3180 :
2064 3137 2174 3197 quo

2261 415 2427 471 gnum
2457 401 2579 472 ejus
2609 409 2665 457 et
2690 402 2900 472 regium
2928 416 3128 458 nomen
3161 407 3441 476 usurpavit
3473 423 3484 459 :
3513 406 3600 477 qui
3649 420 3814 478 postea

2262 493 2438 564 ipsum
2472 493 2843 549 Alexandrum
2868 493 3062 561 filium,
3088 510 3247 563 quem
3277 497 3590 568 participem
3620 502 3819 570 periculi

2265 585 2317 642 in
2350 586 2702 658 pervadendo
2724 603 2892 659 regno
2918 587 3290 662 habuerat,ne
3318 589 3373 646 in
3405 590 3685 650 obtinendo
3709 610 3817 653 con-

2263 689 2469 738 sortem
2503 680 2750 752 haberet,
2779 682 2999 738 occidit.

2337 775 2382 808 ³³
2404 773 2472 832 Μ.
2527 773 2752 831 Etnilio
2801 775 3030 846 Lepido,
3071 775 3133 832 c.
3170 775 3405 834 llostilio
3431 776 3672 835 Mancino
3698 795 3817 839 coss.

2267 868 2512 942 prodigia
2536 885 2837 941 apparuere
2883 872 3046 944 296
3097 871 3334 941 diversa,
3381 881 3438 928 et
3489 882 3730 943 quantum
3773 878 3815 934 in

2266 962 2398 1033 ipsis
2421 964 2540 1030 luit,
2555 978 2620 1019 ex
2643 979 2796 1021 more
2817 978 3008 1021 curata
3030 974 3191 1032 sunt;
3216 965 3313 1022 sed
3335 981 3441 1022 non
3458 980 3662 1038 semper
3683 985 3823 1026 aucu-

2269 1054 2553 1126 patoribus
2574 1066 2868 1112 eventuum
2896 1067 2954 1112 et
2979 1057 3344 1114 structoribus
3374 1057 3695 1116 fallaciarum
3718 1077 3820 1118 aru-

2269 1147 2530 1218 spicibus,
2545 1149 2841 1220 opportuni
2864 1164 3025 1207 casus
3044 1149 3434 1221 sull'ragantur.
3458 1150 3686 1223 Namque
3699 1152 3820 1208 lian-

2269 1237 2425 1296 cinus
2445 1241 2657 1307 consul,
2676 1249 2722 1282 ιδ
2739 1251 3025 1312 postquam
3047 1257 3078 1298 a
3105 1241 3331 1312 Pepillio
3357 1244 3494 1315 apud
3520 1241 3820 1301 Numantiam

2271 1333 2514 1404 suscepit
2541 1334 2862 1403 exercitum,
2915 1333 3054 1392 adeo
3100 1334 3397 1391 infeliciter
3445 1337 3620 1404 pra-lia
3665 1351 3822 1395 cuneta

2227 1437 2230 1442 '
2271 1424 2459 1496 gessit,
2492 1435 2654 1497 atque
2703 1426 2758 1482 in
2797 1426 2852 1482 id
2888 1442 3144 1498 suprema
3171 1428 3553 1499 desperatione
3576 1429 3823 1503 perduttus

2273 1526 2380 1584 est,
2406 1525 2466 1573 ut
2495 1521 2539 1558 ³⁸
2557 1519 2928 1589 turpissimum
2954 1519 3137 1578 foedus
3163 1536 3288 1577 cum
3319 1521 3652 1578 Numantinis
3678 1524 3822 1580 facere

2274 1622 2602 1682 cogeretur;
2633 1615 2882 1682 quamvis
2911 1623 2965 1670 et
2986 1614 3279 1685 Pompeius
3295 1614 3409 1684 jam
3432 1615 3575 1670 aliud
3604 1617 3817 1687 atquein-

2204 1723 2252 1785 Β
2280 1705 2421 1763 fame
2452 1705 2628 1763 foedus
2651 1721 2776 1762 cum
2805 1707 2998 1764 iisdem
3025 1707 3373 1764 Numantinis
3394 1708 3550 1778 paulo
3573 1717 3688 1764 ante
3703 1710 3823 1779 pepi-

2279 1801 2465 1869 gisset.
2497 1799 2732 1857 Senatus
2763 1804 2809 1837 ³⁸
2839 1801 3062 1857 dissolvi
3094 1801 3292 1868 fmdus,
3324 1810 3382 1858 et
3405 1801 3688 1856 Mancinum
3727 1801 3821 1858 dedi

2280 1892 2624 1948 Numantinis
2653 1894 2932 1964 prmcepit,
2959 1892 3072 1965 qui,
3103 1893 3308 1950 nudato
3351 1908 3592 1965 corpore,
3624 1894 3662 1926 ³⁷
3686 1895 3821 1949 mani-

2280 1988 2382 2044 bus
2411 1996 2534 2059 post
2559 1995 2771 2060 tergum
2803 1989 3087 2054 revinctis,
3118 1997 3250 2045 ante
3291 1998 3476 2059 portas
3519 1987 3820 2044 Numantino-

2281 2097 2400 2138 rum
2427 2082 2730 2152 expositus,
2758 2082 2940 2153 ibique
2970 2097 3142 2153 usque
3169 2081 3223 2137 in
3273 2091 3486 2138 noctem
3541 2096 3755 2147 manens,
3795 2096 3820 2136 a

2279 2174 2393 2230 suis
2421 2173 2695 2242 desertus,
2728 2174 2797 2230 ab
2824 2173 3072 2230 hostibus
3097 2182 3280 2230 autem
3323 2190 3430 2230 non
3459 2181 3734 2245 susceptus,
3760 2173 3820 2229 la-

2279 2266 2575 2339 erymabile
2601 2269 2848 2338 utrisque
2872 2267 3244 2340 spectaculum
3278 2268 3526 2340 praebuit.

2919 2401 3149 2462 CAPUT
3191 2404 3258 2462 V.

2284 2497 2456 2566 Quam
2482 2497 2676 2564 injuste
2704 2497 2928 2554 Romani
2955 2496 3262 2551 Mancinum
3301 2496 3629 2552 Numantinis
3648 2496 3817 2551 dedide-

2350 2572 2474 2625 rint.
2506 2567 2586 2623 De
2611 2569 2768 2624 Bruti
2796 2571 2851 2624 in
2880 2567 3143 2625 Gollwcos
3171 2580 3371 2642 strage,
3418 2569 3596 2642 Lepidi
3635 2587 3665 2624 a
3718 2567 3817 2623 Vac-

2353 2641 2471 2697 cwis
2497 2643 2664 2696 clade.

2354 2756 2673 2812 Exclamare
2696 2754 2799 2810 hoc
2820 2754 2942 2810 loco
2967 2753 3154 2810 dolor‘
3183 2753 3371 2826 exigit.
3399 2753 3506 2810 Cur
3534 2752 3654 2809 falso
3675 2749 3812 2817 Vobis,

2282 2849 2533 2917 Romani,
2559 2863 2752 2920 magna
2788 2848 2880 2904 illa
2909 2849 3128 2904 nomina
3157 2849 3177 2879 '
3199 2847 3454 2919 justitize,
3476 2846 3609 2914 fidei,
3647 2845 3816 2900 fortitu-

2280 2942 2425 3000 dinis
2452 2951 2509 2998 et
2540 2941 2930 2997 misericordia:
2962 2939 3289 2996 vindicatis?
3321 2943 3363 2996 A
3395 2939 3703 2996 Numantinis
3726 2936 3816 2991 hac

2280 3036 2464 3092 verius
2495 3034 2706 3091 discite.
2733 3033 3070 3090 Fortitudine
3097 3048 3238 3104 opus
3263 3033 3397 3090 fuit?
3415 3030 3674 3104 pugnando
3697 3030 3812 3084 vice-

2202 3117 2251 3182 C
2281 3134 2428 3182 runt.
2463 3125 2627 3183 Fides
2655 3124 3013 3197 exigebatur?
3034 3125 3329 3183 credentes
3355 3124 3446 3182 alii
3468 3121 3730 3183 secundum
3751 3135 3814 3189 se,

1861 3326 2315 3387 HAVERCAMPI
2351 3329 2588 3388 NOTIE.

645 3465 737 3522 Ἃ.
769 3463 836 3537 Et
876 3467 945 3520 ad
983 3463 1283 3537 sacrilegia,
1325 3470 1430 3520 etc.
1470 3462 1640 3537 Lugd.
1683 3463 1826 3524 Batt.
1873 3471 2011 3531 tres,
2054 3481 2178 3522 cum

575 3537 720 3594 Coll.
751 3536 1016 3600 Gronov.,
1048 3535 1134 3591 Ita
1161 3535 1352 3590 misera
1378 3545 1425 3590 et
1453 3535 1730 3608 sacrilega,
1766 3537 1898 3590 male
1935 3537 2182 3608 religiosa

577 3610 779 3664 civitas.
808 3608 942 3664 Cod.
976 3610 1113 3678 Aug.
1143 3623 1362 3679 quoque
1401 3608 1482 3662 sic
1526 3607 1676 3678 legit,
1725 3616 1888 3678 atque
1937 3607 2178 3679 insuper,

577 3691 624 3736 ct
654 3679 802 3751 male
819 3681 1064 3751 religiosa
1095 3681 1294 3734 civitas.

647 3752 738 3807 9.5.
773 3749 944 3822 Igitur
971 3750 1167 3805 Fabius
1194 3768 1301 3806 cos.
1351 3749 1428 3804 De
1459 3749 1629 3822 Fabii
1666 3749 1969 3822 iServiliatti
2017 3752 2182 3809 rebus

577 3826 745 3896 gestis
775 3821 965 3878 contra
1001 3823 1300 3896 Viriathum
1331 3821 1633 3896 Appianus.
1662 3821 1825 3878 Fann.

649 3897 740 3951 ‘26.
773 3895 1036 3949 Bacciam.
1066 3895 1197 3950 Mss.
1242 3909 1434 3950 omnes
1479 3892 1744 3958 Bucciam,
1793 3893 1895 3949 nisi
1939 3895 2084 3966 quod
2128 3896 2179 3952 in

582 3968 702 4032 Meo
731 3967 798 4021 sit
825 3966 1077 4020 Buccina.

651 4039 742 4093 27.
778 4039 1084 4110 Quingenti;
1111 4039 1245 4092 enim
1268 4036 1609 4110 principibus.
1644 4036 1719 4110 De
1757 4035 1856 4092 hac
1894 4037 2051 4110 Fabii
2088 4052 2173 4095 se-

580 4113 806 4166 veritate
842 4110 1084 4165 Valerius
1113 4111 1255 4164 Max.
1298 4109 1392 4166 lib.
1432 4125 1492 4179 tt,
1534 4124 1654 4179 cap.
1685 4109 1751 4176 9.,
1793 4120 1846 4164 et
1889 4109 2183 4166 Frontinus

583 4183 724 4238 libro
755 4198 826 4236 Iv.
857 4181 1026 4237 Fann.

653 4255 744 4309 28.
781 4255 1059 4324 Ροηῳινίιω
1085 4254 1341 4324 sequentis
1372 4251 1496 4306 anni
1525 4250 1718 4320 cos.Q.
1747 4251 2035 4322 Pompeius
2065 4270 2180 4311 cos.

583 4341 705 4380 cum
737 4326 836 4384 Cn.
870 4325 1101 4379 Servilio
1129 4325 1386 4394 prione
1413 4339 1558 4378 anno
1583 4338 1747 4387 ncxtt,
1780 4339 1809 4377 a
1837 4325 2183 4382 Numantinis

585 4397 782 4463 victus,
833 4410 1018 4464 pacem
1065 4406 1275 4464 turpem
1322 4395 1470 4458 fecit,
1509 4394 1696 4450 Livius
1740 4395 1876 4450 libro
1906 4411 2018 4463 LIV,
2057 4397 2181 4452 Vel-

585 4469 725 4524 leius
757 4467 894 4523 libro
922 4482 982 4531 ll,
1016 4466 1306 4537 Eutropius
1347 4481 1420 4530 tv,
1461 4467 1611 4536 isque
1651 4464 1878 4520 Romam
1924 4484 2186 4526 reversus

585 4540 926 4606 deprecando
952 4553 1165 4608 poenam
1187 4538 1394 4609 cffugit,
1417 4537 1610 4593 Cicero
1636 4537 1704 4591 de
1729 4537 1884 4592 Oflic.
1909 4555 1986 4598 ιιι.
2015 4539 2181 4595 FADR.

655 4611 748 4665 29.
785 4609 890 4678 Qui
909 4613 954 4664 ei
981 4610 1204 4666 militiw.
1237 4611 1311 4665 lta
1343 4623 1535 4668 omnes
1561 4623 1693 4663 mss.
1722 4617 1781 4664 et
1827 4611 1956 4665 edd.
1987 4613 2186 4667 melio-

586 4698 710 4748 res;
737 4692 1029 4755 niutarunt
1054 4682 1106 4737 in
1146 4685 1260 4755 ejus
1287 4680 1490 4736 militia:
1517 4681 1608 4752 qui
1647 4681 1980 4740 locutionem
2024 4685 2184 4739 istam

591 4771 699 4810 non
734 4754 1146 4809 intellexerunt.

658 4828 749 4882 50.
782 4824 1196 4882 lnestricabilia.
1221 4826 1396 4892 Meus,
1421 4825 1777 4882 exsecrabilia.

658 4901 757 4972 '51.
778 4899 1112 4972 Mithridates
1149 4909 1266 4953 tunc
1291 4901 1565 4971 siquidem.
1597 4900 1692 4972 De,
1707 4900 1809 4972 hoc
1840 4899 1961 4972 lege
2009 4900 2182 4957 Justi-

589 4989 717 5029 num
751 4971 890 5026 libro
915 4986 1024 5026 xu.
1059 4971 1218 5027 Plura
1257 4973 1472 5027 fuerunt
1502 4972 1644 5042 apud
1675 4971 1885 5028 Livium
1904 4971 2056 5030 libro
2084 4989 2179 5042 ιιι,

589 5057 647 5101 ut
667 5061 741 5106 ex,
762 5045 1007 5110 Epitoma
1039 5043 1407 5114 cognoscitur.
1436 5043 1600 5100 Ἐλωί.

657 5117 748 5172 52.
800 5115 1062 5170 Diodotus
1098 5117 1335 5187 quidam.
1397 5115 1645 5170 Diodotus
1686 5125 1771 5172 est
1821 5114 1873 5170 in
1924 5115 2182 5174 Omnibus

588 5200 725 5244 vett.
778 5203 876 5259 pro
904 5205 1012 5262 quo
1042 5189 1096 5243 in
1126 5187 1758 5262 impressisLTltcodotus
1785 5188 1992 5262 legitur.
2026 5191 2184 5261 Sigo—

590 5262 710 5316 nius
736 5274 952 5332 quoque
981 5261 1035 5315 in
1056 5270 1191 5316 vett.
1237 5260 1391 5316 libris
1441 5260 1704 5330 Epitomae
1750 5260 1847 5329 ως
1873 5279 1906 5314 a
1958 5260 2183 5316 Diodoto

587 5333 836 5406 quodam,
868 5333 973 5406 legi
995 5333 1555 5406 testatur.Appiainns
1586 5347 1806 5406 quoque
1856 5335 1908 5387 in
1955 5333 2178 5406 Syriaca

588 5405 840 5460 eumdem
864 5404 1096 5461 Διόδοτον
1118 5405 1382 5459 nominat.
1417 5405 1580 5458 li‘ann.
1607 5434 1676 5444 —
1698 5405 1950 5460 Graviter
1978 5404 2065 5460 hic
2094 5421 2183 5461 er-

591 5486 676 5531 rat
700 5479 946 5541 Urosius,
978 5491 1153 5548 neque
1183 5476 1378 5548 ducem
1409 5491 1566 5529 suum
1592 5476 1870 5548 Iustinum
1901 5478 2174 5546 sequitur.

593 5549 642 5603 Is
663 5549 733 5603 de
759 5548 991 5604 Diodoto
1021 5547 1144 5612 huc,
1167 5548 1285 5602 sive
1314 5547 1630 5618 Tryphone,
1676 5548 1730 5602 id
1776 5547 1922 5602 enim
1977 5564 2174 5605 nomen

593 5635 714 5674 cum
747 5619 979 5690 imperio
1003 5619 1316 5690 assumpsit,
1335 5618 1406 5672 ita
1435 5619 1620 5673 scribit
1649 5620 1741 5674 lib.
1767 5635 2087 5690 xxxv:,cap.
2117 5637 2133 5675 ι
2161 5639 2174 5674 :

593 5690 813 5763 interim
832 5689 898 5744 in
921 5691 1082 5761 Syria
1129 5689 1362 5762 Trypho,
1408 5691 1498 5763 qui
1541 5706 1594 5744 se
1630 5699 1852 5763 tutorem
1897 5689 2174 5758 Antiocho,

596 5760 847 5818 Demetrii
872 5760 1125 5835 priuigno,
1148 5760 1392 5818 substitui
1421 5760 1452 5817 u
1476 5762 1669 5834 populo
1717 5763 2056 5836 laboraverat,
2091 5781 2149 5819 oc

2285 3467 2650 3552 risopupillo,
2677 3484 2893 3552 regnum
2919 3468 3092 3552 Syriis
3114 3469 3340 3552 invadit.
3370 3467 3573 3552 Occidit
3595 3460 3813 3552 ﬁrmitati

2287 3535 2551 3609 pnpiilu'm
2577 3535 3097 3596 suum'Antioc'num
3130 3551 3345 3597 sextum
3375 3537 3654 3609 Alexandri
3677 3535 3816 3609 ’Πιθο-

2285 3606 2492 3684 patoris
2525 3613 2714 3666 lilium.
2750 3612 2797 3668 Is
2826 3615 3127 3668 Antiochus
3159 3614 3386 3684 insuper
3435 3606 3814 3684 Alexandri]?

2281 3674 2414 3755 inen
2449 3683 2704 3739 habuisse
2734 3685 2976 3750 videtur,
3005 3701 3070 3739 ex
3110 3674 3383 3755 Appiano,
3419 3683 3551 3755 libro
3604 3674 3811 3755 deLBelrl-

2284 3753 2432 3825 Syr.,
2460 3770 2514 3822 p.
2544 3757 2669 3822 132,
2697 3757 2784 3808 ubi
2811 3747 3034 3822 Trypho
3063 3747 3266 3810 dicitur
3297 3747 3550 3811 occidisse
3574 3747 3815 3825 nitidiora-

2283 3820 2549 3904 λέξανδρρν
2599 3820 3113 3904 ἐξ-’Λλεξὰνδρορ-τοῡ
3143 3829 3293 3904 νᾲοου
3322 3831 3521 3904 καί-τῆς
3563 3820 3814 3904 Πςτᾳλεῇαξξξξ

2285 3887 2570 3976 ῷπξγαθῤῥ-ς,
2623 3887 2914 3976 puerulum.
2950 3900 3331 3976 Alexandrum,
3377 3895 3647 3976 _Al_e_a:andri
3686 3887 3814 3976 Nolitt'

2289 3968 2886 4045 (id'esi'l‘lie‘Opatoris,
2917 3973 3001 4026 cui
3019 3983 3332 4045 _pr0pterea
3372 3968 3531 4045 Bella:
3571 3972 3813 4045 cognomen

2285 4043 2430 4111 erat)
2457 4057 2520 4095 ea:
2549 4041 2662 4110 ﬁlia
2693 4040 2990 4098 Plolemwi.
3019 4041 3206 4111 Neque
3230 4043 3417 4112 putuit
3436 4053 3551 4094 esse
3591 4040 3813 4106 privignus

2285 4113 2570 4187 Demetrii,
2603 4115 2878 4187 utseribit
2922 4113 3194 4187 Justinus,
3247 4116 3377 4187 quia
3430 4114 3704 4187 decenne!!!
3745 4113 3816 4168 l’er

2287 4176 2670 4254 medicos,'qui
2699 4184 2978 4252 fingebant
3004 4176 3214 4241 calculo
3247 4176 3496 4240 laborare
3519 4176 3810 4235 Antiochum.

2288 4257 2490 4311 occidit
2523 4266 2686 4312 tutor.
2718 4255 2850 4310 Vide
2880 4256 3023 4326 Epll.
3048 4257 3180 4312 Livii
3211 4271 3298 4311 LV.
3422 4325 3429 4326 ί
3519 4321 3548 4326 _
3675 4315 3687 4326 _
3771 4308 3811 4326 ,,

2359 4309 2457 4382 55.
2504 4309 2599 4380 Μ(
2635 4309 2859 4400 manus
2884 4309 3107 4400 ιὶερξᾱῐζ
3125 4309 3481 4400 ίσξιίοειίιειί.
3512 4315 3739 4400 consules
3771 4309 3813 4400 hi

2288 4398 2508 4454 fuerunt
2534 4414 2675 4453 anno
2700 4399 2768 4453 ab
2800 4399 2942 4455 Urbe
2960 4391 3184 4456 condita
3211 4414 3388 4454 ncxvr.
3441 4391 3672 4462 Prodigia
3715 4395 3809 4454 ηυδε

2288 4479 2724 4545 tumcvenerunt
2744 4472 2970 4545 exponit
2987 4473 3328 4545 Obsequens.
3350 4469 3508 4525 Fara.
3672 4533 3682 4545 Ι

2359 4541 2449 4598 54.
2482 4541 2769 4609 Postquam
2797 4541 2828 4596 α
2857 4542 3111 4614 POpillio.
3144 4541 3382 4614 Popillio
3409 4550 3551 4614 recte
3571 4545 3646 4614 est
3671 4541 3716 4587 in
3741 4541 3810 4614 Vc-

2289 4622 2472 4682 tustt.,
2506 4607 2653 4669 unde
2692 4614 2781 4669 alti
2831 4607 3120 4680 Pompilio,
3163 4607 3256 4670 alii
3314 4613 3556 4683 Pompeio
3581 4607 3812 4683 iecerunt.

2289 4685 2360 4741 M.
2395 4675 2625 4755 Popillio
2654 4685 2862 4742 Laenati
2885 4675 3189 4756 superioris
3233 4686 3361 4740 anni
3400 4675 3611 4756 consuli
3657 4675 3814 4756 Μεηρίο

2211 4794 2264 4854 D
2448 4753 2887 4884 1l‘i‘umantiam
2918 4753 3270 4827 successisse,
3295 4755 3460 4812 tradit
3485 4755 3636 4810 etiam
3657 4753 3813 4816 Appia-

2289 4844 2414 4886 lIllS.
2450 4844 2614 4885 [ΑΒΕ.

2357 4900 2862 4979 55.]ανρὶδεῇνηυῃι
2882 4902 3072 4974 (cadus.
3109 4902 3188 4958 De
3215 4900 3332 4979 hoc
3347 4899 3543 4979 [tradere
3555 4885 3810 4979 ΞΜΩηςῖΡ-(ξ

2285 4990 2408 5030 cum
2453 4967 2801 5029 Numantinis
2825 4967 2970 5032 facto
2995 5018 3010 5040 ,
3041 4990 3259 5031 omnes.
3290 4974 3370 5030 Tu
3395 4973 3508 5044 lege
3549 4967 3809 5044 Cicetoﬂem

2282 5046 2383 5104 lib.
2435 5062 2492 5102 Ill
2523 5047 2590 5103 de
2617 5049 2846 5106 Ofﬁciis.
2895 5047 3165 5106 Fann.-—
3190 5039 3532 5118 Sequitur'in
3563 5039 3648 5118 ed:
3664 5039 3809 5118 M1352:

2283 5101 2585 5191 ὲέηᾶρέτᾳιὶέ
2895 5101 3107 5175 nomini
3155 5101 3580 5191 empirobrandum.
3631 5107 3681 5164 in
3719 5101 3810 5156 aliis

2287 5207 2463 5260 neque
2491 5193 2616 5265 edd.
2649 5209 2824 5265 neque
2849 5207 2980 5248 mss.
3015 5193 3366 5265 idgoccurrit.
3389 5259 3402 5265 _
3527 5264 3531 5265 ν
3623 5250 3650 5265 μ
3706 5239 3777 5265 _,_,

2357 5242 2460 5318 3'6:
2481 5242 3128 5335 53.1553?agitauit;
3141 5242 3283 5318 ’ἑιῖπὶί
3298 5242 3428 5318 ad.
3455 5264 3577 5335 vett.
3603 5242 3804 5335 diuertit];

2360 5335 2451 5390 57.
2486 5319 2933 5393 Manibusaiilor.
2972 5319 3055 5407 pi‘.
3085 5343 3141 5391 et
3168 5345 3316 5403 tert.,
3340 5346 3455 5387 cum
3489 5328 3634 5407 lilia,
3660 5319 3809 5407 Μεξζξί

2287 5407 2562 5478 Ρωύῑθιιη
2619 5381 2804 5480 atque.
2825 5381 3004 5478 Li;ng
3035 5409 3152 5463 Bat.
3187 5381 3320 5470 sec],
3371 5381 3806 5480 αξηξρτιδίκςο-Δξάο

2287 5467 2634 5553 Augaettres
2667 5467 2798 5537 mss.
2826 5467 2994 5553 Lugd.
3027 5481 3197 5545 Batt.,
3248 5467 3367 5534 cum
3414 5472 3546 5530 Coll.
3590 5467 3804 5523 Gronov.

2287 5551 2524 5626 manibus
2550 5570 2771 5626 quoque.

2356 5625 2488 5699 (sui.
2519 5623 2584 5682 v',
2607 5623 2677 5667 ._’
2701 5626 2752 5681 1.
2787 5625 2985 5699 Exigit.
3008 5623 3292 5699 _Perizon.,
3319 5627 3479 5699 coget.
3554 5687 3565 5699 ,
3607 5675 3689 5699 Α,

2286 5696 2411 5835 βιὲε
2443 5680 2698 5768 Justitiw,
2727 5680 3040 5768 ﬁdeiflﬁdd.
3072 5704 3207 5752 vett.
3239 5680 3496 5768 qumdam,
3537 5680 3728 5758 justitic
3757 5680 3801 5722 σε

2329 5783 2430 5825 (εδ.
3285 5803 3297 5815 ι

2329 5783 2430 5825 ((81.
3285 5803 3297 5815 .
