4092 6346
215 317 331 379 929

1294 316 1774 380 lilSrTORlARUM
1811 319 2020 381 LIBER
2057 318 2127 380 ν.
2165 320 2322 382 CAP.
2367 321 2462 380 Vl.

3426 324 3534 387 950

216 451 361 510 quos
389 435 678 494 occiderea
705 443 1019 508 potuerant,
1040 444 1200 508 pacto
1229 437 1435 496 ﬁndere
1473 439 1817 497 dimiserunt.
1847 443 1900 502 A
1927 441 2114 510 cisris,
2149 439 2193 474 ¹³
2223 448 2284 496 ιιι
2309 455 2412 496 nec
2439 437 2574 496 civis
2602 437 2854 496 consulat
2875 440 3265 498 convenienter
3287 440 3532 514 ingratis,

214 529 438 587 Justitia
455 529 730 601 probanda
752 531 1077 604 erat?297
1095 533 1507 603 probavitteam
1533 535 1614 591 vel
1636 537 1830 591 tacitus

215 630 468 690 senatus,
493 635 619 677 cum
645 619 809 678 iidem
841 620 1153 678 Numantini
1184 639 1283 695 per
1313 623 1522 696 legatos
1551 641 1683 682 suos
1735 635 1828 682 aut

215 711 543 768 inviolatam
572 727 760 782 pacem
811 713 1007 784 solam,
1053 721 1149 771 aut
1176 729 1369 772 omnes
1412 731 1550 788 quos
1601 719 1828 789 pignore

216 807 376 879 pacis
403 816 631 879 accepto
660 808 813 864 vivos
843 807 1190 879 dimiserant,
1212 810 1598 881 reposcebant.
1619 810 1828 867 Miseri-

213 902 411 959 cordia
439 902 801 960 examinanda
839 904 1204 963 videbatur?“
1233 907 1367 962 satis
1393 906 1703 963 documenti
1734 907 1829 963 de-

213 997 425 1053 derunt
454 997 541 1054 vel
567 998 866 1055 emittendo
890 997 958 1054 ad
989 998 1157 1056 vitam
1182 998 1461 1056 inimicum
1491 1001 1821 1068 exercitum,

214 1090 306 1147 vel
335 1090 404 1146 ad
435 1106 652 1162 pinnam
679 1107 786 1148 non
812 1091 1127 1164 recipiendo
1165 1093 1496 1151 Mancinum.
1541 1095 1826 1151 Mancinus

223 1199 300 1241 ne
331 1200 468 1257 rogo
514 1185 799 1244 dedendos
846 1187 965 1256 fuit,
990 1189 1084 1260 qui
1113 1188 1240 1245 victi
1289 1189 1561 1246 exercitus
1617 1190 1830 1260 impen-

214 1279 447 1338 dentem
480 1281 923 1350 trucidationem,
974 1292 1242 1353 pra'tento
1287 1283 1526 1340 umbone
1552 1284 1695 1355 pacti
1723 1282 1829 1340 lte-

215 1373 376 1430 deris
401 1374 646 1446 dispulit,
678 1375 769 1448 qui
793 1379 814 1411 ⁸
843 1375 1213 1447 periclitantes
1244 1378 1435 1447 patria:
1463 1377 1613 1432 vires
1635 1376 1687 1431 in
1711 1390 1846 1432 me-r

213 1466 359 1524 liora
386 1477 631 1540 tempora
660 1469 1002 1526 reservavit?
1046 1471 1155 1527 Aut
1206 1471 1253 1526 si
1301 1470 1586 1541 displicuit
1646 1470 1822 1527 ﬁedus

211 1563 369 1634 quod
400 1573 614 1634 pactum
643 1573 747 1632 est,
773 1564 1056 1622 eurmiles
1080 1564 1186 1622 hoc
1215 1567 1442 1638 pignore
1486 1566 1821 1638 redemptus,

213 1664 314 1710 aut
343 1671 467 1712 cum
491 1665 884 1724 reverteretur,
915 1667 1172 1729 receptus
1200 1667 1306 1728 est,
1330 1668 1423 1714 aut
1449 1674 1573 1714 cum
1603 1671 1822 1729 repete-

212 1759 396 1815 retur,
428 1749 672 1806 redditus
701 1766 807 1806 non
829 1752 950 1806 est?
973 1753 1078 1806 Aut
1105 1751 1150 1807 si
1178 1751 1386 1823 placuit
1407 1752 1610 1808 servati
1635 1752 1822 1808 militis

1934 545 2036 588 nec
2071 531 2242 588 hoStis
2267 531 2500 588 ﬁdeliter
2543 533 2732 589 credat
2757 532 2956 588 inﬁdis.
3008 524 3230 590 Interea
3258 535 3304 570 ⁸⁵
3335 536 3532 592 Brutus

1932 624 1986 680 in
2017 625 2274 681 ulteriore
2304 625 2582 696 llispania,
2621 627 2902 697 sexaginta
2936 627 3102 683 millia
3143 627 3528 698 Gallazcorum,

1931 715 2024 788 qui
2054 717 2330 774 Lusitanis
2353 716 2398 748 ¹³
2429 717 2629 774 auxilio
2657 726 2944 787 venerant,
2980 721 3283 792 asperrimo
3306 721 3452 778 bello
3479 731 3534 778 et

1930 807 2154 877 dillicili,
2186 810 2429 881 quamvis
2457 811 2700 867 incautos
2722 811 3197 882 circumvenisset,
3229 814 3529 886 Oppressit.

1929 901 2168 968 Quorum
2192 902 2244 958 in
2277 917 2343 959 eo
2367 901 2557 974 praclio
2585 903 2974 977 quinquaginta
3001 906 3174 963 millia
3197 909 3404 975 occisa,
3437 923 3532 964 scx

1931 995 2094 1051 millia
2120 1005 2272 1065 capta
2304 996 2634 1066 referuntur,
2665 999 2820 1068 pauci
2853 998 2976 1070 luga
3007 1009 3323 1056 evaserunt.
3365 1000 3423 1056 In
3449 1001 3530 1057 ci-

1930 1088 2423 1160 tcriorellispania
2464 1090 2703 1162 Lepidus
2757 1093 3084 1163 proconsule
3137 1092 3394 1150 Vaccaros
3451 1093 3534 1149 in-

1928 1183 2142 1238 noxiam
2165 1194 2380 1254 gentem
2416 1193 2469 1240 et
2498 1185 2821 1255 supplicem,
2852 1186 2897 1218 ¹⁶
2921 1187 3086 1243 etiam
3116 1195 3309 1244 senatu
3334 1187 3527 1259 prohi-

1938 1275 2126 1344 bente,
2158 1277 2510 1347 pertinaciter
2535 1293 2844 1349 expugnare
2872 1280 3120 1336 tentavit.
3148 1279 3255 1337 Sed
3288 1296 3412 1338 mox
3440 1297 3533 1338 ac-

1927 1378 2084 1440 cepta
2127 1369 2282 1426 clade
2325 1371 2641 1441 gravissima
2693 1371 2953 1442 improbae
2999 1371 3312 1444 pertinacia:
3343 1388 3532 1445 poenas

1927 1461 2049 1518 luit.
2083 1461 2191 1518 Sex
2236 1463 2405 1519 millia
2445 1463 2648 1535 quippe
2677 1462 3045 1519 Romanorum
3079 1465 3134 1521 in
3183 1465 3290 1523 hoc
3330 1465 3534 1537 injusto

1926 1553 2069 1610 bello
2111 1554 2410 1626 justissime
2452 1569 2593 1613 cmsa
2645 1565 2812 1613 sunt:
2862 1557 3081 1630 reliqui,
3127 1560 3278 1616 exuti
3311 1561 3529 1631 castris,

1925 1649 2093 1705 armis
2121 1650 2283 1705 etiam
2309 1650 2556 1722 perditis,
2603 1663 2912 1709 evaserunt.
2961 1653 3076 1711 Nec
3121 1655 3303 1712 minus
3352 1659 3530 1728 turpis

1929 1743 1970 1775 ¹⁷
1999 1742 2115 1800 ltzec
2135 1745 2237 1800 sub
2266 1744 2474 1817 Lepido
2507 1747 2712 1817 clades,
2741 1764 2904 1818 quam
2949 1751 3052 1806 sub
3105 1751 3357 1807 Mancino
3406 1752 3525 1809 fuit.

208 1841 630 1915 qualiscumque
662 1843 926 1914 provisio,
955 1858 1058 1900 cur
1113 1835 1416 1915 Mancinus,
1447 1845 1541 1917 qui
1573 1843 1677 1901 hoc
1723 1859 1818 1916 pe-
1849 1869 1899 1932 Β
1929 1835 1970 1874 ¹⁸
1999 1836 2072 1891 Ita
2099 1853 2244 1932 nunc
2263 1839 2365 1894 sibi
2389 1839 2506 1895 haec
2533 1850 2777 1913 tempora
2798 1842 2916 1898 loco
2935 1841 3208 1898 felicitatis
3231 1844 3528 1915 ascribant,

209 1935 376 2008 pigit.
409 1936 560 1992 solus
580 1941 601 1972 ⁷
626 1936 842 1994 deditus
872 1936 1008 1993 fuit?

285 2034 311 2064 ⁸
358 2031 542 2104 Nuper
585 2031 781 2102 Varro,
823 2041 884 2088 ut
924 2048 1274 2105 pmpropera
1325 2048 1499 2106 pugna
1550 2031 1802 2104 iniretur,

209 2126 479 2198 collegam
509 2125 736 2182 Paulum
763 2126 1133 2184 obluctantem
1174 2128 1412 2199 impulit,
1447 2127 1812 2198 trepidantem

208 2217 581 2288 praecipitavit
607 2216 932 2286 exercitum,
964 2218 1210 2275 infelices
1251 2219 1460 2290 copias,
1507 2219 1650 2290 apud
1679 2219 1820 2275 inia-

213 2325 336 2365 mes
383 2310 507 2366 illas
556 2311 818 2367 Romanis
865 2312 1113 2370 cladibus
1153 2312 1388 2382 Cannas,
1419 2329 1525 2370 non
1556 2314 1823 2386 disposuit

209 2403 525 2471 certamini,
554 2403 576 2435 ’
606 2404 702 2460 sed
725 2405 982 2475 opposuit
1015 2406 1215 2466 morti:
1244 2407 1362 2478 plus
1393 2422 1558 2478 quam
1588 2407 1822 2478 quadra-

209 2495 367 2566 ginta
398 2496 567 2552 millia
611 2495 687 2552 ibi
718 2497 948 2552 militum
981 2497 1353 2555 Romanorum
1385 2500 1502 2555 sola
1531 2499 1824 2570 impatien-

211 2589 287 2644 tia
319 2603 442 2660 sua,
473 2590 542 2646 de
570 2603 675 2661 qua
703 2590 807 2647 sibi
842 2592 1132 2648 victoriam
1182 2592 1294 2664 jam
1341 2593 1546 2649 dudum
1589 2593 1823 2650 Annibal

209 2683 605 2754 pnesumebat,
635 2685 841 2743 amisit.
872 2685 1094 2758 Collega
1123 2688 1290 2743 etiam
1332 2687 1502 2744 Paulo
1534 2686 1666 2760 (quo
1705 2696 1824 2744 tan-

211 2777 342 2834 dem
364 2778 543 2852 viro?)
577 2779 814 2852 perdito,
847 2783 1146 2840 novissime
1169 2783 1222 2839 in
1263 2783 1468 2840 Urbem
1506 2799 1646 2855 pene
1673 2783 1823 2841 solus

213 2872 697 2945 impudentissime
719 2875 902 2932 redire
922 2891 1086 2934 ausus
1105 2885 1211 2947 est,
1244 2878 1556 2950 meruitque
1586 2894 1698 2936 sua:
1727 2881 1827 2937 im-

214 2968 494 3040 pudentia:
521 2969 826 3041 praemium.
858 2971 902 3007 ¹⁰
930 2971 1062 3028 Nam
1088 2973 1280 3044 gratim
1307 2973 1376 3042 ei,
1401 2973 1545 3046 quod
1568 2973 1633 3029 de
1660 2989 1822 3046 repu-

213 3062 362 3118 blica
397 3077 508 3120 non
549 3063 916 3136 desperasset,
945 3081 1114 3136 [quam
1147 3078 1325 3124 tamen
1355 3067 1470 3139 ipse
1498 3067 1823 3125 feceratde-

216 3165 520 3224 speratam,
551 3156 763 3228 publice
790 3157 844 3212 in
867 3166 1061 3214 senatu
1092 3167 1229 3215 actae
1262 3169 1408 3214 sunt.
1439 3160 1612 3217 Porro
1640 3168 1823 3217 autem

1923 1938 1983 1984 ut
2009 1944 2113 1986 non
2137 1931 2366 1988 dixerim
2392 1931 2638 2004 Hispani,
2662 1943 2739 1990 tot
2761 1935 2960 2005 pulsati
2989 1935 3308 2010 fatigatique
3339 1939 3523 2005 bellis,

1922 2021 2020 2078 sed
2051 2023 2135 2078 vel
2168 2024 2269 2094 ipsi
2319 2025 2512 2081 saltem
2544 2025 2794 2098 Romani,
2851 2037 2958 2084 tam
2999 2031 3279 2086 continuis
3319 2031 3533 2090 subacti

1881 2114 2187 2183 'cladibus,
2241 2117 2508 2190 totiesque
2553 2121 2795 2190 superati
2833 2138 2847 2175 ε
2905 2130 2964 2176 ut
3015 2138 3124 2178 non
3164 2124 3529 2195 exprobrem,

1923 2217 2056 2281 quot
2101 2219 2363 2278 praetores
2411 2227 2624 2280 eorum,
2674 2221 2805 2284 quot
2836 2213 3020 2286 legati,
3076 2226 3209 2286 quot
3252 2219 3529 2285 consules,

1923 2314 2059 2374 quot
2088 2303 2354 2375 legiones,
2395 2305 2692 2377 quantique
2727 2308 3001 2364 exercitus
3044 2310 3354 2380 consumpti
3399 2311 3531 2366 sint.

1924 2397 2060 2453 illud
2092 2398 2267 2454 solum
2307 2400 2553 2468 revolvo,
2587 2410 2788 2472 quanta
2821 2401 2988 2459 fuerit
3025 2405 3236 2460 timoris
3263 2407 3526 2463 amentia.

1925 2489 2081 2547 Miles
2110 2490 2390 2549 Romanus
2414 2493 2721 2561 hebetatus,
2757 2504 2814 2550 ut
2838 2497 2950 2566 jam
2981 2512 3048 2553 ne
3079 2497 3146 2553 ad
3173 2499 3526 2569 experimen-

1927 2592 2040 2639 tum
2083 2584 2298 2655 quidem
2355 2585 2484 2643 belli
2529 2587 2790 2645 cobibere
2844 2591 3063 2660 pedem,
3116 2601 3208 2647 aut
3237 2592 3533 2650 obﬁrmarc

1923 2678 2162 2734 animum
2187 2688 2369 2750 posset
2395 2697 2406 2734 :
2435 2680 2530 2739 sed
2561 2697 2688 2738 mox
2723 2694 3018 2754 conspecto
3050 2684 3293 2758 Hispano
3319 2687 3532 2759 specia-

1926 2769 2052 2825 liter
2083 2769 2265 2841 liostc,
2295 2771 2612 2845 diﬁ‘ugiens,
2650 2775 2792 2830 vinci
2819 2790 2879 2832 se
2908 2792 3046 2847 pene
3077 2779 3230 2849 prius
3259 2781 3533 2848 crederet,

1927 2878 2093 2935 quam
2122 2864 2320 2922 videri.
2364 2866 2486 2935 Quo
2527 2877 2848 2939 argumento
2876 2879 3045 2940 patet,
3080 2873 3221 2943 apud
3268 2884 3533 2944 utrosque

1925 2957 2123 3015 misera
2153 2958 2246 3014 illa
2282 2969 2527 3034 tempora
2565 2961 2830 3033 judicata,
2862 2978 2986 3019 cum
3016 2964 3179 3036 299
3205 2975 3258 3022 ct
3283 2967 3528 3038 llispani,

1925 3051 2030 3106 etsi
2059 3051 2278 3109 vincere
2319 3061 2594 3124 poterant,
2639 3055 2794 3110 inviti
2837 3065 3016 3112 tamen
3067 3058 3383 3118 desererent
3425 3063 3534 3117 otia

1925 3160 2026 3202 sua
2051 3146 2254 3215 dulcia,
2287 3153 2344 3203 et
2385 3146 2527 3204 bella
2556 3155 2783 3204 externa
2833 3149 3152 3222 tolerarent,
3204 3166 3258 3210 et
3302 3154 3535 3212 Romani

216 3247 526 3314 Mancinus,
553 3250 666 3319 qui,
694 3259 842 3306 sorte
887 3250 1079 3307 bellica
1125 3252 1560 3308 circumventum
1607 3253 1820 3310 exerci-
1849 3257 1896 3324 C
1927 3241 2522 3317 quantoimpudcnlius
2572 3243 2768 3300 θίίθηίθ
2814 3242 2983 3316 (ληίοιὶ
3027 3261 3151 3304 ⁵0⁵6
3200 3248 3530 3323 ingererent,

217 3350 338 3397 tum
367 3356 435 3398 ne
473 3342 748 3413 perderet,
783 3343 1070 3412 laboravit,
1101 3345 1172 3401 ab
1216 3346 1410 3402 eodem
1443 3356 1636 3402 senatu
1667 3346 1824 3404 dedi-

221 3437 374 3492 tione
418 3437 706 3494 damnatus
734 3447 839 3494 est.
875 3439 916 3470 “
962 3439 1110 3507 Scio,
1163 3439 1424 3498 Romanis
1474 3450 1530 3498 et
1583 3441 1712 3498 illud
1770 3443 1824 3499 in

219 3527 479 3585 Varrone
516 3528 813 3600 displicuit,
861 3530 956 3588 sed
1009 3533 1176 3605 298
1227 3534 1460 3604 tempori
1498 3549 1823 3591 concessum

219 3629 312 3676 est
343 3639 357 3675 :
385 3632 440 3677 et
473 3621 526 3678 in
553 3620 658 3679 hoc
686 3621 934 3680 Mancino
965 3623 1190 3694 placuit,
1234 3626 1342 3682 sedi
1360 3627 1659 3683 secundum
1690 3637 1828 3684 tem-

222 3727 330 3785 pus
365 3725 755 3788 praasumptum
787 3725 870 3775 est
899 3733 914 3772 :
954 3718 998 3750 “
1028 3729 1193 3792 atque
1216 3718 1343 3776 ideo
1370 3720 1438 3776 ab
1464 3720 1618 3778 initio
1649 3721 1828 3792 perre-

1928 3347 2078 3394 tanto
2102 3336 2308 3409 turpius
2334 3339 2703 3395 vincerentur.

2537 3452 2770 3510 CAPUT
2812 3453 2900 3511 Vl.

1933 3548 2011 3605 De
2045 3557 2336 3604 monstroso
2365 3563 2524 3618 puero
2565 3546 2747 3603 Roma:
2784 3559 2907 3604 nato
2933 3591 2949 3617 ,
2993 3551 3058 3605 de
3102 3548 3284 3609 /Etna:
3322 3565 3530 3612 eructa-

2263 3621 2433 3686 tioue,
2463 3631 2508 3675 et
2542 3618 2674 3675 bello
2702 3622 2878 3675 servili
2911 3623 2966 3677 iu
2997 3624 3206 3680 Sicilia.

2009 3717 2025 3748 ¹
2048 3715 2185 3773 Sex.
2216 3714 2410 3771 Fulvio
2441 3714 2661 3784 Flacco,
2691 3715 2759 3784 Q.
2782 3715 3077 3788 Calpurnio
3107 3720 3306 3778 Pisone
3332 3737 3532 3780 consu-

1533 3811 1983 3873 HAVERCAMPI
2020 3807 2252 3868 NOTIE.

300 3930 354 3984 5.
392 3928 697 3986 Potuerunt.
750 3929 888 3987 Edd.
932 3931 1092 4002 Aug.,
1127 3939 1424 4002 “potuerunt.

297 4003 354 4058 4.
407 4002 559 4058 Eam.
606 4003 737 4059 Mss.
780 4011 893 4060 tres
919 4003 1094 4076 Lugd.
1122 4005 1288 4074 Batt.,
1336 4018 1460 4060 cum
1497 4002 1638 4061 Coll.
1686 4004 1828 4061 Gro-

223 4089 382 4140 nov.,
405 4091 519 4130 eam
539 4075 719 4129 etiam.

301 4147 351 4200 5.
400 4147 541 4220 Satis
567 4148 878 4220 documenti.
933 4147 1037 4204 Ed.
1068 4149 1233 4219 Aug.,
1266 4163 1388 4203 cum
1437 4147 1611 4206 tribus
1653 4147 1825 4220 Lugd.

223 4216 374 4274 Batt.
407 4227 463 4273 et
488 4218 628 4273 Coll.
658 4219 924 4288 Gronov.,
947 4219 1096 4274 addit
1121 4216 1394 4274 indicium.

301 4289 354 4364 ρ.
401 4289 787 4364 Ιξιεγᾷειὲιαῃιεδ.
837 4293 939 4347 Ed.
967 4292 1132 4362 Aug.,
1173 4291 1540 4364 periclitantis.

303 4361 356 4414 7.
397 4361 613 4417 Deditus
644 4363 784 4432 fuit?
836 4365 960 4418 Post
993 4361 1108 4418 haec
1135 4361 1300 4419 verba
1334 4366 1385 4419 in
1411 4365 1498 4419 ed.
1533 4366 1673 4435 Aug.
1703 4365 1834 4421 laci-

228 4432 318 4506 nia
361 4436 608 4501 sequitnr
637 4434 894 4490 tredecim
926 4436 1211 4502 linearum,
1250 4451 1370 4506 qua:
1412 4432 1700 4492 infeliciter
1731 4437 1834 4492 ibi-

227 4505 356 4581 dem
387 4506 605 4581 aliunde
631 4523 696 4561 ex
723 4507 916 4561 Orosio
969 4509 1203 4575 irrepsit.
1253 4505 1475 4578 Incipit,
1511 4508 1832 4581 Quamquam

227 4578 384 4643 inter,
415 4585 470 4649 et
514 4577 652 4641 linit,
685 4581 852 4649 potuit
879 4594 1081 4633 servare
1103 4591 1313 4634 natura.

302 4649 356 4703 8.
398 4647 590 4720 Nuper
621 4647 812 4703 Varro.
870 4651 1020 4704 Bello
1070 4651 1272 4705 Punico
1313 4651 1578 4717 secundo,
1629 4651 1724 4708 sed
1763 4651 1830 4706 de

227 4718 504 4794 Cannensi
530 4720 693 4794 clade
725 4722 862 4778 libro
883 4721 1192 4794 superiore,
1222 4723 1400 4794 capite
1429 4724 1640 4780 decimo
1674 4733 1830 4780 sexto

227 4792 435 4847 dictum
472 4801 577 4847 cst.
654 4792 820 4848 FABR.

306 4863 358 4916 9.
385 4862 511 4938 _Sed
554 4867 794 4938 opposuit
833 4865 1011 4922 morti.
1059 4865 1140 4920 Ex
1192 4865 1498 4923 imitatione
1538 4865 1835 4938 Virgiliana

229 4935 328 4990 lib.
360 4933 491 4991 Ain.
533 4933 630 5004 χι]
653 4935 758 4994 126
783 4954 796 4992 :

587 5087 600 5102 .
641 5088 654 5102 .
692 5087 706 5102 .
747 5089 760 5101 .
795 5051 1082 5116 Tectusque
1107 5059 1305 5103 recusat

330 5111 554 5164 Prodere
579 5127 700 5166 voce
723 5127 813 5166 sua
836 5111 1134 5179 quemquam
1160 5123 1246 5167 aut
1268 5125 1522 5179 apponere
1545 5115 1710 5166 morti.

310 5221 400 5296 lt).
444 5219 586 5296 Nam
629 5223 809 5296 gratim
855 5223 922 5278 ei.
967 5223 1196 5296 Varroni
1240 5222 1489 5296 redeunti
1542 5221 1839 5296 iniUrbem

232 5293 440 5366 gratias
464 5309 493 5347 a
525 5293 729 5366 Senatu
753 5305 904 5351 actas
942 5295 1140 5350 scribit
1169 5295 1356 5350 Livius
1396 5295 1534 5350 libro
1576 5295 1839 5366 vigesimo

235 5365 500 5437 secundo:
534 5363 786 5422 Valerius
810 5368 951 5422 libro
984 5367 1148 5422 tertio
1174 5410 1189 5435 ,
1215 5367 1393 5437 Capite
1419 5363 1650 5436 quarto.
1667 5365 1836 5421 Fana.

312 5437 402 5490 Η.
462 5435 608 5502 Scio,
639 5438 914 5503 Romanis,
961 5449 1070 5494 etc.
1120 5438 1244 5494 Haec
1276 5435 1359 5493 est
1407 5435 1568 5493 lectio
1609 5440 1842 5508 optimo-

238 5523 366 5563 rum
397 5522 530 5562 mss.
561 5508 718 5580 Nam,
750 5510 825 5565 ita
857 5513 1008 5566 clare
1037 5510 1297 5566 exhibent
1322 5509 1471 5565 Meus
1492 5518 1547 5564 et
1575 5519 1683 5564 tres
1719 5509 1842 5563 Flo-

235 5581 469 5647 rentini,
502 5580 643 5653 inter
671 5596 810 5653 quos
849 5583 972 5636 cod.
1005 5581 1252 5652 Longob.
1285 5581 1729 5653 scribettsrsocio,
1767 5581 1845 5653 fa:

235 5653 346 5706 cile
395 5652 658 5721 ostendit,
690 5650 818 5708 'scio
860 5652 1061 5708 ibidem
1117 5650 1319 5709 debere
1370 5652 1582 5720 reponi.
1639 5650 1843 5721 Vulgati

235 5721 400 5794 codd.
428 5720 630 5778 habent
665 5725 738 5777 sic
789 5724 1035 5789 Romani,
1065 5725 1162 5779 sed
1197 5733 1390 5794 praeter
1429 5724 1661 5793 August.
1711 5720 1848 5778 nulli

235 5793 346 5852 nisi
374 5796 740 5862 recentiores;
791 5811 917 5851 nam
959 5793 1207 5862 Venetas,
1251 5795 1500 5850 Parisina
1559 5803 1613 5849 et
1668 5795 1845 5864 prima

235 5869 347 5926 scio
370 5880 585 5942 quoque
615 5867 894 5928 exhibent.
938 5867 1094 5941 Quod
1137 5882 1267 5928 vero
1299 5879 1439 5924 unus
1464 5873 1558 5927 aut
1605 5865 1742 5926 alter
1773 5879 1842 5925 ex

1934 3927 2128 3984 iisdem
2159 3933 2373 4000 mss._et
2400 3925 2730 4000 editionibus
2759 3925 2986 3984 Romani
3017 3946 3128 4000 pro
3164 3931 3416 3990 Romanis
3461 3938 3537 3992 le-

1932 4011 2078 4071 gant,
2122 4000 2174 4053 in
2197 3997 2389 4073 quibus
2419 3999 2802 4070 UltrajeCtinus
2827 3997 3043 4073 quoque
3073 4005 3266 4072 codex,
3297 4009 3403 4062 scio
3428 4009 3535 4065 Ro-

1934 4073 2096 4140 mani,
2127 4071 2283 4126 nauci
2314 4085 2420 4124 non
2460 4078 2560 4125 est.

2008 4144 2096 4219 ῃ.
2138 4145 2306 4219 {itque
2333 4142 2468 4219 ideo.
2502 4142 2665 4219 Fo_rte
2686 4142 2991 4219 legendum,
3025 4165 3167 4219 aeque
3189 4149 3328 4206 ideo.

2010 4216 2110 4292 l5.
2145 4212 2225 4292 Ut;
2245 4229 2333 4292 nec
2362 4214 2509 4268 civis.
2565 4212 2792 4292 Propter
2819 4212 3049 4275 Mancini
3079 4212 3411 4292 exemplum,
3446 4240 3539 4282 ve-

1935 4287 2149 4343 rebitur
2176 4287 2411 4364 similem
2451 4291 2664 4364 .patria:
2712 4301 2975 4364 praestare
3032 4287 3315 4364 utilitatem
3366 4287 3533 4364 civis;

1942 4370 2163 4429 propter
2205 4357 2873 4432 Numantinorum,’ullis
2923 4363 3073 4432 pacis
3131 4357 3539 4424 conditionibus

1941 4433 2172 4487 credere
2203 4430 2391 4484 hostis.

2013 4503 2100 4557 Η.
2156 4497 2348 4556 Brutus
2391 4501 2444 4555 in
2476 4500 2740 4556 ulteriore.
2793 4504 2854 4558 Ι).
2897 4505 3093 4563 Junius
3122 4507 3320 4565 Brutus
3349 4513 3539 4567 consul

1939 4589 2084 4650 anno
2109 4573 2270 4650 Urbis
2290 4588 2451 4650 nexv,
2483 4576 2708 4629 sortitus
2741 4575 3051 4650 Hispaniam
3084 4582 3415 4650 ulteriorem,
3439 4586 3537 4641 de-

1937 4648 2092 4724 victis
2123 4644 2383 4724 Gallwcis,
2409 4658 2728 4724 cognomeo
2750 4644 2877 4724 inde
2914 4650 3134 4718 meruit,
3165 4644 3443 4724 Appianus
3483 4657 3537 4712 in

1939 4717 2164 4790 Hierica,
2189 4716 2395 4790 Strabo
2427 4717 2566 4790 libro
2609 4717 2789 4783 tertio,
2821 4721 3005 4776 Livius
3056 4716 3306 4779 libro-iv
3339 4736 3392 4781 et
3421 4744 3538 4790 LVI,

1858 4788 1912 4849 D
1941 4789 2135 4866 Florus
2166 4788 2305 4866 libro
2335 4788 2598 4855 secundo,
2639 4791 2818 4860 capite
2864 4794 3078 4849 decimo
3111 4797 3364 4866 septimo.
3413 4788 3540 4856 Veli-

1941 4862 2081 4916 leius
2112 4875 2172 4915 ιι.
2251 4859 2417 4916 Fann.

2014 4932 2103 4988 15.
2162 4929 2394 5006 Αηςεὶιξο.
2442 4933 2615 5004 Lugd.
2644 4929 2784 4988 Batt.
2811 4949 3020 5006 omnes,
3055 4954 3180 4995 cum
3221 4938 3360 4995 Coll.
3395 4941 3536 4998 Gro-

1948 5017 2078 5059 nov.
2107 5012 2160 5058 et
2190 5004 2279 5058 ed.
2304 5003 2468 5073 Aug.,
2501 5007 2555 5058 in
2581 5006 2856 5061 auxilium.

2017 5074 2104 5154 16ἷ
2131 5074 2326 5154 _Et_i_a_m
2367 5076 2566 5154 senatu
2597 5078 2912 5154 prohibente.
2969 5080 3143 5137 Cinna
3173 5092 3228 5140 et
3257 5084 3534 5154 Cmcilius,

1943 5145 2105 5218 legati
2129 5148 2184 5201 in
2212 5146 2522 5216 Hispaniam
2546 5149 2611 5203 ad
2641 5148 2902 5219 Lepidum
2931 5155 3104 5218 missi,
3139 5157 3445 5213 attulerunt
3475 5145 3533 5214 Si

1943 5219 2007 5274 C.
2039 5234 2147 5300 quo
2179 5221 2517 5300 cavebatur}
2562 5236 2630 5277 ne
2660 5221 2898 5292 Lepidus
2931 5224 3185 5282 Vacczeos
3213 5229 3360 5284 bello
3387 5240 3538 5300 pete-

1947 5301 2048 5345 ret.
2075 5292 2373 5360 Appianus.
2450 5290 2615 5346 Fann.

2023 5364 2139 5438 Π.-
2160 5360 2303 5438 [lare
2330 5363 2424 5416 sub
2453 5362 2670 5434 Lepido.
2703 5365 2761 5421 In
2784 5367 3012 5438 vulgatis
3035 5368 3253 5438 legitur,
3307 5370 3400 5425 sub
3428 5371 3542 5426 Me-

1949 5433 2177 5510 te_llo.__ln
2209 5435 2454 5510 Epitoma
2485 5433 2570 5491 ω
2595 5439 2666 5492 ita
2696 5433 2901 5510 legitur:
2925 5457 2938 5492 :
2962 5433 3220 5495 Dissimili
3241 5433 3426 5497 eventu
3458 5445 3537 5500 Μ.

1944 5506 2198 5588 ᾼΞηιίζὶαρ
2229 5505 2459 5588 Lepidus
2485 5524 2694 5588 procos.
2736 5505 2978 5588 adversus
3021 5510 3258 5568 Vaccwos
3289 5531 3408 5588 re»:
3425 5535 3542 5588 ges-

1944 5579 2033 5646 sit,
2066 5578 2362 5650 clatlemque
2388 5578 2606 5634 similem
2639 5580 2978 5636 Numantina:
3004 5599 3188 5648 passus
3220 5596 3317 5640 est.
3367 5578 3533 5644 FXna.

2019 5651 2110 5725 [8.
2151 5647 2246 5725 Ita
2272 5647 2426 5706 hunc.
2476 5651 2616 5707 Edd.
2643 5653 3068 5725 qu:edartt_vett.,
3101 5672 3262 5725 {piare
3291 5674 3445 5713 nunc.

2020 5721 2149 5777 Car.
2184 5719 2268 5802 V_l.
2303 5753 2373 5802 τ-
2403 5725 2456 5779 1.
2493 5725 2618 5780 Sem.
2652 5719 2843 5802 Fulvio
2871 5719 3198 5795 Flacco,'Q.
3231 5728 3537 5802 Calpurnio.

1957 5793 2023 5850 lli
2044 5794 2294 5850 consules
2319 5795 2694 5853 fueruntanno
2715 5796 2877 5854 Urbis
2903 5811 3122 5854 ncxvnt.
3143 5793 3412 5857 Caeterum
3437 5804 3542 5857 Ub-

1952 5880 2188 5941 sequens
2208 5883 2432 5940 puerum
2459 5868 2612 5927 illum
2631 5879 2816 5928 natum
2845 5884 2953 5929 non
2979 5867 3061 5931 bis
3087 5872 3540 5941 consulibus,sed
