4092 6346
632 292 736 355 951

638 526 775 580 nus,
809 509 986 566 oculis
1015 517 1277 581 quatuor,
1305 507 1530 563 auribus
1561 504 1787 562 totidem
1814 545 1830 572 ,
1860 512 2054 560 natura
2083 503 2233 560 virili

638 604 863 676 duplex.
899 603 955 658 In
984 602 1170 660 Sicilia
1215 617 1370 658 mons
1399 599 1564 656 IEtna
1606 607 1790 654 vastos
1836 599 1988 668 ignes
2018 605 2236 654 eructa-

634 699 713 755 vit
735 737 750 761 ,
784 712 848 752 ac
868 696 1008 751 ludit
1040 715 1052 749 :
1090 695 1183 763 qui
1217 703 1520 749 torrentum
1563 691 1727 748 modo
1759 707 1855 762 per
1884 707 2050 760 prona
2089 706 2232 761 pra:-

635 788 868 860 cipites,
921 787 1165 858 proxima
1211 801 1441 857 qumque
1488 783 1922 854 corripientibus
1971 795 2236 838 exussere

636 883 903 949 flammis;
949 880 1324 952 longinquiora
1372 887 1558 935 autem
1592 878 1791 934 favillis
1830 877 2023 933 calidis
2048 917 2064 943 ,
2109 890 2232 932 cum

633 989 836 1044 vapore
881 973 1033 1044 gravi
1091 972 1199 1028 late
1232 970 1586 1026 volitantibus
1616 1014 1631 1039 ,
1690 978 2044 1035 torruerunt;
2091 969 2236 1040 quod

639 1064 888 1121 'Sicilire
945 1079 1163 1134 semper
1192 1063 1542 1119 vernaculum
1593 1077 1766 1134 genus
1812 1061 2079 1128 monstri,
2127 1077 2236 1117 non

637 1157 970 1229 portendere
1018 1157 1220 1213 malum
1257 1157 1497 1225 assolet,
1550 1157 1650 1212 sed
1693 1155 1918 1211 inferre.
1953 1155 2008 1210 ln
2057 1155 2236 1210 Bono-

637 1253 812 1310 niensi
837 1268 968 1324 agro
999 1253 1182 1325 fruges
1210 1255 1261 1310 in
1297 1254 1594 1310 arboribus
1621 1253 1644 1284 "
1673 1265 1850 1310 enata:
1887 1265 2034 1308 sunt.
2069 1253 2236 1323 Igitur

634 1345 656 1377 ⁵
681 1349 734 1402 in
759 1344 940 1400 Sicilia
967 1343 1168 1400 bellum
1191 1347 1389 1402 servile
1414 1355 1594 1401 ortum
1618 1354 1726 1410 est,
1751 1345 1894 1415 quod
1914 1345 2050 1399 adeo
2073 1359 2237 1414 grave

636 1451 693 1500 et
719 1450 874 1495 atrox
905 1437 1253 1497 multitudine
1279 1456 1588 1508 servorum,
1619 1441 1882 1495 instructu
1910 1439 2190 1507 cupiarum
2216 1479 2233 1505 ,

636 1551 690 1595 et
718 1539 737 1570 ⁵
766 1537 1137 1608 magnitudine
1173 1535 1370 1591 virium
1407 1534 1507 1590 fuit
1531 1575 1546 1601 ,
1582 1544 1670 1600 ttt,
1700 1535 1720 1565 ⁷
1751 1548 1856 1588 non
1886 1531 2063 1587 dicam
2101 1547 2240 1601 prte-

637 1639 789 1687 tores
814 1630 980 1702 300
1006 1631 1283 1685 ltotnanos
1307 1669 1322 1695 ,
1351 1641 1488 1696 quos
1513 1625 1729 1695 penitus
1759 1623 2067 1695 profligavit
2097 1667 2111 1692 ,
2139 1621 2238 1679 sed

635 1724 895 1781 consules
935 1739 1158 1795 quoque
1199 1721 1482 1780 terruerit.
1516 1719 1649 1776 Nam
1694 1719 2040 1788 septuaginta
2071 1717 2234 1772 millia

2030 289 2238 352 PAULI
2274 291 2501 354 OROSII

635 415 777 474 libus
799 460 814 486 ,
845 415 1035 472 Romae
1065 430 1198 487 puer
1225 428 1289 474 ex
1323 413 1524 470 ancilla
1553 414 1574 447 ²
1604 419 1764 470 natus
1791 419 1874 468 est
1917 411 2232 484 quadrima-
2259 416 2314 478 Α

3841 320 3858 356 δ

3841 320 3858 356 ι

2952 406 3183 468 CAPUT
3220 410 3328 467 VII.
3779 315 3859 374 93‘

2334 503 2414 562 De
2467 503 2760 560 Numantia
2791 545 2807 572 ,
2855 505 3079 589 ejusque.
3121 522 3212 588 per
3266 507 3560 580 Scipionem
3613 515 3862 589 Africanum

2995 577 3274 633 delatione.

2408 693 2425 725 ι
2457 692 2616 748 Anno
2654 692 2724 748 ab
2755 691 2902 750 Urbe
2929 693 3146 749 condita
3186 709 3324 750 ncxx
3347 736 3360 757 ,
3411 710 3526 753 cum
3559 701 3710 773 major
3747 722 3854 776 pene

2334 784 2551 840 infamia
2583 785 2652 842 de
2699 783 2905 842 findere
2935 785 3077 858 apud
3121 785 3458 843 Numantiam
3509 803 3691 861 pacto,
3733 814 3858 868 quam

2335 873 2774 946 apud‘Caudinas
2803 877 3076 948 quondam
3097 875 3331 934 furculas
3345 921 3361 945 ,
3381 879 3630 950 pudorem
3656 884 3863 950 Romana:

2335 968 2532 1026 frontis
2568 981 2823 1028 oneraret
2848 1013 2864 1038 ,
2900 971 3083 1043 Scipio
3125 971 3457 1030 Africanus'
3482 990 3730 1036 consensu
3765 999 3861 1042 om.

2338 1053 2488 1120 nium.
2514 1066 2752 1120 tribuum
2782 1066 2976 1121 consul
3018 1075 3236 1122 creatus
3259 1112 3273 1135 ,
3323 1076 3484 1139 atque
3511 1069 3573 1125 ad
3602 1087 3862 1146 oppugna...

2336 1156 2462 1214 dam
2514 1156 2861 1213 Numantiam
2922 1173 3046 1214 cum
3107 1161 3351 1215 exercitu
3403 1161 3596 1218 missus
3651 1178 3740 1222 εει.
3778 1169 3862 1226 Na-

2337 1249 2538 1304 mantia
2559 1260 2742 1305 autem
2762 1251 3038 1308 citerioris
3064 1251 3359 1322 Hispaniae,
3387 1254 3520 1309 baud
3541 1259 3706 1326 procul
3727 1262 3866 1319 ιγπ-

2339 1345 2468 1398 cacis
2483 1351 2536 1398 et
2551 1343 2838 1399 Cantabris
2856 1346 2909 1398 in
2925 1346 3108 1416 capite
3123 1345 3390 1402 Callaeciae
3414 1347 3532 1414 sita,
3549 1351 3714 1406 ultima
3731 1352 3863 1410 Celti-

2342 1435 2598 1492 berorum
2649 1437 2808 1511 301
2844 1436 2962 1495 fuit.
2995 1439 3015 1470 ³
3047 1437 3173 1494 llaec
3201 1453 3299 1510 per
3327 1455 3499 1496 annos
3524 1447 3867 1512 quatuordet-int

2337 1544 2460 1584 cum
2517 1529 2650 1584 solis
2706 1539 2939 1601 quatuor
2997 1531 3238 1588 millibus
3294 1547 3512 1589 suorum
3577 1539 3866 1610 quadraginta

2340 1622 2508 1677 millia
2541 1621 2910 1679 Romanorum
2945 1639 3052 1680 non
3080 1625 3259 1682 solum
3301 1626 3587 1695 sustinuit,
3635 1630 3718 1686 sed
3743 1633 3867 1690 etiam

2339 1715 2503 1784 vicit,
2559 1716 2934 1789 pudendisque
2971 1717 3267 1775 fmderibus
3308 1718 3506 1776 aﬂecit.
3547 1719 3698 1794 Igitur
3729 1725 3869 1797 Scipio

640 1833 927 1874 servorum
953 1859 968 1885 ,
1006 1827 1118 1872 tum
1147 1817 1198 1870 in
1241 1828 1394 1870 arma
1438 1810 1874 1882 eonspirantium
1902 1810 2068 1866 fuisse
2097 1808 2236 1866 refe-
2268 1825 2315 1886 Β
2346 1808 2632 1865 Africanus
2663 1810 2975 1882 Hispaniam
3019 1811 3297 1882 ingressus
3330 1827 3434 1868 non
3461 1814 3600 1870 illico
3619 1832 3672 1872 se
3693 1817 3867 1889 ingessit

641 1923 858 1978 runtur,
877 1923 1106 1982 excepta
1127 1905 1260 1966 urbe
1287 1909 1560 1976 Messana,
1577 1922 1698 1977 qua:
1719 1921 1908 1962 servos
1936 1903 2236 1962 liberaliter

641 2007 856 2064 habitos
895 2009 948 2062 in
993 2021 1128 2077 pace
1159 2004 1454 2060 continuit.
1488 2002 1760 2057 Caeterum
1810 1998 1998 2056 Sicilia
2046 1999 2098 2054 in
2132 1997 2238 2053 hoc

640 2115 857 2171 quoque
887 2097 1162 2165 miserior,
1188 2098 1309 2168 qttia
1347 2094 1522 2150 insula
1553 2105 1608 2148 et
1635 2107 1928 2160 numquam
1964 2107 2091 2160 erga
2123 2101 2238 2145 sta-

641 2205 753 2249 tum
783 2194 984 2248 suum“
1012 2192 1150 2260 juris
1193 2189 1418 2256 idonei,
1464 2200 1610 2241 nunc
1659 2184 1907 2258 tyrannis
1955 2184 2238 2253 subjecta,

639 2302 785 2343 nunc
805 2287 978 2342 servis
1010 2302 1023 2339 :
1057 2284 1145 2338 vel
1170 2283 1278 2338 illis
1299 2280 1585 2336 dominatu
1608 2277 1863 2349 improbo
1893 2276 2238 2347 exigentibus

637 2376 1081 2438 servitutetn,vel
1111 2376 1228 2430 istis
1257 2374 1688 2445 praesumptione
1711 2383 1968 2442 perversa
1993 2384 2240 2425 commu-

642 2470 887 2527 tantibus
919 2470 1227 2524 libertatem
1254 2510 1268 2534 ,
1313 2467 1554 2522 maxime
1599 2465 1726 2536 quia
1770 2465 1960 2520 clauso
1998 2463 2238 2533 undique

642 2563 804 2636 mari,
831 2576 1056 2633 egerere
1079 2563 1225 2617 foras
1252 2576 1357 2617 non
1389 2558 1550 2615 facile
1573 2568 1750 2629 potest
1773 2557 2092 2613 intestinum
2126 2572 2241 2612 ma-

645 2653 784 2710 lum.
821 2653 1136 2725 Viperinam
1187 2653 1388 2723 quippe
1431 2649 1846 2721 conceptionem
1879 2652 1900 2684 ⁹
1949 2648 2239 2720 perditioni

646 2761 758 2802 sum
785 2745 943 2812 aluit,
973 2761 1067 2802 sua
1096 2743 1324 2800 libidine
1351 2753 1589 2807 auctam,
1623 2758 1718 2798 sua
1750 2751 1928 2799 morte
1951 2743 2243 2797 victui-am.

619 2839 706 2896 iln
732 2839 834 2895 hoc
861 2849 1044 2894 autem
1070 2838 1291 2893 servilis
1321 2837 1587 2892 tumultus
1611 2836 1890 2905 excitatio,
1923 2844 2130 2906 quanto
2157 2849 2247 2890 ra-

646 2933 762 2991 rior
791 2934 1008 2989 caeteris
1031 2974 1047 3000 ,
1079 2941 1232 2987 tanto
1277 2931 1319 2962 ¹⁰
1357 2929 1716 2987 truculentior
1743 2938 1830 2986 est
1863 2947 1875 2983 :
1910 2929 2034 3001 quia
2061 2927 2245 2985 inten-

640 3028 793 3084 tione
825 3033 1202 3083 commovetur
1227 3023 1398 3081 libera
1430 3023 1722 3081 multitudo
1746 3063 1764 3093 ,
1803 3031 1864 3080 ut
1895 3023 2121 3094 patriam
2147 3037 2245 3078 au-

601 3145 606 3150 ·
644 3129 800 3194 geat,
831 3121 1053 3178 servilis
1081 3118 1374 3192 utperdat.

2340 1900 2619 1966 hostibus,
2649 1911 2708 1956 ut
2751 1903 2905 1974 quasi
2961 1905 3208 1960 incautos
3259 1906 3700 1974 circumveniret,
3736 1912 3869 1968 sciens

2342 2010 2636 2064 numquam
2663 1994 2684 2025 ‘
2711 1995 2762 2050 id
2786 2010 2957 2066 genus
3000 1996 3279 2054 hominum
3330 1998 3466 2055 adeo
3507 1999 3555 2055 in
3596 2001 3742 2057 otium
3781 2019 3869 2059 cor-

2342 2105 2475 2160 pore
2529 2101 2691 2161 atque
2734 2090 2922 2145 animo
2973 2091 3211 2159 resolvi,
3272 2100 3331 2146 ut
3361 2107 3468 2147 non
3515 2093 3620 2164 ipsa
3667 2096 3870 2165 qualitate

2345 2182 2678 2239 babitudinis
2749 2198 2861 2238 sua:
2921 2191 3218 2254 apparatus
3277 2185 3505 2241 aliorum
3561 2188 3867 2256 praecelleret,

2346 2276 2442 2332 sed
2488 2275 2820 2346 aliquamdiu
2875 2276 3100 2334 militem
3151 2291 3316 2336 suum
3361 2277 3414 2334 in
3457 2278 3640 2334 castris
3683 2280 3802 2335 velut
3830 2285 3868 2336 in

2348 2369 2556 2424 scbolis
2581 2369 2843 2426 exercuit.
2877 2368 2944 2424 Et
2990 2384 3116 2426 cum
3162 2380 3372 2440 partem
3421 2373 3615 2428 aestatis
3659 2381 3871 2444 totamque

2350 2460 2611 2529 biemem,
2645 2477 2713 2517 ne
2753 2469 3014 2529 attentata
3055 2462 3283 2534 quidem
3324 2479 3520 2536 pugna,
3550 2467 3867 2538 transcgisset,

2346 2555 2427 2612 sic
2455 2571 2672 2626 quoque
2709 2572 2897 2626 parum
2930 2558 3334 2628 propemodum
3381 2559 3480 2616 hac
3517 2559 3722 2630 profecit
3757 2562 3872 2617 intll-

2347 2651 2501 2706 stria.
2533 2651 2772 2721 Namque
2797 2651 2889 2707 ubi
2920 2653 3076 2722 copia
3123 2653 3400 2724 pugnandi
3447 2653 3580 2709 facta
3606 2663 3712 2720 est,
3754 2669 3870 2710 exer-

2347 2746 2486 2801 citus
2516 2743 2797 2801 Romanus
2821 2784 2838 2813 ,
2891 2759 3189 2816 oppressus
3218 2744 3424 2815 impetu
3453 2729 3870 2814 Numantinoritm,

2347 2839 2367 2871 '
2401 2849 2550 2911 terga
2581 2840 2850 2896 convertit
2893 2857 2907 2894 :
2962 2841 3057 2896 sed
3104 2841 3474 2913 increpatione
3501 2851 3551 2898 et
3599 2842 3739 2899 minis
3763 2842 3873 2913 Obje-

2348 2933 2548 2992 ctantis
2577 2943 2699 2988 sese
2728 2930 2973 2988 consulis
2997 2973 3012 2998 ,
3043 2946 3322 3004 manuque
3369 2934 3640 2990 retinentis
3665 2977 3677 2999 ,
3708 2935 3872 2989 tandem

2352 3025 2664 3097 indignatus
2708 3025 2760 3081 in
2812 3025 3024 3083 hostem
3073 3025 3238 3083 rediit
3285 3043 3301 3083 :
3361 3037 3412 3083 et
3464 3041 3615 3098 quem
3658 3026 3875 3098 fugiebat,

2348 3118 2532 3192 fugere
2575 3119 2860 3192 compulit.
2895 3119 3141 3178 Difllcilis
3162 3129 3294 3178 tunc
3319 3120 3375 3177 in
3400 3120 3568 3178 relatu
3591 3119 3708 3178 fides
3731 3161 3744 3187 ,
3762 3120 3780 3153 ‘
3797 3118 3879 3176 Nu-

1943 3234 2400 3293 IIAVERCAMPI
2442 3236 2674 3293 ΝΟΤᾸΞ.

1943 3234 2400 3294 llAVERCAMPI
2442 3236 2674 3293 ΝυΤᾸεί.

649 3331 1053 3458 διῖετὶοτίὺυε,
1085 3330 1146 3386 Ρ.
1173 3330 1338 3387 Furio
1361 3339 1414 3386 et
1437 3329 1568 3412 Sex.
1595 3328 1764 3412 Atilio
1782 3327 2021 3409 Serrano
2050 3329 2264 3412 scribit.
2296 3333 2340 3394 (ζ
2374 3331 2633 3415 anno‘alii
2665 3345 2774 3384 non
2808 3329 3106 3400 Scipionem
3139 3333 3422 3388 consulem
3449 3332 3632 3388 factum
3663 3339 3710 3387 et
3728 3330 3781 3385 ad
3803 3330 3880 3414 litt-

652 3407 695 3462 Α
766 3407 864 3459 hos
879 3419 1008 3459 vero
1041 3418 1188 3458 coss.
1227 3401 1415 3458 Aitute
1440 3401 1751 3458 incendium
1784 3401 1994 3462 aliaque
2020 3402 2262 3462 prodigia
2372 3413 2631 3458 manttam
2658 3405 3073 3462 obpugnandatn
3114 3404 3452 3462 profectum.
3486 3406 3578 3461 sed
3607 3403 3879 3460 Numantiam

766 3407 864 3459 hos
879 3419 1008 3459 vero
1041 3418 1188 3458 coss.
1227 3401 1415 3458 Aitute
1440 3401 1751 3458 incendium
1784 3401 1994 3472 aliaque
2019 3401 2262 3472 prodigia

655 3475 849 3534 refert.
891 3475 1057 3531 Fallit.
1689 3481 1692 3486 '

740 3549 795 3600 2.
831 3547 1004 3602 Natus
1049 3557 1146 3602 est.
1195 3546 1446 3602 Meliores
1487 3559 1646 3610 mss.,
1686 3543 1943 3599 videlicet
1981 3553 2091 3601 tres
2134 3543 2261 3599 Flo-

671 3629 839 3679 rent.,
870 3620 1016 3672 Meus
1047 3630 1100 3674 et
1125 3621 1400 3685 l'eriznn.,
1425 3618 1607 3671 delent
1642 3616 1862 3670 verbum
1897 3617 2189 3685 posterius.

731 3692 786 3745 5.
819 3690 1018 3747 Sicilire
1045 3688 1375 3762 vernaculum
1399 3705 1558 3762 genus
1587 3688 1819 3762 monstri.
1852 3688 2024 3762 Supra
2058 3687 2153 3742 lib.
2185 3702 2263 3755 tv,

656 3777 777 3832 cap.
796 3768 848 3826 6,
867 3765 932 3818 tle
945 3761 1288 3833 Carthagine,
1306 3761 1754 3830 Carthaginienses
1770 3761 2098 3833 vernaculum
2115 3771 2267 3821 atque

661 3835 964 3890 intestinum
995 3832 1195 3905 semper
1217 3835 1352 3888 inter
1373 3850 1426 3888 se
1456 3833 1644 3884 nmium
1669 3833 1892 3886 habuere
1924 3832 2168 3905 discordi.
2193 3849 2260 3884 ni.

737 3905 794 3960 4,
831 3905 1019 3961 Εηαιω
1069 3904 1210 3960 sunt.
1263 3905 1386 3960 lla~c
1431 3905 1758 3973 eptitnorum
1805 3919 1900 3960 sex
1929 3904 2014 3959 vel
2056 3915 2262 3972 septem

668 3979 829 4034 codd.
865 3977 1026 4033 lcetio
1048 3986 1152 4032 est.
1185 3976 1390 4047 Vulgo,
1423 3985 1558 4030 nata:
1584 3985 1726 4030 sunt.

2372 3404 2631 3474 mantiam
2658 3405 3073 3474 Oppugnandam
3114 3404 3452 3473 profectum,
3486 3406 3578 3461 sed
3607 3403 3879 3460 Numantiam

2368 3473 2438 3529 ab
2465 3489 2532 3530 eo
2563 3473 2924 3544 expugnatam
2955 3474 3220 3530 scribunt.
3256 3475 3427 3532 ann.

2438 3547 2494 3601 2.
2542 3543 2807 3600 Consensu
2854 3547 3084 3600 omnium
3129 3548 3379 3603 tribuum.
3420 3547 3604 3604 Nescio
3647 3544 3880 3618 cquidem,

2375 3619 2572 3687 quibus
2601 3618 2902 3672 rationibus
2940 3621 3070 3672 muti
3102 3619 3191 3672 alii
3221 3627 3560 3675 correctores
3593 3621 3878 3688 scripserunt.

2369 3704 2624 3744 consensu
2664 3689 2899 3743 omnium
2935 3705 2998 3744 ea:
3029 3689 3236 3744 tribuno
3262 3691 3446 3746 consul
3487 3700 3692 3754 creatur,
3726 3704 3820 3744 cum
3843 3689 3880 3742 in

2371 3761 2753 3830 manuscriptis
2793 3775 2952 3814 secus
2985 3761 3212 3828 legatur.
3264 3761 3436 3818 ΙεἈιιιι.
3476 3762 3637 3818 Causa
3666 3761 3800 3816 fuisse
3825 3761 3881 3813 vi-

2369 3831 2527 3887 detur
2555 3873 2570 3897 ,
2601 3831 2743 3900 (med
2770 3834 2821 3886 in
2853 3831 3174 3902 quibusdam
3211 3849 3345 3888 mss.
3380 3837 3669 3889 invenerint
3693 3833 3881 3886 vitiosam

2371 3905 2509 3958 banc
2537 3903 2823 3958 lcetiotem
2845 3945 2858 3965 ,
2893 3906 3120 3959 omnium
3151 3906 3492 3960 tribunorum.
3524 3904 3594 3960 lla
3618 3905 3743 3960 enim
3781 3903 3880 3955 scri-

2369 3975 2517 4049 bitur
2538 3976 2589 4030 in
2617 3974 2796 4049 Lugd.
2823 3975 2940 4032 Bat.
2973 3992 3055 4046 pr.
3085 3985 3138 4032 et
3169 3979 3333 4033 tertio
3361 4022 3376 4046 ,
3401 3972 3880 4049 atqueinsuierCt-ll.

745 4051 800 4104 5.
828 4047 893 4102 In
932 4051 1118 4104 Sicilia
1151 4043 1362 4102 bellum.
1399 4048 1516 4102 lloe
1553 4047 1742 4100 bellum
1776 4043 1980 4120 servile
2008 4045 2268 4120 excitavit
2367 4045 2611 4102 Gronov.
2642 4043 2822 4120 lu'cd.
2870 4043 3004 4117 Aug.
3053 4049 3253 4120 abest;
3279 4043 3401 4104 Mos
3445 4043 3510 4103 a'd
3553 4044 3883 4120 expugnandum

682 4118 872 4176 Eunus
901 4121 1068 4191 Syrus
1099 4137 1163 4176 ex
1195 4123 1327 4176 urbe
1351 4121 1612 4188 Apamea,
1637 4132 1829 4174 servus
1860 4117 2140 4186 Antigenis
2161 4119 2264 4174 Eu-

671 4195 878 4248 nensis.
913 4193 1079 4262 Cujus
1105 4192 1242 4247 belli
1274 4207 1517 4253 causam,
1548 4191 1784 4255 (ladem,
1818 4204 2144 4260 omnemque
2172 4207 2264 4245 ra-

667 4265 870 4318 tionem
893 4279 920 4317 a
943 4265 1184 4320 Diodoro
1204 4262 1712 4320 Siculolibroxxxw
1731 4263 2059 4331 descriptam
2077 4263 2265 4318 Latine

671 4335 842 4390 edidit
870 4335 1134 4390 llrnrit-us
1156 4335 1480 4404 Stephanus.
1504 4333 1582 4387 De
1610 4335 1802 4388 eodem
1832 4332 2025 4404 Florus
2054 4333 2146 4404 lib.
2181 4349 2261 4399 ιιι,

671 4421 722 4460 c.
749 4407 832 4463 l9.
851 4421 900 4462 et
922 4407 1103 4462 Livius
1127 4407 1220 4459 lib.
1245 4403 1350 4460 ιιι.
1369 4404 1608 4459 Meminit
1626 4404 1906 4472 Appianus
1929 4403 2021 4459 lib.
2041 4420 2076 4459 t.
2095 4403 2260 4460 Fssn.

742 4477 797 4532 li.
843 4479 1211 4549 Magnitudine
1237 4478 1442 4532 uirium.
1477 4473 1928 4549 Cuttjttuctionem
1960 4485 2040 4542 et,
2081 4477 2264 4530 invitis

671 4563 804 4602 mss.
839 4547 1087 4604 omnibus
1109 4591 1126 4617 ,
1161 4549 1498 4604 iutruserant
1539 4547 1808 4613 editores,
1843 4562 2007 4614 quam
2049 4549 2261 4602 sustuli.

749 4620 800 4692 7.
836 4620 957 4692 Non
985 4622 1159 4676 dicam
1179 4630 1446 4692 primores.
1496 4617 1739 4692 Quatuor
1781 4627 2102 4688 primorum,
2140 4618 2261 4672 Μα-

675 4690 816 4757 nilii,
854 4691 1086 4760 Lentuli,
1124 4689 1351 4757 Pisonis,
1387 4689 1622 4761 Hypstei,
1653 4700 1830 4761 castra
1863 4705 1892 4743 a
1913 4692 2082 4747 servis
2106 4701 2260 4760 capta

2369 4131 2568 4190 pra-ter
2598 4119 2725 4176 edd.
2759 4119 3016 4189 quasdam
3041 4129 3173 4176 vett.
3215 4119 3364 4176 Flor.
3398 4137 3510 4178 sec.
3548 4117 3881 4190 et'Lugd._Bal.

2369 4188 2452 4260 pr.
2483 4207 2745 4262 terrorum
2776 4188 2991 4260 quoque
3021 4207 3118 4262 pro
3171 4207 3388 4247 suorum
3447 4201 3555 4249 tres
3592 4190 3743 4262 Lugd.
3782 4188 3883 4243 Bstt.

2367 4277 2489 4316 cum
2523 4262 2661 4319 Coll.
2687 4261 2932 4318 Gronov.

2441 4335 2494 4389 5.
2525 4333 2654 4389 Ηατ
2684 4350 2773 4404 per
2793 4350 2955 4388 annos
2985 4350 3096 4389 xw.
3146 4333 3342 4391 Florus
3385 4336 3509 4390 libr.
3554 4349 3628 4400 tt,
3673 4348 3773 4400 cap.
3805 4329 3884 4404 l8:

2370 4403 2660 4460 Numantia
2685 4402 2931 4475 quatuor
2968 4406 3194 4461 millibus
3233 4407 3600 4462 Celtiberorum
3627 4422 3685 4460 ιι.
3723 4402 3887 4457 millium

2366 4480 2645 4532 exercitum
2679 4494 2768 4546 per
2801 4493 2964 4532 annos
3002 4495 3088 4532 XIV
3135 4479 3248 4533 sola
3292 4481 3552 4534 sustinuit.
3586 4479 3817 4547 Appianus
3851 4476 3886 4525 itt

2370 4547 2674 4617 IliSpanicis
2721 4551 2910 4603 scribit
2963 4549 3414 4606 Numantinurutn
3469 4560 3590 4606 ante
3619 4551 3786 4603 bellum
3813 4560 3888 4598 non

2367 4619 2538 4674 fuisse
2567 4620 2800 4688 amplius
2827 4632 2951 4676 octo
2981 4622 3168 4677 millia.
3198 4623 3305 4677 Eos
3328 4624 3396 4679 de
3428 4624 3584 4678 rebus
3625 4635 3654 4674 a
3692 4620 3889 4689 Scipione

2368 4691 2434 4746 ad
2459 4691 2804 4762 Numantiam
2833 4694 3000 4762 gestis
3028 4693 3165 4762 lege.
3193 4693 3358 4750 FABB.

675 4737 1103 4836 ἕὲἕιῐίιῖὲἰᾈῖἰὶἑ.
1124 4737 2260 4836 maxime};'Liiigsiiiu'qiiinisiﬁ
2288 4737 2343 4798 D
2367 4737 3004 4836 ξ“ί.’ἳᾶ“ᾖὲὶῖιὶὲ.⁰ἵέὂὲιῖ
3029 4737 3404 4836 ’ῒόἧέιῗυῖ“ὶει
3453 4776 3561 4822 tres
3599 4777 3715 4820 mss.
3761 4756 3887 4831 Lugd.

673 4833 764 4904 qui
799 4835 965 4891 lloma
1002 4837 1053 4890 in
1081 4835 1320 4891 Siciliam
1367 4849 1488 4889 cum
1533 4843 1658 4888 octo
1691 4835 1928 4890 millibus
1954 4833 2260 4890 Siculorum

675 4907 907 4962 militum
956 4907 1260 4976 prefeCtus,
1308 4905 1601 4976 commisso
1651 4905 1840 4976 pra-lie
1879 4907 2053 4961 victus
2103 4917 2188 4962 est
2231 4920 2263 4962 a

675 4981 868 5034 servis.
907 4975 982 5034 De
1010 4979 1328 5034 consulibus
1354 4977 1492 5032 infra
1521 4975 1752 5031 dicetur.
1789 4976 1953 5032 FABR.

757 5053 812 5108 8.
844 5051 992 5106 Juris
1022 5051 1218 5106 idonei.
1239 5049 1373 5105 Tres
1403 5047 1572 5119 Lugd.
1612 5049 1778 5117 Batt.,
1812 5064 1934 5103 cum
1966 5048 2102 5104 Coll.
2128 5048 2266 5105 Gro-

673 5143 825 5193 nov.,
841 5123 1046 5180 addunt
1070 5124 1188 5194 fuit.
1208 5120 1440 5191 Quidam
1461 5134 1682 5192 quoque
1699 5130 1902 5177 mss.et
1923 5121 2054 5177 editi
2077 5131 2149 5176 est
2172 5120 2268 5176 ad-

673 5201 807 5257 dunt
825 5204 946 5267 post
965 5195 1157 5250 insula.

746 5278 799 5328 ti.
826 5262 1118 5323 Perditioni
1136 5280 1263 5321 sum.
1291 5263 1365 5320 lla
1389 5267 1609 5322 omnino
1632 5262 2006 5335 refingendum
2037 5279 2102 5318 ex
2131 5279 2264 5319 mss.

676 5345 824 5402 Flor.
856 5356 938 5411 pr.
969 5352 1023 5396 et
1051 5354 1170 5411 sec.
1201 5347 1361 5408 atque
1390 5338 1638 5394 Perizon.
1681 5337 1830 5394 Meus
1876 5335 2098 5392 exhibet
2149 5352 2266 5407 per-

675 5410 870 5473 ditione
896 5428 1014 5467 sua.
1046 5410 1230 5480 Vulg.,
1264 5411 1568 5480 perditionis
1593 5425 1724 5466 sum.

748 5487 835 5545 l0.
858 5478 1227 5538 Truculentior
1255 5478 1352 5536 est.
1384 5482 1442 5537 lu
1463 5484 1576 5538 illeo
1601 5497 1704 5540 non
1729 5479 1904 5551 reperi
1922 5478 2146 5536 verbum
2165 5487 2260 5533 est.

678 5560 847 5632 Lugd.
873 5556 1012 5612 Batt.
1038 5563 1169 5632 tr_e_s,
1188 5553 1462 5610 cumColl.
1488 5554 1754 5620 Gronov.,
1767 5551 2032 5632 crudelior
2049 5562 2142 5632 est.
2162 5552 2265 5632 {fro

679 5623 1051 5693 commovetur,
1080 5627 1228 5682 Meus
1249 5641 1460 5696 quoque
1489 5635 1740 5681 movetur.
1765 5623 1870 5681 Sed
1895 5624 2004 5696 illa,
2038 5623 2156 5694 quia
2173 5623 2258 5675 ἕης

678 5706 939 5768 tentione,
976 5709 1082 5756 etc.
1106 5699 1239 5755 Cod.
1282 5698 1532 5753 Perizon.
1567 5698 1643 5752 ita
1685 5697 1892 5754 scribit.
1931 5695 2048 5765 Qua
2088 5697 2258 5750 inten-

681 5778 841 5836 tione,
878 5782 996 5836 etc,
1024 5787 1083 5826 ea
1113 5769 1311 5826 servilis
1333 5779 1385 5824 ut
1405 5770 1609 5841 perdat.

751 5846 883 5904 Car.
922 5841 1032 5899 VII.
1058 5871 1128 5883 —-
1159 5843 1210 5900 l.
1257 5837 1415 5900 Anno
1450 5842 1512 5898 ab
1562 5839 1699 5896 Urbe
1737 5841 1890 5897 conti.
1934 5853 2094 5898 ocxx.
2149 5837 2263 5898 lloc

2366 4833 2508 4910 Ball.
2530 4833 2696 4910 1‘cn'ttt
2732 4837 2856 4892 cod.
2886 4838 3030 4910 Aug.
3048 4877 3064 4910 ρ
3090 4833 3370 4910 Ιιοίςειιιιε
3401 4837 3660 4894 scribunt.

2368 4976 2419 5032 ὁ.
2439 4907 2492 4964 ii.
2529 4905 2694 4979 Terga
2722 4902 2999 4963 convertit:
3016 4908 3165 4963 Meus
3183 4902 3365 4980 fterga
3388 4911 3553 4965 vertit.
3575 4907 3714 4977 Quod
3747 4902 3891 4961 melius

2409 4989 2572 5032 tctum
2601 4988 2706 5032 est.

2409 4989 2572 5032 Ictum
2601 4988 2706 5034 est.

2441 5053 2492 5105 6.
2521 5047 2872 5105 Numantinos
2894 5061 2941 5105 et
2973 5051 3227 5124 fugarere.
3260 5051 3394 5108 Cum
3433 5051 3554 5108 edd.
3598 5065 3708 5124 qua:
3749 5043 3894 5124 Fabri-

2370 5121 2554 5196 e_ianas
2601 5117 3373 5196 [irtecesserant(baberent,
3408 5117 3721 5196 Di/ﬁcilisin
3768 5117 3893 5172 relaltt

2371 5192 2501 5270 [illas
2526 5235 2540 5259 ,
2595 5192 2950 5270 Numantinos
2978 5207 3026 5249 et
3052 5196 3321 5270 jugarere
3347 5192 3368 5260 ,⁷
3383 5192 3538 5270 ειες,
3565 5207 3620 5270 ut
3646 5193 3790 5270 prima
3809 5201 3894 5241 ont-

2368 5265 2514 5320 nium
2544 5306 2558 5330 ,
2599 5272 2762 5336 atque
2793 5269 3018 5337 August.
3052 5265 3270 5337 Veneno
3297 5279 3351 5325 et
3382 5268 3554 5324 Paris.
3589 5267 3805 5337 Reliqua;
3823 5273 3894 5337 au-

2371 5344 2518 5410 tem,
2545 5329 2817 5410 Bolsuing.
2845 5329 3066 5409 quidem
3083 5381 3097 5406 ,
3122 5335 3371 5410 Difﬁcilis
3400 5350 3518 5394 tunc
3541 5340 3593 5393 in
3613 5329 3758 5410 relatu
3776 5329 3894 5409 ﬁdet.

2365 5417 2414 5483 e_t
2453 5408 2818 5483 Numantinos
2867 5408 3105 5483 ffugiere,
3159 5408 3264 5467 etc.
3295 5412 3400 5468 Pro
3422 5412 3614 5483 fugiere
3640 5408 3895 5483 llittorp.tn

2370 5477 2704 5556 Fabricianis
2735 5477 2950 5537 edittini
2975 5483 3072 5539 fttit
3102 5484 3321 5555 fugere;
3349 5477 3500 5556 (ιυρᾱ
3543 5483 3815 5556 neutiquam
3839 5482 3897 5556 to-

2369 5551 2534 5627 lerari
2565 5567 2687 5608 cum
2717 5565 2922 5627 posset,
2957 5549 3134 5626 fugere
3161 5549 3402 5627 reposuit
3431 5555 3664 5627 Scottus.
3685 5549 3778 5606 Sed
3804 5554 3895 5627 νεηα

2371 5624 2533 5701 lectio
2561 5634 2648 5701 est
2673 5613 3041 5701 et'fugarere:
3075 5613 3244 5701 quani
3276 5629 3484 5701 diserte
3527 5613 3896 5701 exhibeutngoll:

2371 5695 2692 5769 Longob.ret
2739 5689 2923 5764 Meus,
2978 5689 3138 5769 atque
3168 5699 3512 5754 subindicant
3557 5707 3750 5767 quoque
3775 5689 3834 5742 illi
3858 5689 3896 5737 in

2369 5768 3210 5842 quibuse/fugavereseribitur,ut
3231 5770 3365 5827 Ultr.
3380 5782 3428 5824 et
3449 5769 3678 5842 Floreut.
3697 5769 3897 5842 semcttm

2369 5830 2510 5898 Coll.
2533 5830 2772 5900 Gronov.
2790 5857 2955 5916 supra
2977 5857 3074 5914 pro
3096 5830 3268 5900 ridere
3294 5844 3346 5901 in
3362 5843 3480 5900 Meo
3504 5838 3736 5898 scribitur
3753 5830 3896 5888 virere.
