4092 6346
255 321 363 382 οδε

1298 317 1774 380 IIISTORIARUM
1812 317 2021 380 LIBER
2064 318 2129 378 V.
2168 318 2327 377 CAP.
2373 317 2510 379 Vill.

3445 320 3555 385 934

251 435 526 495 mantinos
554 440 611 492 et
642 432 896 506 lugavere
914 476 931 504 ,
961 439 1019 490 et
1061 431 1330 505 fugientes
1354 434 1541 492 videro
1582 435 1834 494 Romani.
1864 436 1916 499 Α
1941 435 2024 491 vis
2050 434 2312 506 germinis
2336 433 2659 493 madefactas
2688 432 2891 509 frugis,
2918 448 2985 494 ac
3011 433 3210 494 deinde
3229 436 3466 495 siccatur
3496 448 3557 497 et

251 528 410 588 Unde
433 528 688 602 quamvis
715 526 903 599 Scipio
929 568 944 596 ,
967 527 1095 599 quia
1125 536 1325 600 praeter
1352 543 1506 601 spem
1537 529 1844 600 acciderat,

249 623 466 681 laetatus
493 638 550 679 et
570 622 835 694 gloriatus
861 631 1045 688 esset,
1075 630 1256 678 tamen
1285 622 1427 679 ultra
1451 622 1472 654 "
1500 622 1709 679 bellum
1748 624 1849 680 ad-

249 733 449 776 versus
476 732 575 774 eos
602 716 914 773 audendum
937 730 1046 772 non
1067 730 1211 782 esse,
1242 715 1520 788 professus
1546 727 1648 773 est.
1664 717 1852 788 Itaque

246 811 435 885 Scipio
464 810 827 869 insistendum
860 809 1156 882 inopinatis
1204 810 1559 881 proventibus
1600 813 1849 880 censuit,

244 905 446 964 urbem
474 907 647 976 ipsam
667 904 952 963 obsidione
980 905 1287 970 conclusit,
1316 907 1340 939 ⁸
1364 907 1505 963 fossa
1552 907 1713 962 etiam
1743 908 1852 962 cir-

244 1000 563 1058 cumdedit:
595 1000 759 1073 302
785 999 943 1071 cujus
973 1000 1200 1056 latitudo
1232 1000 1458 1072 pedibus
1487 999 1699 1067 decem,
1729 1000 1853 1056 alti-

248 1094 385 1150 tudo
426 1092 613 1164 viginti
642 1097 761 1148 luit.
785 1092 963 1165 Ipsum
997 1092 1196 1149 deinde
1228 1093 1450 1161 vallum,
1474 1093 1698 1149 sudibus
1714 1108 1846 1163 prte-

244 1195 538 1251 structum,
567 1187 779 1243 crebris
809 1188 1049 1243 turribus
1075 1186 1470 1245 communivit:
1500 1198 1559 1243 ut
1586 1186 1632 1241 si
1655 1203 1758 1258 qua
1783 1186 1852 1242 ab

244 1290 574 1350 erumpente
595 1278 752 1335 boste
773 1279 824 1334 in
842 1294 965 1336 eum
992 1288 1290 1336 tentaretur
1311 1280 1574 1352 irruptio;
1600 1279 1714 1351 jam
1742 1294 1849 1336 non

242 1374 408 1444 quasi
433 1373 688 1429 obsessor
712 1387 836 1431 cum
864 1373 1114 1443 obsesso,
1144 1374 1237 1430 sed
1269 1388 1424 1431 versa
1454 1375 1571 1431 vice
1594 1373 1851 1430 obsessus

243 1456 374 1522 cum
403 1465 693 1523 obsessore
714 1476 996 1537 pugnaret.
1026 1465 1315 1522 Numantia
1337 1476 1520 1523 autem
1564 1467 1618 1523 in
1645 1467 1852 1523 tumqu

242 1558 376 1623 sita,
391 1557 533 1613 baud
550 1558 781 1627 procula
803 1557 1229 1627 lltnnineDurio,
1249 1567 1271 1601 ο
1286 1557 1387 1616 tria
1411 1557 1576 1615 millia
1594 1573 1850 1631 passuum

242 1642 458 1709 ambitu
489 1650 631 1707 muri
660 1650 1105 1722 amplexabatur;
1139 1652 1390 1723 quamvis
1411 1651 1577 1723 aliqui
1605 1660 1854 1707 asserant

242 1760 371 1803 eam
382 1752 439 1803 et
456 1760 623 1816 parvo
635 1743 746 1803 situ
758 1744 943 1800 etsine
956 1759 1115 1800 muro
1149 1744 1338 1801 luisse.
1360 1744 1405 1775 ¹⁰
1418 1742 1575 1801 Unde
1587 1742 1851 1800 credibile

1949 537 2070 600 post
2109 527 2163 585 in
2203 526 2437 584 farinam
2479 526 2702 586 redacta
2728 569 2745 597 ,
2796 526 2950 585 molli
2973 542 3142 587 succo
3170 528 3508 588 admiscetur
3533 571 3551 600 ,

1947 637 2055 695 quo
2080 621 2351 681 fermento
2391 637 2555 695 sapor
2582 622 2914 681 austeritatis
2964 632 3023 682 et
3071 624 3225 682 calor
3271 625 3556 684 ebrietatis

1949 712 2220 784 adjicitur.
2283 715 2395 771 Hac
2434 715 2597 787 igitur
2643 716 2871 789 potione
2913 726 3037 789 post.
3083 718 3300 791 longam
3354 720 3555 776 [autem

1950 808 2351 866 recalescentes
2376 850 2391 877 ,
2418 809 2565 869 bello
2593 825 2717 869 sese
2746 811 3083 870 obtulerunt.
3117 813 3290 871 Atrox
3320 814 3410 872 diu
3439 829 3560 873 cer-

1953 912 2132 960 tamen
2165 915 2219 961 et
2271 920 2443 976 usque
2484 905 2554 963 ad
2601 906 2904 977 periculum
2952 906 3323 966 Romanorum
3378 908 3478 967 fuit
3533 929 3550 966 :

1952 995 2259 1068 iterumque
2281 997 2510 1054 Romani
2544 998 2589 1039 ³³
2620 1014 2860 1071 pugnare
2889 1014 2949 1058 se
2976 1000 3266 1059 adversum
3317 1002 3557 1060 Numan-

1954 1087 2097 1144 tinos
2125 1129 2143 1157 ,
2191 1088 2451 1161 fugiendo
2502 1092 2933 1161 probavissent,
2976 1095 3081 1153 nisi
3130 1095 3235 1152 sub
3300 1095 3558 1166 Scipione

1952 1182 2113 1256 303
2132 1196 2483 1255 pugnassent.
2507 1185 2843 1258 Numantini,
2869 1188 3174 1246 interiectis
3193 1205 3415 1246 suorum
3450 1193 3559 1248 lor.

1952 1276 2194 1341 tissimis,
2220 1277 2365 1334 bello
2384 1278 2616 1336 cedunt:
2642 1279 2686 1319 ιδ
2706 1281 3024 1352 compositis
3047 1289 3231 1338 tamen
3250 1281 3554 1350 ordinibus,

1953 1385 2058 1428 nec
2098 1371 2239 1428 sicut
2286 1372 2555 1443 fugientes
2583 1373 2638 1430 in
2663 1374 2854 1432 urbem
2890 1385 3279 1446 revertuntur,
3325 1393 3557 1449 corpora

1951 1462 2361 1522 interfectorum
2388 1466 2455 1523 ad
2481 1467 2816 1538 sepulturam
2844 1467 3061 1538 oblata,
3084 1472 3336 1541 accipere
3361 1472 3556 1527 nolue-

1954 1571 2099 1617 runt.
2125 1559 2435 1617 Novissime
2462 1576 2561 1633 spe
2590 1560 2990 1630 desperationis
3018 1565 3069 1617 in
3100 1572 3335 1620 mortem
3366 1579 3560 1621 omnes

1954 1653 2212 1711 destinati
2243 1695 2259 1722 ,
2295 1655 2535 1713 clausam
2565 1656 2758 1711 urbem
2788 1657 3085 1712 introrsum
3116 1657 3558 1727 succenderunt,

1954 1749 2246 1820 cunctique
2279 1749 2484 1814 pariter
2528 1748 2677 1805 ferro
2700 1792 2716 1817 ,
2772 1764 2984 1806 veneno
3015 1785 3047 1817 ,ο
3070 1759 3235 1822 atque
3278 1752 3402 1823 igne
3428 1767 3560 1810 con-

242 1849 369 1906 est,
391 1836 540 1910 quod
570 1837 672 1894 hoc
698 1835 861 1909 spatii
905 1851 1037 1893 cura
1092 1836 1417 1897 alendorum
1466 1837 1854 1919 custodiendo—
1881 1834 1932 1897 B
1955 1842 2158 1914 sumpti
2209 1850 2355 1898 sunt.
2411 1841 2637 1898 Romani
2672 1840 2803 1904 nihil
2833 1856 2903 1899 ex
2936 1841 3023 1899 bis
3076 1844 3290 1914 penitus
3319 1844 3560 1901 habuere

242 1948 482 2005 rumque
506 1946 767 2003 pecorum
794 1972 810 1998 ,
838 1930 922 1987 vel
969 1929 1134 1988 etiam
1185 1930 1476 1988 exercendi
1532 1931 1672 1987 ruris
1702 1946 1849 1988 com-

244 2026 414 2081 modo
434 2040 557 2082 cum
579 2024 727 2081 bello
749 2033 1149 2095 premerentur,
1170 2024 1515 2093 incluserint,
1543 2025 1643 2095 ipsi
1664 2038 1849 2080 arcem

246 2135 476 2192 parvam
511 2129 701 2175 natura
725 2117 990 2175 munitam
1019 2120 1349 2177 obtinentes.
1375 2118 1594 2188 Alioqui
1646 2126 1849 2173 tantam

245 2216 576 2287 paucitatem
612 2214 930 2281 hominum,
988 2226 1095 2279 tam
1128 2215 1366 2287 amplum
1424 2212 1575 2270 urbis
1613 2212 1851 2282 spatium

247 2326 361 2367 non
385 2309 601 2366 munire
640 2310 815 2381 magis
836 2351 850 2376 ,
884 2324 1048 2381 quam
1078 2308 1309 2382 prodere
1348 2306 1658 2363 videbatur.
1688 2305 1855 2377 Igitur

248 2403 500 2461 conclusi
536 2401 627 2460 diu
654 2402 999 2473 Numantini,
1055 2411 1110 2459 et
1167 2403 1305 2459 l‘ame
1356 2399 1646 2466 trucidati,
1703 2398 1853 2456 dedi-

253 2497 464 2555 tionem
509 2499 592 2554 sui
640 2495 993 2560 obtulerunt,
1045 2495 1095 2552 si
1136 2494 1440 2552 tolerabilia
1485 2493 1852 2564 iuberentur,

250 2607 405 2664 saepe
460 2591 622 2647 etiam
679 2597 900 2645 orantes
954 2588 1116 2660 justm
1152 2603 1351 2660 pugnae
1404 2588 1741 2656 facultatem,
1798 2593 1857 2641 ut

254 2697 531 2757 tamquam
562 2681 696 2739 viris
742 2682 879 2739 mori
934 2681 1157 2748 liceret.
1187 2680 1389 2738 Ultimo
1419 2695 1607 2736 omnes
1648 2679 1856 2735 duabus

255 2778 441 2836 subito
492 2776 665 2849 portis
713 2783 1055 2847 eruperunt,
1103 2773 1250 2846 larga
1280 2773 1428 2846 prius
1479 2771 1702 2846 potione
1731 2772 1856 2843 usi,

255 2886 372 2928 non
402 2871 512 2926 vini
538 2911 554 2937 ,
582 2869 740 2941 cujus
768 2867 923 2925 ferax
956 2868 1003 2925 is
1056 2867 1208 2925 locus
1234 2882 1341 2923 non
1371 2874 1488 2932 est,
1543 2865 1639 2922 sed
1692 2879 1858 2922 succo

257 2963 426 3022 tritici
456 2979 558 3035 per
596 2972 771 3020 artem
801 2960 1085 3032 confecto,
1136 2975 1295 3033 quem
1323 2973 1543 3018 succum
1595 2973 1625 3014 a
1655 2956 1856 3016 calefa-

257 3059 461 3118 cienda
485 3056 527 3091 “
554 3056 762 3116 Celiam
781 3065 999 3114 vocant.
1028 3054 1075 3087 “
1099 3052 1402 3114 Suscitatur
1442 3053 1588 3112 enim
1614 3053 1740 3126 igne
1766 3053 1856 3111 illa

1956 1934 2147 2002 victis,
2173 1945 2372 2004 praeter
2398 1932 2747 1990 securitatem
2778 1948 2949 1990 suam.
2986 1933 3174 2007 Neque
3201 1936 3346 1993 enim
3373 1948 3563 2001 eversa

1958 2027 2249 2085 Numantia
2276 2027 2322 2060 "
2346 2027 2547 2084 vicisse
2587 2042 2646 2084 se
2695 2028 2868 2099 magis
2887 2028 3249 2087 Numantinos
3267 2074 3281 2099 ,
3332 2031 3377 2063 ¹⁶
3398 2046 3561 2103 quam

1958 2122 2200 2180 evasisse
2228 2119 2499 2178 dixerunt.
2532 2121 2574 2154 ¹⁷
2607 2120 2784 2179 Unum
2810 2121 3198 2179 Numantinum
3225 2124 3448 2180 victoris
3472 2139 3566 2181 ca-

1960 2226 2085 2274 tena
2118 2232 2226 2272 non
2266 2216 2480 2283 tenuit;
2528 2214 2673 2272 unde
2702 2216 3033 2289 triumphum
3081 2216 3297 2276 dederit
3322 2261 3338 2288 ,
3391 2218 3566 2276 Roma

1961 2325 2069 2367 non
2090 2308 2264 2378 vidit;
2299 2323 2488 2365 aurum
2517 2310 2604 2365 vel
2622 2319 2930 2381 argentum,
2966 2309 3110 2382 quod
3137 2312 3245 2383 igni
3279 2326 3568 2386 superesse

1962 2404 2227 2476 potuiSSet
2250 2447 2265 2472 ,
2299 2402 2439 2475 apud
2464 2417 2736 2475 pauperes
2760 2418 2867 2460 non
2898 2404 3039 2473 luit;
3071 2420 3220 2462 arma
3252 2413 3311 2463 et
3352 2414 3563 2465 vestem

1969 2497 2111 2569 ignis
2141 2494 2467 2567 absumpsit.

2463 2585 2630 2662 θοι
2664 2587 2892 2647 CAPUT
2933 2588 3067 2647 vm.

1964 2678 2044 2740 De
2091 2679 2446 2748 Gracchorum
2496 2681 2749 2760 seditione
2774 2724 2805 2760 ,_
2837 2684 3102 2756 Attalique
3144 2684 3281 2760 regis
3324 2681 3575 2760 Pergami

2608 2752 2924 2813 hwreditate.

2031 2865 2203 2939 Igitur
2231 2880 2296 2922 ea
2342 2873 2668 2937 tempestate
2709 2880 2833 2922 cum
2880 2867 2997 2924 haec
3035 2868 3178 2942 apud
3223 2824 3569 2926 Numantiam

1959 2969 2109 3032 gesta
2140 2965 2297 3027 sunt,
2348 2955 2493 3029 apud
2533 2956 2761 3014 Romam
2800 2958 2819 2990 ¹
2862 2956 3237 3017 Gracchorum
3270 2961 3569 3019 seditiones

1932 3050 2318 3138 agitabantur.
2373 3047 2800 3123 Scipioautem,
2829 3065 2982 3125 cum,
3027 3052 3208 3112 deleta
3256 3052 3570 3125 Numantia,

1562 3188 2019 3250 "AVERCAMPI
2058 3186 2292 3246 NOTAE.

335 3322 389 3377 7.
420 3319 569 3376 Bello
610 3318 858 3374 adversus
904 3331 1010 3372 eos.
1068 3312 1279 3385 Vulgati
1331 3312 1523 3369 bellum
1569 3312 1711 3368 male
1736 3353 1751 3376 ,
1805 3320 1860 3368 et
1887 3310 1933 3373 C
1968 3323 2104 3385 nov.
2129 3303 2337 3385 etﬂedit.
2372 3303 2511 3385 A_u_g.
2544 3320 2790 3375 pugnare.

260 3403 454 3450 eontra
487 3405 617 3447 mss.
668 3390 923 3446 meliores
950 3387 1098 3442 Flor.
1129 3402 1210 3449 pr.
1242 3385 1416 3442 Meum
1463 3395 1518 3441 et
1571 3385 1820 3441 Periznn.
1844 3426 1859 3451 ,

261 3467 459 3537 quibus
482 3462 747 3537 accedunt
787 3472 901 3517 tres
930 3459 1100 3531 Lugd.
1126 3457 1267 3513 Batt.
1303 3473 1424 3513 cum
1451 3456 1589 3513 Coll.
1620 3456 1861 3514 Gronov.

266 3536 323 3595 et
343 3537 470 3593 cod.
500 3536 636 3592 Ultr.

337 3611 393 3666 8.
427 3605 598 3662 Fossa
627 3607 780 3661 etiam
819 3603 1184 3660 circumdedit.
1218 3602 1364 3657 lianc
1411 3602 1695 3657 lectionem
1742 3614 1863 3654 om-

262 3696 364 3737 nes
397 3680 625 3750 probant
645 3694 775 3734 mss.
808 3683 867 3750 et
883 3675 1007 3732 edd.
1032 3684 1165 3750 vett
1214 3674 1322 3750 Sed
1349 3673 1628 3745 Bolsning.
1661 3680 1864 3728 secutae

259 3745 487 3823 reliqum
513 3752 724 3823 legunt.
756 3759 805 3805 et
831 3748 972 3820 {ossa
996 3745 1358 3823 circumdedit.

334 3814 397 3882 9'
420 3823 548 3878 Tria
564 3814 741 3876 inillia
765 3814 1012 3893 passuum
1050 3818 1266 3893 ambitu.
1302 3816 1393 3873 Sic
1419 3814 1697 3893 Appianus
1724 3815 1860 3872 scri-

259 3896 374 3962 bit,
424 3894 724 3951 Numantiae
766 3888 1049 3949 'ambitum
1104 3890 1273 3947 luisse
1346 3903 1473 3945 xxn'
1538 3888 1860 3944 Stadiorum.

262 3967 431 4026 Fasti.

337 4041 429 4095 10.
480 4036 632 4095 Unde
673 4035 919 4092 credibile
947 4044 1021 4090 est
1050 4035 1189 4106 quod
1231 4032 1332 4088 hoc
1363 4031 1541 4102 spatii.
1598 4029 1862 4106 ln__Lngd.

262 4111 411 4170 Batt.
444 4127 527 4181 pr.
583 4120 638 4166 et
678 4119 802 4165 tert.
848 4103 1072 4181 verbum
1121 4114 1193 4181 est
1233 4120 1342 4181 non
1392 4105 1632 4181 legitur;
1659 4103 1863 4158 Omnes

261 4200 397 4241 vero
422 4175 554 4241 mss.
577 4192 632 4239 et
657 4183 785 4238 editi
816 4180 1080 4247 scribunt,
1108 4179 1230 4249 quia
1259 4177 1354 4249 hoc
1381 4175 1862 4249 spatii.;EgoAvertt

262 4257 482 4328 reposui
530 4256 692 4328 quod.
728 4252 990 4328 Videlicet
1018 4246 1073 4306 in
1099 4246 1525 4328 omnibusmss.
1556 4247 1732 4328 Orosii
1763 4246 1859 4300 ob-

263 4318 511 4391 servavi,
542 4318 848 4400 saepissime
884 4333 941 4380 et
971 4321 1169 4393 passim
1201 4320 1570 4400 descriptores
1608 4318 1731 4400 quia
1760 4333 1862 4400 pro

262 4400 406 4473 quod
431 4387 694 4470 posuisse.
723 4397 812 4473 Id,
834 4387 985 4473 cum'
1018 4402 1163 4473 recte
1204 4391 1330 4448 edd.
1351 4387 1729 4473 correxerint,
1759 4387 1862 4445 hoc

266 4463 320 4526 in
350 4463 472 4526 loco
503 4480 679 4525 tamen
705 4511 720 4536 ,
756 4468 847 4522 ubi
872 4471 923 4522 in
962 4468 1150 4537 primis
1182 4463 1548 4537 necessarium
1580 4470 1704 4537 erat_
1720 4503 1735 4528 ,
1765 4476 1864 4537 ne-

263 4542 571 4613 glemrunl.
600 4532 912 4597 Pro'ultimo
936 4532 1058 4595 cod.
1111 4535 1354 4608 Longob.
1385 4544 1441 4591 et
1499 4548 1630 4590 mss.
1681 4532 1858 4604 Lugd.

264 4616 384 4670 Bat.
417 4613 597 4669 ultime
618 4614 880 4669 scribunt.

340 4687 428 4743 ll.
459 4685 658 4741 Celiam
703 4692 906 4739 vocant.
936 4682 1108 4753 Hujus
1136 4682 1370 4752 potionis
1397 4676 1646 4753 meminit
1692 4678 1855 4753 etiam

265 4758 481 4815 Florus.
510 4757 677 4813 FABB.
709 4787 772 4798 —
802 4755 932 4812 Vide
945 4750 1402 4811 Pontannmllist.
1421 4752 1637 4807 Dmicxe
1660 4750 1854 4820 p.765.

341 4829 428 4886 l2.
452 4830 748 4886 Suscitatur
772 4828 907 4884 enim
948 4829 1068 4900 igne
1087 4827 1183 4881 illa
1204 4828 1298 4900 vis_,
1318 4835 1424 4880 etc.
1452 4823 1577 4879 [lare
1598 4830 1689 4900 est
1705 4821 1865 4900 lcetio

268 4901 510 4958 Florent.
551 4902 807 4968 secundi,
848 4894 1010 4955 unice
1050 4898 1323 4968 probanda
1349 4940 1364 4965 ,
1392 4910 1558 4968 quam
1604 4894 1864 4949 exhibent

265 4989 484 5046 quoque
512 4972 683 5046 Lugd.
718 4966 859 5046 Batt.
900 4966 1159 5046 tres‘cunt
1208 4969 1347 5046 coll.
1377 4966 1617 5046 (ἔχθραν.
1654 4967 1865 5036 Appro-

266 5038 362 5100 liat
397 5038 655 5102 'eamde'm
697 5045 863 5101 editio
889 5043 1129 5098 omnium
1182 5039 1374 5109 prima.
1405 5038 1649 5109 Reliqua:
1674 5052 1863 5093 omnes

267 5116 484 5189 legunt,
516 5118 799 5173 suscitatur
821 5116 967 5189 enim,
980 5117 1129 5189 ignea
1156 5108 1253 5167 illa
1279 5112 1482 5189 vis._At_
1508 5108 1752 5189 Floreat.
1777 5125 1857 5177 pr.

266 5182 393 5271 enim
417 5182 588 5281 Legd.
623 5189 739 5274 iiut.
772 5204 855 5258 pr.
886 5182 1034 5281 (ἐξιεῖ
1058 5187 1230 5259 ignem
1277 5193 1332 5240 et
1381 5183 1545 5281 legit:
1574 5182 1864 5281 “suscitatur

267 5263 410 5316 enim
451 5253 547 5316 ilia
594 5262 699 5325 vis,
739 5253 847 5316 etc.
901 5257 1050 5314 Meus
1080 5253 1276 5313 novam
1308 5253 1530 5310 exhibet
1573 5267 1604 5308 a
1644 5253 1869 5323 relitpris

266 5334 538 5389 diversam
564 5332 852 5389 lectionem
873 5373 890 5398 ,
917 5330 1287 5403 suscitat_enim
1314 5328 1485 5403 ignem
1509 5325 1604 5403 illa
1651 5325 1725 5381 vis
1750 5341 1870 5397 ger-

268 5406 427 5460 minis
454 5407 722 5478 calefactte
761 5404 965 5477 frugis,
998 5401 1167 5478 quasi
1205 5400 1510 5478 ραις-ὅςκαὶ
1555 5400 1870 5478 innueretnr

267 5477 526 5546 audacia,
552 5470 710 5549 quam
737 5470 1071 5549 iinproperet
1097 5470 1430 5549 bibentibus.
1462 5470 1584 5549 Sed
1621 5484 1742 5526 cum
1784 5484 1871 5524 se-

267 5561 470 5621 quatur
492 5544 598 5616 ,a}:
628 5544 1088 5621 deinde'sicratur,
1116 5547 1340 5600 alteram
1364 5544 1693 5621 seripturam
1726 5555 1866 5608 pra:-

268 5614 414 5695 fero.
436 5614 553 5677 Vox
576 5620 819 5695 germinis
843 5617 1015 5695 potuit
1043 5619 1257 5695 abesse,
1284 5616 1377 5671 sed
1399 5614 1870 5695 Orosinegermen

266 5684 795 5766 madefacttejfrugis
834 5684 1065 5766 dixisse_
1088 5688 1304 5744 videtur
1353 5701 1451 5758 pro
1481 5684 1667 5766 granis
1708 5684 1871 5766 tritici

269 5756 701 5823 tumescentibus
717 5756 949 5818 inadore
988 5759 1176 5816 ali‘usae
1214 5756 1371 5830 aquae
1396 5801 1412 5827 ,
1441 5757 1608 5813 veluti
1652 5756 1827 5812 solent
1852 5797 1867 5823 ,

265 5853 395 5897 cum
421 5837 729 5909 germinare
760 5834 1046 5909 incipiunt.

344 5896 453 5968 i3:
481 5907 737 5983 Pugnare
765 5923 838 5964 se.
874 5896 1051 5979 Lugd.
1082 5902 1227 5962 Bait.
1259 5910 1374 5961 tres
1401 5914 1523 5960 cum
1550 5896 1685 5958 Coll.
1725 5897 1870 5959 Gro-

1891 4725 1938 4783 ι)

2044 3379 2130 3434 14.
2180 3376 2491 3446 Compositis
2535 3385 2707 3431 tamen
2740 3377 3032 3436 ordinibus.
3068 3379 3198 3437 Post
3218 3381 3336 3440 haec
3362 3382 3414 3440 in
3444 3385 3571 3444 edd.

1972 3449 2330 3525 Fabricianis,
2357 3446 2535 3525 Scotti
2565 3456 2621 3504 et
2642 3448 2880 3525 ﬂittorp.
2916 3451 3109 3525 legitur
3134 3470 3239 3509 non
3277 3468 3577 3525 separantes

1974 3539 2047 3579 se.
2082 3522 2235 3590 Quod
2269 3520 2478 3591 insigne
2511 3529 2593 3576 est
2634 3519 2938 3590 Glossema,
2972 3519 3106 3580 'edtl.
3147 3534 3280 3581 vett.
3323 3519 3578 3587 omnibus

1974 3607 2024 3649 et
2059 3593 2494 3663 tnsseignotnm,
2533 3591 2867 3663 dignumque
2899 3602 2959 3650 ut
2981 3595 3289 3654 inducatur.

2040 3668 2109 3719 l5
2171 3662 2473 3736 Vicisse‘se
2494 3664 2688 3736 magis.
2717 3662 2884 3736 Lngd.
2922 3666 3058 3723 Batt.
3114 3679 3225 3725 tres
3257 3685 3380 3727 cum
3420 3671 3564 3729 Coll.

1967 3735 2205 3812 Gronov.
2243 3744 2298 3790 et
2323 3733 2412 3812 _ed.
2450 3733 2612 3812 A_u_g.,
2645 3733 2824 3789 vicisse
2859 3739 3049 3812 magis,
3079 3753 3352 3811 expuncto
3380 3758 3453 3798 se.
3499 3747 3572 3801 At

1967 3808 2103 3879 cod.
2133 3805 2377 3879 Longob.
2399 3848 2413 3873 ,
2437 3807 2626 3879 vicisse
2649 3823 2706 3879 re
2733 3809 2911 3879 magis.

2043 3878 2135 3933 16.
2183 3877 2354 3945 Quam
2384 3878 2604 3932 evasisse
2645 3877 2922 3934 duxerunt.
2961 3878 3017 3935 ld
3048 3889 3137 3938 est
3160 3882 3561 3944 existimarunt.

1969 3949 2103 4026 Nam
2132 3950 2405 4026 dixerunt,
2444 3948 2589 4018 quod
2616 3959 2803 4026 contra
2842 3966 2979 4026 mss.
3028 3953 3150 4026 edd.
3196 3956 3443 4026 qumdam
3475 3959 3573 4015 ba-

1965 4020 2257 4095 benttbuc
2288 4036 2395 4075 non
2421 4022 2696 4095 convenit.
2754 4023 2949 4079 Animo
2979 4020 3312 4095 quidem'ita
3340 4042 3577 4087 censue-

1968 4105 2094 4164 runt
2126 4093 2380 4157 Romani,
2421 4091 2516 4164 sed
2546 4093 2724 4164 verbis
2756 4091 3014 4164 semper;
3039 4096 3203 4152 etiam
3242 4101 3295 4154 in
3340 4099 3555 4158 damnis

1966 4147 2187 4247 inerunt
2215 4147 2510 4247 magniﬁci.
2551 4147 2904 4247 Inveniuntur
2921 4147 3310 4247 apud

1965 4236 2084 4292 Nat.
2115 4236 2253 4291 Hist.
2290 4234 2383 4290 lib.
2413 4250 2508 4299 vtt,
2536 4249 2657 4304 cap.
2706 4237 2798 4303 28,
2834 4251 2887 4301 ιι.
2921 4238 3017 4295 591
3049 4257 3062 4293 :
3098 4234 3226 4305 Qua}
3268 4239 3463 4298 Cannis
3490 4261 3577 4299 co-

1964 4324 2101 4387 iona
2129 4308 2315 4387 merita
2340 4308 2365 4362 ἵ
2387 4306 2527 4387 unde
2544 4307 2751 4387 Iugisse
2772 4308 2981 4387 virtutis
3006 4326 3268 4387 summum
3299 4330 3428 4387 opus
3450 4315 3567 4387 fuit.

1965 4379 2045 4436 De
2077 4378 2344 4437 Annibale
2372 4377 2514 4449 apud
2543 4377 2823 4434 Horatium
2858 4380 2946 4436 lib.
2984 4396 3068 4453 tv,
3098 4384 3189 4438 od.
3220 4382 3276 4454 4,
3304 4377 3534 4445 v'ers'lll
3560 4406 3573 4444 :

2214 4511 2453 4576 Dixitque
2479 4509 2676 4562 tandem
2696 4510 2915 4576 perfidus
2938 4513 3150 4564 Annibal
3172 4530 3188 4571 :

2213 4573 2386 4642 Cervi;
2403 4574 2629 4642 luporum
2646 4573 2812 4637 praeda
2833 4579 3103 4642 rapacium,

2277 4637 2539 4702 Sectatnur
2564 4637 2715 4702 ultro“.
2739 4650 2864 4701 quos
2885 4637 3080 4702 cpimus

2337 4698 2540 4751 Fallere
2565 4710 2618 4751 et
2643 4698 2872 4763 ell'ugere
2897 4698 2975 4752 est
2993 4703 3286 4768 triumphus.

1973 4827 2351 4913 Sallushglug.
2391 4843 2511 4913 cap.
2548 4826 2670 4913 1.04,
2700 4826 2769 4885 de
2800 4828 3152 4913 Jugurtba_et
3178 4832 3393 4890 Boccho
3421 4835 3575 4913 aliis-

1969 4916 2076 4979 q_I_te
2107 4919 2122 4957 :
2154 4899 2221 4955 Et
2244 4899 2531 4979 ipsi__dt_tces
2560 4903 2785 4979 feroces,
2808 4899 2899 4979 qui
2942 4919 3045 4958 non
3074 4905 3274 4979 fugere,
3299 4923 3398 4979 pro
3412 4910 3574 4964 vieto-

1966 4970 2113 5047 r'ibas
2136 4970 2307 5047 agere.
2339 4970 2440 5047 Ubi
2473 4970 2625 5047 plura
2655 4982 2709 5027 et
2738 4970 2841 5026 al.a
2866 4971 2957 5028 dat
2981 4970 3232 5047 exénfpla
3256 4970 3323 5033 δι’.
3355 4978 3572 5037 Wasse.

2044 5043 2128 5099 l7.
2169 5041 2343 5100 Unum
2384 5041 2591 5098 victoris
2619 5052 2801 5097 catena
2841 5060 2945 5099 non
2977 5041 3160 5104 tenuit.
3188 5049 3337 5104 Idem
3385 5051 3575 5107 scribit

1967 5112 2190 5192 Florus,
2210 5114 2307 5170 sed
2330 5115 2613 5192 Appianus
2642 5115 2807 5192 tradit
2829 5115 3162 5192 Scipionem,
3188 5121 3574 5192 quinquaginta

1971 5188 2250 5256 triumpho
2278 5187 2597 5253 reservatis,
2628 5186 2866 5255 reliquos
2890 5186 2993 5244 sub
3020 5186 3220 5247 corona
3240 5186 3572 5250 vendidisse.
3626 5228 3629 5229 ν

1973 5257 2153 5331 Atque
2176 5257 2276 5331 hac
2302 5257 2516 5312 ratione
2553 5256 2735 5326 Scipio
2764 5256 3045 5331 Africanus
3090 5262 3417 5320 JEmilianus
3455 5265 3577 5320 Nu-

1973 5329 2223 5406 mantiam
2256 5329 2392 5406 intra
2423 5343 2625 5383 artuum
2647 5343 2714 5406 ac
2739 5329 2853 5386 tres
2884 5346 3100 5406 menses
3129 5348 3289 5406 quam
3318 5350 3383 5391 eo
3411 5352 3583 5394 vene-

1976 5411 2088 5479 rat,
2112 5398 2497 5479 circumdatam
2507 5399 2797 5479 gperibus,
2822 5398 3171 5476 excisamqué
3199 5408 3433 5479 aequavit
3458 5410 3577 5465 solo

1975 5470 2213 5529 Velleius
2244 5471 2387 5528 libro
2415 5485 2474 5527 ιι.
2506 5470 2669 5527 Festi.

2045 5544 2174 5599 CAP.
2224 5542 2352 5599 Vlll.
2395 5573 2469 5585 -
2508 5544 2557 5599 l.
2588 5543 2944 5601 Gracchorum
2961 5547 3259 5603 seditiones.
3291 5550 3379 5606 Ti.
3412 5551 3570 5608 Sem-

1977 5617 2202 5696 pronius
2223 5613 2532 5696 _Graecltus,
2566 5617 2625 5696 l’_.
2653 5616 2831 5696 illuc-ie
2855 5616 2919 5696 μέ.
2944 5615 3238 5696 Calpurnio
3258 5635 3403 5696 coss.
3429 5663 3443 5686 ,
3468 5639 3576 5696 quo

1974 5700 2122 5768 anno
2149 5689 2334 5768 Scipio
2355 5687 2698 5768 Numantiam
2714 5687 2938 5768 excidit,
2959 5687 3396 5768 tribunusplebis
3412 5687 3575 5768 prop-

1980 5766 2063 5830 ter
2111 5760 2409 5814 seditiones
2446 5761 2692 5830 concitas
2725 5760 2939 5817 occisus
2968 5770 3055 5820 est
3079 5802 3095 5830 ,
3146 5760 3475 5823 Plutarchus
3518 5760 3572 5823 in

1974 5827 2325 5919 ἐρεῖ-(θῇς,ηρ
2336 5829 2534 5919 ppian.‘
2676 5832 2803 5919 Inde
2822 5831 3008 5919 bellis
3035 5827 3250 5899 Civilib.
3269 5878 3287 5909 ,
3341 5835 3533 5899 Livius
3546 5881 3565 5919 ,

1977 5896 2458 5977 Velleius,'Florus
2484 5909 2541 5963 et
2567 5896 2681 5960 alii.
2703 5901 2872 5962 FABR.
