4096 6350
298 391 402 450 9H

1339 391 1813 452 IIISTORIARUM
1851 388 2061 453 LIBER
2099 393 2164 452 V.
2206 394 2356 454 CAP.
2406 396 2521 454 XII.

3489 397 3623 462 9ῑῶ

297 506 367 562 de
417 504 662 576 periculo
715 505 909 562 salutis
953 519 1066 562 sua:
1098 505 1143 539 ίδ
1172 516 1536 564 contestatam
1560 551 1574 577 ,
1605 509 1749 581 quod
1781 509 1882 566 sibi
1914 511 1964 573 Α
1993 509 2352 567 sunt.llarum
2378 527 2499 567 cum
2525 512 2822 569 immensos
2845 527 3097 585 acervos,
3127 514 3284 586 longe
3314 514 3474 570 undis
3499 531 3591 570 ur-

297 613 398 670 pro
423 599 592 669 patria
636 597 904 654 laboranti
945 597 1013 652 ab
1045 599 1312 670 improbis
1339 609 1392 655 et
1423 600 1650 670 ingratis
1681 600 1894 656 denun-

297 692 422 748 tiari
445 691 820 764 cognovisset,
854 693 897 725 ¹⁵
929 691 1034 749 alio
1057 692 1144 750 die
1175 709 1330 751 mane
1358 695 1666 750 exanimem
1714 695 1769 750 in
1800 712 1897 750 eu-

296 784 481 841 biculo
513 801 611 840 suo
665 795 940 857 repertum
963 832 977 856 ,
1027 803 1133 842 non
1178 797 1385 842 temere
1423 787 1566 844 inter
1591 787 1750 861 311
1783 803 1893 842 ma-

300 877 446 932 xima
474 877 843 933 Romanorum
870 879 1010 933 mala
1036 880 1424 948 recensuerim,
1443 885 1741 950 prmsertnn
1769 896 1893 937 cum

295 981 508 1027 tantum
561 973 612 1027 iu
644 989 704 1028 ea
732 973 866 1029 urbe
908 972 1147 1029 Africani
1178 975 1340 1044 vigor
1368 983 1420 1030 et
1453 975 1717 1030 modestia
1745 975 1895 1031 valc-

290 1077 375 1123 ret
403 1108 418 1133 ,
450 1077 508 1122 ut
553 1067 712 1124 facile
755 1069 883 1125 vivo
926 1085 990 1126 eo
1017 1111 1030 1136 ,
1081 1087 1256 1142 neque
1296 1072 1499 1128 sociale
1525 1087 1703 1142 neque
1731 1073 1893 1129 civile

291 1159 496 1215 bellum
541 1177 701 1231 posse
745 1163 981 1219 existere
1021 1164 1356 1220 crederetur.
1393 1165 1434 1196 ¹⁸
1465 1166 1619 1221 llunc
1671 1166 1889 1237 quidam

289 1257 480 1312 uxoris
506 1271 622 1312 sum
653 1258 1022 1327 Sempronius,
1054 1258 1421 1315 Gracchorum
1451 1270 1630 1314 autem
1661 1262 1888 1327 sororis,

289 1346 419 1403 dolo
447 1359 698 1404 necatum
726 1348 928 1419 ferunt,
955 1365 1021 1407 ne
1049 1351 1312 1407 scelerata
1339 1351 1419 1420 (nt
1447 1352 1638 1421 credo)
1663 1351 1886 1419 familia,

291 1443 335 1475 ¹⁷
369 1451 532 1514 atque
559 1442 612 1498 in
646 1443 943 1514 perniciem
975 1444 1164 1514 patria:
1191 1459 1305 1499 suae
1336 1457 1483 1514 nata,
1520 1446 1662 1502 inter
1695 1447 1890 1516 impias

286 1533 590 1590 seditiones
637 1535 878 1591 virorum
907 1581 922 1606 ,
975 1551 1084 1592 non
1129 1538 1291 1592 etiam
1326 1539 1660 1594 facinoribus
1691 1539 1890 1595 mulie-

286 1645 408 1685 rum
449 1641 595 1686 esset
625 1628 934 1687 immanior.
981 1629 1024 1663 ’³
1056 1630 1126 1687 Μ.
1163 1632 1403 1700 ΛΞιιιῐΙίο,
1451 1631 1514 1688 L.
1543 1634 1735 1688 OrcSIc
1760 1649 1890 1689 eon-

285 1725 539 1792 snlibus,
591 1724 758 1781 {Etua
806 1733 960 1782 vasto
1005 1736 1242 1782 tremore
1286 1742 1554 1782 concussa
1590 1726 1890 1783 exundavit

283 1819 458 1889 igneis
507 1819 722 1890 globis;
770 1836 1068 1893 rursusque
1112 1821 1216 1875 alio
1259 1819 1345 1874 die
1379 1819 1570 1890 Lipara
1605 1821 1798 1887 insula,
1834 1829 1888 1875 ct

2000 595 2252 674 gentibus
2279 604 2473 659 fluetus
2507 621 2601 676 per
2618 614 2835 662 extenta
2862 607 2969 662 late
2991 605 3172 663 littora
3200 608 3594 680 prepulissent,

2001 703 2199 751 tetrum
2234 696 2398 751 nimis
2429 706 2591 769 atque
2617 699 2759 753 ultra
2788 699 3096 769 opinionem
3123 701 3437 771 pestiferum
3465 700 3602 754 odo-

2000 803 2140 854 rem,
2181 788 2359 843 tabida
2388 798 2442 844 et
2478 790 2776 859 putrefacta
2808 793 3095 862 congeries
3122 787 3421 859 exhalavit,
3457 790 3600 846 uade

1998 881 2241 936 onmium
2277 881 2483 953 pariter
2533 883 2886 939 animantium
2930 894 3077 940 tanta
3127 886 3432 956 pestilentia
3471 901 3603 940 con-

1997 984 2182 1030 secuta
2217 985 2333 1041 est,
2367 987 2420 1030 ut
2451 978 2629 1033 avium
2661 1023 2675 1047 ,
2709 980 2970 1049 pecudum
2998 997 3062 1036 ac
3084 979 3378 1036 bestiarum
3413 996 3607 1036 corru-

1997 1069 2180 1139 ptione
2198 1072 2337 1126 aeris
2357 1072 2765 1137 dissolutarum,
2783 1075 3079 1144 putrefacta
3098 1075 3292 1144 paSsint
3311 1075 3600 1142 cadavera,

1996 1163 2182 1218 vitium
2212 1166 2582 1236 corruptionis
2615 1178 2894 1237 augerent.
2940 1169 3008 1224 At
3051 1185 3177 1224 vero
3208 1179 3403 1238 quanta
3437 1167 3601 1224 fuerit.

1996 1256 2276 1312 hominum
2311 1258 2430 1314 lues
2457 1304 2470 1328 ,
2527 1275 2628 1330 ego
2669 1261 2782 1330 ipse
2826 1261 2952 1316 dum
2985 1261 3186 1333 refero,
3227 1244 3336 1316 toto
3369 1273 3600 1332 corpore

1994 1352 2392 1422 perhorresco:
2424 1354 2690 1425 siquidem
2735 1356 2786 1411 in
2834 1355 3080 1411 Numidia
3116 1400 3129 1422 ,
3180 1357 3232 1411 in
3283 1371 3385 1426 qua
3417 1364 3545 1412 tunc
3575 1354 3598 1387 ⁸

1994 1445 2213 1522 Micipsa
2270 1467 2366 1508 rex
2417 1463 2564 1518 erat,
2600 1452 2620 1484 ⁸
2653 1451 2969 1524 oetingenta
3027 1454 3196 1508 millia
3257 1452 3588 1508 hominum:

1989 1546 2140 1602 circa
2175 1561 2324 1601 oram
2357 1561 2489 1601 vero
2520 1545 2870 1611 maritimam,
2899 1560 3019 1614 qua:
3049 1545 3284 1600 maxime
3316 1543 3596 1612 Carthagi-

1994 1637 2166 1692 niensi
2197 1645 2358 1707 atque
2391 1634 2635 1692 Uticensi
2677 1636 2842 1690 littori
2872 1635 3106 1706 adjacct,
3141 1635 3260 1706 plus
3293 1651 3452 1705 quam
3487 1635 3588 1690 dn-

1999 1741 2158 1785 ccnta
2189 1729 2354 1785 millia
2400 1731 2624 1800 periisse
2656 1731 2912 1786 traditum
2940 1740 3046 1786 est.
3081 1729 3236 1800 Apud
3265 1730 3432 1801 ipSam
3466 1746 3596 1785 vero

1991 1821 2205 1878 Uticam
2259 1823 2531 1878 civitatem
2584 1824 2800 1894 triginta
2855 1823 3023 1878 millia
3076 1824 3330 1890 militum,
3362 1835 3485 1893 quae
3525 1821 3592 1877 :d

283 1913 524 1968 vicinum
570 1915 718 1969 circa
765 1929 884 1970 eam
933 1928 1086 1969 mare
1135 1914 1188 1969 in
1244 1923 1448 1967 tantum
1489 1912 1780 1978 efferbuit,
1827 1921 1886 1968 ut
1916 1913 1960 1974 B
1993 1917 2302 1986 prmsidium
2337 1918 2502 1971 totius
2535 1917 2728 1972 Africa:
2760 1915 3008 1971 ordinata
3044 1915 3290 1985 fuerant,
3325 1915 3598 1973 exstintta

285 2006 509 2061 adustas
534 2022 749 2078 quoque
777 2021 941 2078 rupes
971 2005 1329 2072 dissolverit,
1384 2005 1620 2059 tabulata
1663 2003 1883 2059 navium

283 2096 597 2170 liquefactis
625 2099 766 2154 ceris
795 2098 1167 2154 extorruerit:
1201 2098 1538 2152 exanimatos
1584 2097 1763 2167 pisces
1797 2111 1887 2151 su-

289 2199 756 2262 pernatantesque
801 2190 1130 2246 excoxerit:
1181 2189 1434 2244 homines
1474 2205 1727 2260 quoque,
1782 2188 1886 2244 nisi

282 2286 379 2356 qui
416 2283 632 2357 longius
666 2295 898 2354 potuere
927 2283 1226 2355 dill‘ugere,
1259 2283 1611 2354 reciproeato
1641 2282 1883 2338 anhelitu

281 2379 442 2434 calidi
474 2382 617 2437 aeris
641 2379 875 2448 adustis,
902 2379 1198 2435 introrsum
1230 2378 1508 2445 vitalibus,
1527 2377 1829 2435 suffocarit.

924 2489 1156 2548 CAPUT
1198 2491 1289 2547 XI.

284 2585 363 2643 De
384 2587 579 2660 ingenti
605 2595 652 2644 et
677 2588 971 2656 perniciosa
999 2588 1046 2641 vi
1078 2588 1395 2641 locustarum
1423 2586 1476 2642 in
1518 2586 1720 2657 Africa,
1752 2603 1884 2660 qua-

353 2658 483 2741 runt
519 2661 736 2716 interitu
796 2661 1174 2732 infectioneque
1226 2661 1486 2714 horrenda
1536 2675 1598 2713 ac
1643 2658 1884 2714 inaudita

353 2743 509 2803 pestis
540 2744 677 2787 orta.

353 2846 422 2902 Μ.
453 2847 662 2904 Plautio
695 2847 945 2922 llypsmo,
977 2856 1032 2905 et
1071 2846 1140 2903 Μ.
1171 2847 1366 2905 Fulvio
1403 2847 1603 2904 Flacco
1645 2848 1884 2904 consuli-

282 2943 645 3009 bus-,vixdum
674 2943 913 3000 Africam
956 2959 983 2997 a
1015 2943 1281 2999 bellorum
1329 2942 1556 3000 excidiis
1594 2942 1880 3015 quiescens

282 3046 414 3105 tem,
447 3033 726 3092 horribilis
774 3046 831 3092 et;
878 3037 1135 3092 inusitata
1185 3037 1420 3108 perditio
1449 3045 1741 3102 consecuta
1773 3045 1879 3092 est.

279 3131 524 3203 Namque
555 3147 682 3187 cum
734 3147 832 3203 per
873 3141 1040 3186 totam
1081 3129 1315 3186 Africam
1347 3130 1363 3160 ¹
1397 3129 1678 3185 immensa:
1726 3130 1880 3184 locu-

279 3231 489 3277 starum
550 3221 925 3278 multitudines
955 3223 1318 3288 coaluissent,
1349 3232 1402 3278 et
1435 3237 1540 3276 non
1584 3221 1746 3277 modo
1768 3219 1880 3291 jam

1990 2017 2153 2078 atque
2207 2007 2398 2062 abrasa
2433 2015 2558 2062 sunt
2593 2026 2606 2064 :
2639 2008 2771 2075 Quae
2801 2005 2986 2062 clades
3014 2007 3033 2038 °
3066 2018 3170 2062 tam
3220 2007 3497 2078 repentina
3529 2023 3593 2061 ae

1991 2107 2098 2154 tam
2131 2097 2369 2154 violenta
2401 2098 2628 2168 institit,
2666 2107 2723 2154 ut
2755 2107 2882 2154 tunc
2913 2098 3053 2170 apud
3083 2098 3291 2154 Uticam
3342 2099 3443 2153 sub
3485 2113 3592 2153 una

1991 2192 2078 2250 die
2107 2210 2206 2265 per
2230 2209 2389 2248 unam
2422 2201 2632 2264 portam
2666 2209 2732 2250 ex
2763 2193 2871 2249 illis
2918 2193 3231 2264 junioribus
3271 2193 3388 2264 plus
3424 2205 3588 2266 quam

1989 2285 2184 2342 "millc
2214 2287 2540 2357 quingentos
2573 2295 2819 2342 mortuos
2870 2286 3047 2342 elatos
3095 2287 3262 2341 fuisse
3315 2297 3586 2342 narretur.

1992 2381 2378 2438 Verumtamen
2411 2396 2543 2452 pace
2573 2389 2628 2437 et
2668 2381 2843 2452 gratia
2873 2380 3261 2452 omnipotentis
3293 2381 3390 2436 Dei
3431 2380 3588 2436 dixe-

1989 2474 2113 2540 rim,
2145 2475 2166 2506 ⁸
2194 2474 2261 2530 de
2291 2473 2445 2545 cujus
2475 2473 2872 2539 misericordia,
2906 2483 2960 2528 ct
2986 2474 3037 2529 in
3066 2473 3221 2542 cujus
3256 2473 3450 2529 ﬁducia
3477 2475 3593 2530 haec

1989 2566 2209 2638 loquor,
2240 2568 2488 2639 quamvis
2518 2578 2571 2622 et
2605 2567 2943 2636 temporibus
2987 2566 3190 2623 nostris
3213 2570 3234 2601 θ
3265 2567 3591 2623 exoriantur

1987 2663 2305 2735 aliquando,
2331 2672 2388 2719 et
2416 2663 2519 2720 hoc
2546 2662 2780 2719 diversis
2815 2661 3059 2732 partibus
3086 2662 3342 2731 locustm,
3391 2670 3447 2718 et
3477 2661 3591 2732 ple-

1988 2773 2216 2829 rumque
2239 2757 2427 2823 etiam,
2455 2755 2550 2813 scd
2586 2754 2964 2818 tolerabiliter,
3016 2752 3240 2820 laedant,
3294 2767 3586 2824 numquam

1988 2859 2168 2907 tamen
2201 2846 2875 2920 lernporibnsChristianis
2907 2853 3053 2901 tanta
3086 2845 3167 2900 vis
3193 2843 3588 2901 inextricabilis

1987 2941 2114 2997 mali
2143 2940 2359 3006 accidit,
2388 2951 2439 2994 ut
2458 2938 2726 3011 pernicies
2763 2937 3123 3003 locustarum,
3152 2952 3271 3008 qua:
3292 2937 3454 3010 315
3491 2940 3590 3007 (sic

1988 3038 2174 3092 mendo
2205 3034 2593 3108 typographico)
2628 3032 2776 3088 nullo
2805 3030 2967 3087 modo
3000 3029 3126 3087 ferri
3149 3032 3272 3087 viva
3297 3033 3586 3102 potuisset,

1988 3140 2209 3185 mortua.
2255 3131 2372 3199 plus
2415 3134 2640 3183 noceret
2677 3143 2689 3180 :
2723 3133 2883 3196 etqua
2939 3124 3028 3178 diu
3081 3123 3292 3180 vii-cute
3351 3125 3589 3195 peritura

1989 3234 2142 3278 erant
2161 3223 2363 3287 omnia,
2391 3236 2452 3274 ea
2477 3217 2704 3290 perdita,
2734 3218 3091 3288 pereuntibus
3115 3218 3286 3289 magis
3313 3219 3587 3287 onmibus,

279 3324 530 3370 cunctam
554 3330 703 3384 spem
738 3315 901 3387 312
933 3314 1143 3386 frugum
1176 3314 1533 3377 abrasissent,
1581 3313 1886 3384 herbasque
1914 3318 1958 3380 C
1993 3315 2287 3388 optandum
2319 3315 2496 3380 fuerit,
2530 3313 2571 3344 ¹⁰
2603 3327 2672 3367 ne
2699 3311 2953 3381 perisset.

282 3424 474 3463 omnes
505 3423 626 3464 cum
659 3419 810 3479 parte
839 3409 1105 3477 radicum,
1139 3420 1193 3465 et
1218 3407 1342 3463 folia
1375 3409 1631 3464 arborum
1656 3423 1774 3464 cum
1800 3419 1879 3464 te-

281 3503 586 3559 neritudine
635 3519 910 3558 ramorum
969 3505 1468 3573 consumpsisscnt,
1497 3519 1682 3560 verum
1715 3505 1876 3560 etiam

281 3611 498 3652 amaros
535 3595 770 3651 cortices
799 3607 962 3668 atque
990 3597 1144 3653 arida
1168 3596 1313 3668 ligna
1333 3597 1353 3628 ²
1381 3595 1762 3668 perrosissent,
1797 3613 1884 3654 re-

283 3692 508 3759 pentino
535 3689 554 3721 ³
587 3689 844 3760 abrept-.u—
872 3700 1066 3760 vento,
1101 3701 1263 3760 atque
1296 3691 1347 3746 in
1398 3691 1589 3762 globos
1647 3698 1879 3761 eoactm,
1941 3681 1944 3686 ’

280 3793 620 3856 portatmque
644 3784 737 3840 diu
765 3800 861 3857 per
876 3783 1359 3852 aerem,Africano
1390 3786 1579 3856 pelago
1611 3785 1883 3841 immersa:

2595 3401 2822 3460 CAPUT
2862 3401 2977 3457 XII.

1984 3497 2074 3555 De
2103 3495 2420 3573 Carthagine
2463 3493 2850 3579 γεειῑιιιτφορ
2883 3493 2942 3550 G.
2983 3491 3209 3549 Gracchi
3248 3493 3501 3551 seditione
3537 3504 3586 3552 et

2362 3596 2365 3599 ·
2675 3576 2906 3622 interitu.

2060 3692 2077 3722 ¹
2113 3691 2269 3745 Anno
2307 3689 2375 3744 ab
2405 3687 2549 3744 Urbe
2585 3684 2800 3742 condita
2842 3699 3089 3754 ocxxvu,
3117 3683 3183 3753 ρ.
3212 3684 3436 3741 Caecilio
3478 3685 3588 3742 Mc-
3643 3691 3646 3694 ’

1989 3783 2116 3839 tello
2151 3793 2206 3838 et
2243 3779 2307 3837 Τ.
2352 3778 2602 3850 Quinctio
2646 3776 2952 3833 Flaminino
2992 3789 3158 3844 coss,
3184 3778 3204 3809 ²
3231 3776 3499 3849 Carthago
3530 3778 3585 3834 in

1579 3900 2026 3958 IIAVERCAMPI
2068 3899 2303 3956 NOT/E.

279 3992 421 4067 apud
455 3989 676 4067 Livium
699 3993 794 4048 lib.
821 4009 910 4067 rtx
934 3991 1243 4067 ,_Vellcium
1268 4009 1329 4063 tt,
1352 3993 1653 4067 Appianum
1686 4010 1724 4062 l,
1755 3993 1878 4050 I’lu-

281 4066 527 4120 tarehum
566 4067 614 4120 in
640 4065 920 4120 Gracchis.
959 4065 1124 4122 [ἤδη.

352 4139 442 4193 Η.
483 4138 851 4191 Conteslutum.
892 4139 989 4192 Itld.
1023 4145 1276 4208 August..
1310 4147 1699 4194 contestanlem.

352 4209 442 4263 15.
489 4209 604 4262 Alio
632 4211 714 4262 die
755 4226 924 4264 mane.
975 4208 1146 4264 Codd.
1199 4210 1422 4280 optimi,
1458 4212 1713 4265 videlicet
1760 4219 1874 4265 tres

278 4279 542 4336 Florentt.
600 4281 750 4337 Meus
797 4294 853 4336 et
898 4282 1180 4343 l‘erizon.,
1231 4279 1336 4336 alio
1374 4300 1527 4337 mane
1563 4282 1870 4344 exanimem,

283 4363 429 4426 ctcﬁ.;
463 4353 544 4426 die
569 4363 750 4426 autem
780 4353 831 4426 iu
873 4357 1110 4426 secundo
1141 4353 1384 4410 Florent.
1422 4353 1868 4426 superscribitur.

360 4425 450 4497 16.
491 4423 640 4477 Hunc
665 4424 877 4497 quidam
908 4425 1087 4497 uxoris
1132 4443 1258 4497 sua}.
1310 4423 1559 4497 SuSpitEio
1599 4427 1666 4481 de
1713 4426 1872 4480 Sent-

279 4496 474 4566 pronia
503 4510 672 4550 uxore
703 4496 861 4550 estin
905 4493 1148 4566 Epitoma
1180 4493 1433 4566 Liviana,
1463 4499 1528 4553 de
1561 4497 1872 4566 Sempronia

277 4565 323 4638 et
353 4565 595 4620 Cornelia
617 4583 773 4622 socru
807 4571 858 4621 in
895 4565 1126 4638 Appiani
1158 4569 1301 4626 libro
1333 4585 1371 4625 ῐ.
1410 4569 1545 4626 lliue
1595 4565 1785 4624 Cicero
1817 4571 1870 4622 in

185 4699 197 4706 _
278 4636 509 4713 Somnio
533 4638 804 4713 Scipio_nis
827 4636 998 4713 dixit}
1028 4640 1089 4695 Si
1115 4643 1304 4711 impias
1328 4645 1734 4713 propinquorum
1763 4657 1874 4693 nta-

278 4725 376 4783 nus
405 4709 666 4783 effugeris.
698 4710 1050 4783 Existimatus
1080 4721 1166 4767 est
1188 4709 1432 4783 'quoque'
1453 4709 1536 4768 (ἐζ
1557 4713 1733 4768 Carbo
1777 4713 1874 4783 trig-

277 4779 459 4852 liunus
506 4779 698 4850 plebis,
741 4782 995 4837 Africano
1027 4783 1138 4838 vim
1185 4779 1464 4852 attulisse,
1508 4793 1564 4840 ul.
1590 4783 1776 4839 scribit
1805 4782 1872 4839 ad

277 4851 486 4907 Pictum
519 4853 745 4922 epistola
776 4852 866 4907 2|.
900 4853 1064 4910 FABR.

353 4924 443 4977 Π.
477 4924 640 4994 Atque
667 4926 720 4978 in
748 4927 1047 4994 perniciem.
1079 4926 1152 4981 Ita
1188 4925 1337 4981 Flor.
1373 4943 1484 4983 sec.
1518 4926 1610 4982 scd
1644 4927 1876 4982 Floren-

277 4993 376 5048 tini
411 4993 576 5068 praet
610 4993 755 5068 itert.’
803 4997 857 5049 in
905 4999 1202 5068 perniciem.
1251 4998 1380 5053 Mss.
1421 4999 1611 5068 reliqui
1661 5013 1874 5063 (mittes,

275 5081 399 5142 cum
424 5065 562 5121 Coll.
596 5067 838 5142 Gronov:
863 5065 916 5122 ct
944 5070 1031 5123 ed.
1063 5071 1303 5142 Augtad
1333 5065 1629 5142 perniciem.
1660 5069 1765 5125 Pro
1782 5087 1876 5141 pa-
1918 5113 1931 5124 .

277 5139 548 5214 trinacria?)
600 5138 779 5214 L_ugd_.
807 5139 944 5214 Batt.
980 5152 1089 5214 t_res
1118 5138 1172 5196 et
1197 5138 1342 5214 Gell.
1374 5141 1614 5214 Gronov.
1671 5138 1875 5214 patrue.

352 5211 440 5285 18:
477 5207 556 5285 Μ,
588 5207 836 5274 Αῑείιὶιίο,
870 5210 961 5285 L._
986 5207 1182 5285 Oreste.
1223 5213 1298 5268 De
1342 5213 1604 5285 prodigiis
1643 5207 1874 5284 quorum

274 5277 625 5355 liie_0rosius
647 5285 916 5355 meminit,
951 5283 1073 5354 lege
1100 5277 1530 5355 Obsequentem:
1564 5277 1730 5340 Farin.

347 5351 481 5409 CAP.
513 5351 606 5410 XI.
638 5384 709 5394 ——
739 5356 788 5409 τι.
817 5351 1095 5409 humanm
1124 5351 1463 5412 locustarum.
1495 5359 1624 5424 Qum
1653 5357 1755 5412 hoc
1785 5369 1876 5412 ca-

275 5423 391 5499 pite
422 5425 490 5480 de
535 5426 780 5499 immani
807 5426 857 5499 vi
899 5426 1242 5499 locustarum
1291 5430 1344 5482 in
1392 5423 1572 5484 Africa
1629 5437 1682 5482 ct
1724 5437 1878 5499 peste

277 5496 410 5550 inde
436 5508 628 5568 exorta
659 5497 846 5552 seribit
878 5497 1126 5564 Orosius,
1159 5515 1219 5554 ea
1237 5499 1458 5555 fuerunt
1483 5515 1512 5554 a
1536 5500 1687 5554 Livio
1713 5496 1881 5568 expoé

277 5566 538 5640 sitalibr.
569 5584 667 5634 ιι,
703 5570 754 5622 in
787 5569 946 5639 cujus
977 5571 1223 5640 Epitoma
1257 5572 1335 5624 sic
1366 5571 1559 5640 legitur
1585 5566 1879 5640 :Pestilen:

274 5641 352 5691 lia
393 5638 449 5692 in
475 5641 656 5709 Africa
711 5657 745 5693 a
792 5637 1038 5696 maxime
1064 5642 1394 5696 multitudine
1427 5637 1783 5706 “locustarum,
1837 5637 1884 5696 el

278 5709 470 5786 deinde
495 5723 792 5786 necaturum
816 5724 990 5786 strage
1015 5713 1171 5785 fuisse
1197 5713 1447 5769 traditur.
1475 5713 1713 5769 Meminit
1730 5714 1880 5786 ejus—

287 5783 412 5836 dem
446 5783 524 5853 ι·ρί
557 5781 899 5853 Obsequens.
926 5781 1093 5840 linea.

351 5853 438 5928 ᾗ,
463 5851 832 5928 Per-rosissent.
863 5857 1053 5928 Lugd.
1100 5855 1248 5928 Bat,
1292 5864 1417 5913 tert.
1487 5857 1886 5928 prwrosissent;

281 5923 588 5997 sedLugd.
623 5922 766 5984 Ball.
799 5922 1021 6001 reliqui,
1058 5942 1181 5986 cum
1213 5927 1352 5989 Coll.
1385 5922 1630 5987 Gronov.
1667 5939 1720 5988 et
1751 5922 1887 5990 mss.

1985 3993 2104 4049 illeo
2135 4002 2296 4064 atque
2326 3989 2600 4061 Perizon.,
2628 3987 2981 4062 perroderent,
3012 3987 3154 4060 Quod
3179 3987 3359 4044 forsan
3387 3988 3582 4045 melius

1985 4074 2088 4122 est.

2057 4134 2384 4209 3.7.4breptre
2422 4145 2590 4209 vento.
2635 4133 2773 4209 Malo
2823 4132 2916 4209 i_ta,
2972 4146 3092 4187 cum
3125 4130 3246 4186 eod.
3302 4131 3577 4199 Perizon.,

1981 4205 2152 4280 Lugd.
2183 4204 2308 4280 Bal.
2356 4208 2514 4262 tertio
2553 4215 2608 4262 et
2652 4205 2789 4261 Coll.
2813 4204 3060 4280 Gronov.
3113 4219 3272 4280 quant
3326 4214 3569 4280 arreptaz,

1981 4275 2124 4351 quod
2156 4281 2207 4335 in
2239 4279 2462 4349 reliquis
2496 4293 2626 4333 mss.
2680 4277 3039 4351 omnibusque
3084 4275 3207 4351 cdd.
3257 4275 3536 4351 invenitur
3562 4321 3576 4348 ,

1980 4347 2202 4422 excepta
2234 4347 2457 4419 August.
2488 4351 2540 4404 in
2573 4363 2675 4420 qua
2706 4347 2890 4422 itidem
2915 4347 3385 4422 abreptteleggitur.

2047 4417 2359 4489 iﬁllficipsa
2389 4438 2497 4476 rex.
2533 4417 2605 4475 De
2635 4435 2741 4491 quo
2775 4420 2912 4491 inira
2945 4433 3064 4488 cap.
3105 4419 3197 4491 15.
3230 4417 3398 4477 Ελυῐι.

2051 4497 2106 4552 5.
2141 4495 2468 4563 Ortingenta.
2499 4490 2757 4560 Qumdam
2785 4490 2911 4545 edd.
2947 4490 3227 4563 octoginta,
3261 4491 3350 4560 qui
3385 4505 3573 4546 nume-

1979 4583 2071 4623 rus
2102 4561 2364 4622 Numidia:
2393 4563 2732 4632 amplitudini
2789 4571 2948 4633 atque
2978 4561 3280 4616 incolarum
3312 4576 3571 4618 nurnero-

1979 4641 2121 4694 sitati
2156 4655 2262 4692 non
2293 4641 2567 4692 convenit.

2053 4712 2102 4766 6.
2130 4710 2260 4764 Tam
2282 4710 2554 4776 repentina
2576 4723 2636 4760 ac
2661 4715 2764 4758 tam
2788 4704 3026 4759 violenta.
3058 4703 3214 4759 Prius
3242 4712 3345 4758 tam
3368 4705 3420 4760 in
3445 4705 3575 4762 edd.

1981 4780 2214 4837 Fabricii
2246 4790 2302 4836 et
2329 4780 2500 4836 Scotti
2532 4779 2752 4843 excidit,
2785 4785 2972 4832 contra
3003 4787 3193 4830 omnes
3223 4791 3352 4832 mss.
3378 4777 3570 4832 etedd.

1903 4825 1957 4886 Ῑ)
1983 4825 2388 4925 δέιξίιῖἷίίιιξνρδζ
2424 4866 2512 4921 pr.
2546 4825 2775 4925 alterum
2835 4860 2938 4902 tam
2971 4850 3385 4925 non‘agnoscit.
3431 4848 3578 4916 Mox,

1983 4941 2080 4996 pro
2096 4919 2327 4996 institit,
2360 4919 2612 4996 Perizon.
2644 4919 2897 4996 Metasque
2933 4919 3146 4974 exstitit.

2053 4998 2107 5053 7.
2146 4995 2293 5049 Mille
2318 4987 2645 5065 quingentos.
2673 4991 2774 5046 Ed.
2811 4987 3068 5065 }\t_tgttst.,
3107 4987 3251 5044 mille
3300 4990 3572 5046 ducentos.

2051 5074 2106 5124 8.
2149 5067 2228 5122 De
2249 5068 2420 5136 cujus.
2446 5063 2509 5120 lu
2542 5063 2690 5136 Fior.
2727 5079 2808 5133 pr.
2842 5063 2995 5136 abest
3025 5064 3106 5116 de.

2054 5140 2106 5194 9.
2146 5134 2487 5194 Exoriimtur.
2523 5134 2798 5204 Perizou.,
2832 5135 3132 5198 emoriatur;
3180 5143 3234 5191 et
3277 5147 3424 5200 mox,
3478 5145 3601 5204 pro.

1981 5211 2198 5282 dirersis
2219 5210 2477 5282 partibus,
2510 5208 2673 5278 legit,
2705 5203 2923 5282 diversis
2954 5207 3284 5282 temporibus.

2055 5285 2143 5340 10.
2173 5275 2255 5336 Ne
2277 5281 2507 5354 perisset.
2531 5275 2622 5336 Sic
2637 5275 2936 5350 reposuiex
2964 5279 3085 5333 cod.
3112 5275 3354 5348 Longob.
3396 5277 3579 5350 vulgo,

1979 5371 2044 5412 ne
2076 5355 2282 5412 πενίη-ει.

2058 5372 2335 5482 ἕξξιῗὲξὶι.
2365 5454 2437 5467 —--
2468 5417 2616 5478 Auno
2646 5421 2708 5477 ab
2735 5421 2874 5478 Urbe
2907 5421 3120 5476 condita
3171 5433 3412 5477 ncxxvn.
3446 5421 3584 5475 Aliis

1986 5508 2075 5555 est
2113 5513 2286 5554 annus
2333 5512 2530 5553 ncxxx.
2574 5493 2871 5550 Consulum
2918 5494 3134 5548 nomina
3179 5494 3338 5564 vulgo
3384 5493 3582 5548 misere

1989 5571 2284 5641 depravata
2307 5577 2474 5641 sunt,
2499 5583 2621 5641 quae
2659 5567 2712 5641 in
2746 5566 2971 5641 optimis
2998 5564 3150 5641 libris
3180 5576 3326 5619 reete
3360 5564 3577 5641 habent,

1991 5636 2095 5697 nisi
2128 5641 2268 5713 quod
2297 5636 2686 5696 Metello‘Lucii
2719 5636 2823 5694 non
2868 5636 3048 5704 Quinti
3088 5648 3399 5708 praenomen
3443 5636 3583 5691 male

1994 5716 2143 5840 “agt:
2167 5711 2428 5854 gat-lii‘tago
2467 5784 2520 5837 in
2560 5782 2737 5854 Africa
2768 5779 3170 5854 restituiiussa.
3199 5777 3585 5854 Carthaginem

1996 5859 2150 5926 jussu
2180 5849 2400 5912 senatus
2427 5849 2730 5926 reparatam
2763 5852 2958 5926 scribit
2986 5851 3306 5926 Eutropius.
3329 5849 3374 5926 Α
3399 5859 3592 5926 senatu

2001 5921 2058 5986 id
2106 5929 2383 5985 decretura
2425 5921 2591 5986 fuisse
2620 5923 2826 5984 indicat
2864 5921 3171 5998 Appianus.
3201 5922 3458 5981 Rubrium
3486 5921 3592 5980 tri-
