4046 6344
550 336 661 397 945

1963 328 2174 389 PAULI
2207 329 2438 390 OROSII

3654 314 3793 393 ‘9tt

546 452 733 511 Africa
770 450 986 509 restitui
1023 450 1174 523 iussa
1199 494 1214 521 ,
1244 449 1504 523 vigesimo
1547 457 1603 508 et
1644 448 1883 507 secundo
1931 449 2149 507 demum
2175 450 2224 514 Α
2254 447 2582 520 Capitolium
2633 447 2722 504 ubi
2769 445 2966 503 concio
3016 445 3343 519 agitabatur,
3402 446 3631 504 ascendit
3673 467 3684 505 :
3734 452 3794 509 ibi

548 561 715 616 anno,
745 561 910 618 quam
933 544 1110 602 fuerat
1134 560 1345 610 eversa,
1377 545 1620 600 deductis
1646 544 1845 600 civium
1873 543 2152 599 Romano-

546 656 671 696 rum
694 639 932 707 familiis,
962 655 1081 711 quae
1103 654 1225 696 eam
1246 638 1568 707 incolerent,
1597 641 1842 694 restituta
1869 645 1923 692 et
1948 636 2152 708 repleta

547 745 632 793 est
658 777 673 804 ,
722 750 917 808 magno
963 743 1087 790 ante
1127 732 1375 805 prodigio
1410 731 1774 804 przecedente.
1809 729 1981 786 ’Nam
2027 744 2149 786 cum

548 842 831 885 mensores
883 826 950 883 ad
1009 825 1351 882 limitandum
1403 825 1910 895 Carthaginiensem
1959 836 2151 892 agrum

546 921 731 987 missi,
763 921 982 991 stipites
1006 959 1020 985 ,
1054 920 1411 975 terminorum
1443 917 1650 973 indices
1673 916 1808 972 ﬁxos
1833 961 1848 986 ,
1878 915 1901 946 "
1932 924 2091 971 nocte
2114 930 2149 985 ,a

546 1012 691 1080 lupis
735 1011 985 1067 revulsos
1024 1010 1337 1079 mordicus,
1367 1023 1728 1081 corrososque
1774 1007 2149 1079 reperissent,

548 1105 880 1176 aliquamdiu
911 1103 1224 1159 haesitatum
1247 1112 1331 1160 est
1352 1149 1366 1173 ,
1398 1112 1578 1159 utrum
1612 1103 1868 1157 Romanae
1911 1101 2031 1172 paci
2058 1116 2153 1157 ex-

547 1198 801 1269 pediret,
840 1195 1224 1268 Carthaginem
1268 1195 1575 1252 reformari.
1610 1195 1631 1227 ⁸
1666 1195 1869 1252 Eodem
1899 1209 2044 1250 anno
2086 1193 2148 1249 C.

546 1290 848 1356 Gracchus,
867 1289 1099 1346 Gracchi
1125 1290 1291 1356 illius,
1311 1291 1399 1360 qui
1425 1289 1534 1358 jam
1558 1288 1771 1344 occisus
1799 1288 1852 1344 in
1882 1286 2150 1343 seditione

544 1385 744 1451 fuerat,
771 1382 960 1449 frater,
993 1382 1240 1437 tribunus
1268 1381 1442 1453 plebis
1473 1396 1570 1452 per
1593 1379 1878 1435 tumultum
1908 1387 2145 1450 creatus,

544 1491 739 1547 magna
780 1474 1098 1547 reipublicae
1144 1474 1410 1546 pernicies
1461 1473 1581 1529 fuit.
1636 1473 1770 1528 Nam
1826 1486 1949 1527 cum
2003 1485 2149 1542 saepe

544 1570 806 1640 populum
827 1568 1132 1624 Romanum
1154 1567 1529 1639 largitionibus
1556 1566 1945 1637 promissisque
1968 1564 2148 1620 nimiis

541 1662 599 1718 in
632 1661 1017 1719 acerbissimas
1065 1660 1361 1716 seditiones
1407 1660 1428 1691 ⁶
1475 1659 1868 1725 excitarim-et,
1910 1658 2147 1714 maxime

544 1757 565 1790 "
600 1757 736 1828 legis
763 1754 993 1827 agrarim
1022 1769 1182 1810 causa
1209 1796 1223 1821 ,
1262 1769 1360 1825 pro
1384 1768 1486 1824 qua
1519 1752 1682 1807 etiam
1714 1750 1882 1807 frater
1910 1751 2029 1820 eius
2057 1749 2144 1805 Ti.

2257 544 2495 599 maximo
2542 541 2772 597 tumultu
2798 542 3033 597 excitato
3056 583 3070 607 ,
3102 543 3122 574 ⁹
3153 539 3371 612 quidam
3417 556 3630 609 prmcoa
3656 543 3795 602 Grac-

2256 635 2448 692 chanis
2489 634 2806 691 interfectus
2828 675 2843 703 ,
2874 634 3023 691 velut
3054 632 3270 705 signum
3302 631 3433 688 belli
3466 632 3576 690 fuit.
3603 635 3797 694 Flaccus

2256 728 2465 784 duobus
2489 726 2614 784 filiis
2643 727 2867 783 armatis
2895 728 3136 793 cinctus,
3164 725 3461 784 comitante
3486 726 3631 783 etiam
3658 728 3799 787 Grac-

2255 821 2360 879 cho
2396 830 2576 894 togato
2603 864 2617 889 ,
2647 822 2979 893 brevemque
3007 820 3245 893 gladium
3281 820 3382 875 sub
3411 819 3619 876 sinistra
3643 823 3801 879 occul-

2257 924 2442 982 tante,
2491 913 2737 985 quamvis
2780 923 2835 968 et
2881 927 3184 985 praeconem
3230 912 3427 968 frustra
3456 914 3799 984 praemisisset,

2222 992 2344 1079 'qui
2386 1021 2574 1063 servos
2618 1006 2685 1061 ad
2734 1006 3040 1063 libertatem
3074 1016 3330 1071 vocaret,
3368 1007 3411 1038 ¹⁰
3439 1006 3647 1063 lanium
3692 1016 3807 1063 tam-

2253 1114 2416 1173 quam
2447 1115 2630 1158 arcem
2677 1101 2960 1174 occupavit
2995 1118 3007 1154 :
3041 1102 3083 1133 ¹¹
3127 1109 3315 1156 contra
3350 1101 3392 1133 η
3425 1100 3487 1156 D.
3533 1100 3714 1157 Brutus
3736 1103 3804 1158 vir

2253 1195 2557 1251 causularis
2590 1194 2634 1226 ’³
2658 1213 2686 1249 a
2715 1196 2867 1249 Clivo
2900 1194 3142 1252 Publicio
3169 1209 3293 1249 cum
3323 1194 3525 1266 ingenti
3546 1197 3806 1265 certamine

2254 1287 2436 1343 irruit.
2499 1288 2573 1343 lhi
2624 1287 2855 1344 Flaccus
2913 1289 3005 1343 diu
3055 1287 3486 1345 obstinatissime
3528 1288 3805 1355 dimicavit;

2252 1380 2529 1438 Gracclms
2556 1423 2571 1447 ,
2603 1394 2890 1453 p052quam
2922 1382 2974 1438 in
3013 1382 3275 1453 templum
3310 1383 3565 1439 Minerva:
3599 1398 3807 1440 secesse-

2252 1484 2375 1539 rat,
2423 1473 2602 1546 gladio
2640 1475 2957 1532 incumbere
2989 1476 3218 1541 volens,
3269 1475 3316 1508 “
3367 1476 3668 1533 interventu
3713 1476 3810 1533 L12-

2251 1567 2373 1622 torii
2400 1577 2643 1622 retentus
2668 1576 2773 1624 est.
2802 1567 2993 1639 Itaque
3035 1567 3198 1641 317
3230 1583 3353 1624 cum
3393 1567 3485 1623 diu
3514 1584 3700 1639 anceps
3718 1567 3813 1622 bvi-

2251 1661 2361 1717 lum
2418 1660 2717 1732 agitaretur
2746 1706 2761 1728 ,
2804 1662 2849 1693 ’⁵
2879 1661 3094 1717 tandem
3151 1661 3462 1732 sagittarii,
3509 1661 3552 1693 ¹⁶
3595 1661 3657 1716 ab
3706 1658 3813 1730 Opi-

2250 1753 2363 1809 mio
2424 1756 2627 1819 missi,
2694 1763 3005 1810 consertam
3061 1752 3464 1809 multitudinem
3509 1752 3817 1808 disturbare-

539 1847 820 1907 Gracchus
852 1847 1033 1904 fuerat
1062 1846 1303 1914 occisus,
1334 1845 1498 1917 316
1526 1843 1740 1901 tandem
1767 1859 1795 1896 a
1824 1844 2102 1905 tribunatu
2129 1887 2143 1913 ,
2181 1855 2222 1914 Β
2252 1857 2399 1904 runt.
2452 1848 2570 1905 Duo
2619 1848 2801 1905 Flacci
2846 1859 3002 1922 pater
3059 1849 3311 1921 filiusque
3360 1864 3484 1904 cum
3541 1864 3633 1919 per
3668 1848 3813 1903 a‘dvm

539 1924 824 2000 “Minucio
868 1957 1189 1999 successore
1215 1983 1232 2009 ,
1274 1941 1533 1997 decessit.
1579 1940 1844 1996 Minucius
1886 1939 2136 1994 tribunus

538 2036 737 2108 plebis,
766 2051 886 2093 cum
919 2038 1159 2092 maxima
1184 2051 1249 2093 ex
1277 2044 1432 2106 parte
1453 2034 1760 2091 decessoris
1789 2036 1871 2089 sui
1902 2032 2137 2089 Gracchi

536 2137 739 2187 statuta
797 2130 1197 2196 convulsisset,
1249 2129 1509 2200 legesque
1561 2128 1921 2199 abrogasset,
1976 2125 2140 2183 Caius

538 2221 820 2281 Gracchus
846 2239 969 2281 cum
992 2223 1183 2281 Fulvio
1205 2223 1402 2280 Flacco
1420 2220 1626 2294 ingenti
1646 2219 1877 2292 stipatus
1896 2220 2138 2293 agmine,

2243 1940 2410 1997 Lunm
2468 1944 2511 1974 ¹τ
2563 1942 2616 1998 in
2667 1943 2928 2012 privatam
2972 1941 3193 1998 domum
3239 1940 3628 2007 desiluissent,
3675 1940 3817 1996 fores-

2245 2053 2350 2109 que
2407 2037 2769 2107 objecissent,
2806 2037 3038 2093 rescisso
3073 2036 3291 2092 cratitio
3338 2035 3544 2106 pariete
3567 2075 3583 2103 ,
3610 2033 3816 2090 confossi

2245 2139 2392 2186 sunt.
2443 2131 2488 2163 ¹⁸
2540 2129 2837 2198 Gracchus,
2862 2131 2903 2164 ¹⁹
2934 2129 3025 2186 ditt
3052 2146 3149 2200 pro
3179 2144 3237 2185 se
3266 2128 3460 2185 amicis
3492 2127 3821 2199 pugnantibus

2248 2237 2312 2279 ae
2340 2223 2714 2296 pereuntibus,
2743 2238 2888 2297 aegre
2916 2222 2982 2280 ad
3012 2232 3229 2297 pontem
3262 2222 3553 2281 sublicium
3577 2220 3819 2294 pervenit:

1837 2465 2291 2526 l-lAVERCAMPI
2326 2467 2560 2526 ΝΟΤᾹΞ.

539 2660 742 2717 bunum
772 2656 945 2726 plebis
994 2654 1331 2726 rogationem
1380 2654 1447 2709 ad
1504 2653 1760 2725 populum
1807 2652 1877 2709 de
1918 2654 2134 2710 colonia
2168 2624 2181 2629 ⁷

536 2732 922 2803 Carthaginem
960 2727 1275 2803 deducentia
1306 2727 1633 2795 pertulisse,
1665 2736 1856 2783 auctor
1884 2736 1969 2782 est
2008 2726 2135 2783 l‘lu-

539 2798 769 2861 tarchus
789 2805 844 2857 in
872 2800 1153 2857 Gracchis.
1192 2798 1361 2854 Fanu.

609 2878 663 2931 5.
698 2872 839 2929 Nam
860 2889 975 2928 cum
996 2887 1279 2927 mensuras.
1314 2872 1391 2927 De
1427 2870 1531 2926 hoc
1576 2869 1824 2943 prodigio
1854 2869 2133 2942 Appianus

514 2948 590 3003 'et
620 2945 969 3001 Plutarchus.
1003 2943 1168 2998 Fann.

607 3017 665 3072 4.
702 3015 1168 3085 Nocte.Vutgg.ct
1198 3021 1369 3081 nocte,
1396 3012 1492 3069 sed
1526 3027 1656 3070 mss.
1690 3012 2131 3085 coniunctionem

536 3104 647 3145 non
672 3095 992 3155 agnoscunt.

610 3161 665 3215 5.
697 3158 895 3215 Eodem
920 3172 1058 3211 anno
1079 3154 1140 3212 ϐ.
1171 3154 1459 3212 Gracchus.
1493 3157 1553 3212 C.
1582 3155 1937 3227 Sempronius
1966 3155 2134 3213 Grac-

536 3230 676 3287 chus
709 3231 1040 3286 tribunatum
1084 3227 1262 3297 plcbis
1294 3243 1391 3297 per
1425 3228 1706 3283 biennium
1752 3227 2128 3296 continuavit,

537 3313 597 3357 ut
637 3303 942 3357 notavimus
990 3300 1043 3354 in
1089 3308 1411 3369 argumento
1441 3299 1704 3354 orationis
1733 3299 1802 3354 de
1833 3298 2131 3368 provinciis

539 3389 684 3440 cos.,
717 3386 891 3444 eoque
934 3382 1183 3444 tempore
1216 3370 1417 3444 multas
1450 3372 1595 3442 lcges
1629 3370 1790 3444 tulit,
1822 3371 1901 3444 de
1935 3371 2130 3444 quibus

535 3440 837 3570 igppianus',
870 3440 1217 3510 Plutarchus,
1250 3440 1456 3510 Livius,
1481 3440 1750 3498 Asconius
1774 3440 1830 3498 et
1861 3440 2124 3499 Velleius.

583 3533 709 3570 ABR.

583 3533 709 3573 ABR.

605 3590 663 3644 6.
698 3585 1057 3644 Excitavisset.
1093 3585 1372 3654 Perizon.,
1397 3586 1697 3652 excivisset;
1729 3584 1856 3641 edd.
1883 3583 2127 3657 quidam,

534 3662 831 3715 excitasset.

590 3734 663 3788 i7.
710 3731 861 3803 Legis
903 3730 1125 3804 agraria:
1172 3745 1351 3804 causa.
1401 3728 1671 3804 omittunt
1718 3742 2129 3804 nonnumquam

537 3802 720 3859 Latini
750 3802 953 3859 vacent
986 3819 1144 3856 causa
1176 3802 1264 3855 vel
1311 3803 1483 3872 gratia
1531 3802 1582 3855 in
1633 3802 1929 3871 generandi
1977 3815 2128 3864 casu,

536 3886 699 3946 prout
732 3884 878 3945 patet
916 3890 981 3930 ex
1020 3873 1286 3946 exemplis
1331 3884 1572 3946 veterum
1602 3874 2021 3946 etauctoritate
2046 3872 2129 3925 vi.

535 3943 1057 4011 i‘ornm‘doctorum,
1081 3960 1111 3998 a
1143 3944 1228 4000 ιο.
1259 3944 1555 3999 Arntzcnio
1576 3944 1824 3998 adductis
1851 3943 1917 3998 ad
1949 3944 2131 3999 Victo-

538 4033 652 4073 rem
688 4033 808 4090 pag.
858 4017 929 4072 55
960 4035 972 4071 :
1018 4032 1186 4090 quare
1218 4015 1360 4090 idem
1390 4016 1560 4090 \’.__D.
1593 4016 1681 4070 hic
1724 4013 2019 4090 ab_Orosio
2064 4029 2128 4090 cr

537 4085 1246 4145 mss.'auetoritate'achse
1278 4088 1411 4141 vult.
1443 4086 1561 4141 Non
1589 4085 2048 4151 contradicercm,
2084 4086 2129 4140 si

536 4161 784 4229 pluribus
807 4161 891 4215 vel
927 4159 1245 4214 melioribus
1285 4157 1598 4227 adiuvarem
1639 4173 1771 4213 mss.
1803 4156 1975 4227 Nunc,
2001 4173 2128 4213 cum

535 4248 645 4287 uno
673 4232 879 4288 nitatur
900 4230 1041 4286 Ultr.
1072 4230 1316 4283 omnium
1350 4230 1607 4298 pessimo,
1644 4229 1771 4284 etin
1800 4244 1909 4298 quo
1937 4229 2127 4283 crebra

534 4304 828 4358 admodum
855 4301 1246 4354 vocabulorum
1292 4301 1546 4366 amissio,
1580 4301 1842 4372 sylvaquc
1879 4316 2125 4355 errorum

536 4374 640 4433 est.
672 4390 792 4427 cum
823 4373 1049 4440 reliquis
1083 4385 1214 4425 mss.
1255 4371 1509 4425 omnibus
1540 4371 1700 4439 posse
1726 4372 1947 4426 retineri
1978 4381 2127 4440 pulo.

609 4448 662 4500 8.
706 4445 942 4498 Minucia
984 4457 1296 4513 successore.
1346 4443 1499 4496 llunc
1522 4443 1772 4496 videntur
1810 4443 2031 4513 collega:
2072 4444 2126 4499 in

536 4516 765 4571 Gracchi
798 4516 977 4569 locum
1009 4512 1309 4583 subjecisse
1334 4553 1348 4576 ,
1381 4527 1509 4567 cum
1539 4514 1630 4568 ille
1660 4514 1907 4583 plurimis
1930 4512 2125 4570 suifra-

532 4589 639 4655 giis
670 4587 912 4642 tribunus
952 4580 1124 4654 plebis
1162 4584 1380 4656 tertium
1420 4594 1638 4656 creatus
1663 4580 1855 4651 esset,
1905 4602 2015 4656 quo
2056 4587 2125 4643 de

534 4658 814 4713 Plutarch.
842 4656 1065 4728 Minucii
1088 4655 1517 4728 hujusmemiuit
1537 4655 1732 4711 Florus
1760 4656 1857 4712 lib.
1888 4655 1965 4721 m,
2002 4673 2123 4728 cap.

532 4731 623 4785 15.
670 4734 879 4785 Auctor
921 4728 990 4783 de
1024 4726 1166 4784 Viris
1204 4726 1408 4784 lllustr.
1453 4726 1745 4782 Minucium
1790 4728 1990 4799 Rufum
2029 4726 2128 4785 no-

531 4804 723 4857 minat.
756 4800 923 4857 Fann.

2243 2653 2404 2710 codd.
2449 2669 2582 2710 mss.
2632 2652 2879 2710 Floreat.
2932 2661 3059 2711 tert.
3109 2663 3166 2711 et
3208 2655 3471 2713 Perizon.
3526 2653 3820 2719 meliorem,

2243 2740 2405 2799 quam
2451 2743 2572 2797 qua:
2628 2727 2679 2799 in
2711 2727 2836 2782 aliis
2884 2735 3046 2799 atque
3091 2728 3491 2795 posterioribus
3530 2725 3824 2799 quibusdam

2242 2798 2370 2869 edd.
2402 2796 2515 2863 est,
2549 2796 2777 2869 publica.
2812 2799 2857 2853 Α
2889 2798 3145 2854 Publiciis
3182 2800 3327 2855 enim
3369 2796 3572 2854 nomen
3618 2796 3821 2869 accepit.

2242 2868 2416 2941 Varro
2463 2865 2826 2941 de'LL._lib.
2869 2886 2943 2933 tv,
2988 2887 3040 2941 p.
3086 2871 3156 2925 58
3188 2889 3200 2901 ·
3237 2871 3415 2926 Clivus
3472 2865 3822 2924 Publicius‘ab

2239 2940 2478 3012 sedilibus
2504 2941 2664 3008 plebis
2694 2939 2964 3001 Publiciis,
2992 2939 3088 3012 qui
3115 2959 3231 2997 cum
3259 2943 3472 3010 publice
3495 2942 3824 3012 mdiftcarunt.

2241 3011 2466 3069 Fratres
2487 3013 2706 3070 fuerunt
2730 3057 2745 3081 ,
2770 3022 2910 3069 teste
2941 3009 3102 3075 Festo
3123 3055 3140 3081 ,
3171 3009 3451 3069 Publicius
3486 3014 3649 3068 clivus
3668 3009 3828 3082 appel-

2236 3084 2393 3156 latur,
2427 3101 2577 3156 quem
2606 3086 2712 3139 duo
2758 3085 2966 3155 fratres,
3012 3084 3077 3141 L.
3121 3095 3168 3140 et
3193 3085 3267 3139 Μ.
3296 3084 3535 3149 Publicii
3560 3081 3827 3156 Malleoli,

2234 3155 2413 3210 wdilcs
2440 3154 2653 3211 curules
2678 3197 2690 3220 ,
2742 3154 2997 3227 pecuariis
3043 3158 3401 3211 condemnatis
3429 3201 3444 3220 ,
3478 3174 3546 3213 ea:
3586 3154 3826 3227 pecunia,

2270 3243 2388 3280 nam
2414 3239 2657 3297 ceperunt
2678 3272 2693 3296 ,
2727 3224 3057 3295 munierunt,
3090 3239 3146 3283 ut
3179 3233 3233 3282 in
3264 3230 3585 3284 Aventinum
3610 3224 3824 3282 vehicula

2289 3298 2391 3373 alia
2414 3301 2585 3373 venire
2604 3300 3036 3373 possent.AQuare
3056 3299 3360 3359 Publicium
3386 3315 3609 3373 quoque
3626 3300 3826 3355 vocavit

2233 3370 2456 3427 Ovidius
2485 3371 2702 3428 Faster.
2733 3388 2787 3427 v.
2825 3371 2934 3430 293
2968 3390 2983 3428 :

2360 3548 2520 3616 Parte»
2534 3548 2698 3601 locant
2721 3550 2856 3616 clivi,
2881 3552 3110 3616 qui_tun_c
3135 3556 3245 3616 erat
3267 3551 3424 3602 ardua
3449 3563 3627 3616 rupes,

2428 3611 2559 3663 Utile
2581 3626 2712 3663 nunc
2730 3613 2825 3664 iter
2844 3611 2945 3678 est,
2968 3614 3341 3679 Publiciumque
3367 3611 3574 3666 vocarit.

2306 3801 2395 3856 Η.
2440 3801 2739 3858 Interventu
2806 3801 3035 3858 Lictorii.
3090 3802 3303 3860 Lmtorii
3348 3803 3701 3863 restituimus
3768 3815 3825 3855 er

2231 3873 2442 3947 optimo
2473 3875 2612 3929 libro
2638 3874 2939 3940 Gnaltheri,
2967 3892 3065 3943 pro
3088 3892 3195 3947 quo
3215 3878 3268 3932 in
3297 3879 3528 3934 cancris
3561 3874 3829 3947 mendose.

2235 3944 2460 4019 Lictoris
2482 3946 2697 4016 legitur.
2726 3946 2892 4019 Qrigo
2921 3944 3125 4019 erroris
3148 3948 3271 4003 inde
3288 3950 3467 4017 venit,
3492 3947 3639 4019 quod
3662 3946 3825 4019 vulgi).

2232 4016 2549 4091 Lectorium,
2599 4033 2699 4091 pro
2730 4016 2952 4072 La'lorio
2998 4018 3263 4074 scribunt.
3295 4022 3367 4076 At
3412 4016 3469 4076 in
3511 4016 3722 4091 optimo
3749 4016 3832 4071 illo

2234 4089 2374 4143 libro
2401 4104 2505 4143 non
2542 4090 2704 4144 modo
2733 4091 2824 4160 hic
2846 4132 2861 4156 ,
2897 4105 3081 4145 verum
3112 4094 3273 4146 etiam
3308 4092 3454 4147 infra
3487 4089 3669 4160 capite
3699 4091 3832 4157 vige-

2230 4161 2373 4215 simo
2406 4161 2581 4230 primo
2607 4170 2689 4215 est
2720 4159 2977 4216 La’torius
3000 4203 3015 4226 ,
3062 4163 3150 4217 ubi
3182 4164 3252 4217 ita
3286 4161 3396 4219 hoc
3431 4178 3639 4219 nomen
3682 4160 3830 4215 scribi

2232 4230 2437 4304 debere
2468 4233 2840 4288 ostendemus.
2882 4233 2938 4288 In
2972 4233 3248 4289 Plutarchi
3279 4234 3406 4289 loco
3433 4277 3451 4301 ,
3489 4251 3655 4304 quem
3688 4231 3834 4286 modo

2231 4302 2555 4357 adduximus
2581 4346 2595 4365 ,
2626 4308 2876 4360 Λικιννῖου
2897 4346 2912 4370 ,
2945 4304 3082 4358 haud
3112 4305 3274 4359 dubie
3302 4302 3597 4376 corrupte,
3633 4304 3829 4372 legitur,

2231 4376 2677 4452 pr0_Aatraip{oo._
2702 4376 2971 4452 Numqui
2996 4377 3068 4431 ibi
3103 4376 3427 4452 Pomponius
3458 4388 3516 4452 et,
3540 4377 3796 4452 Licinnius
3818 4414 3831 4434 ,

2233 4444 2271 4500 ii
2301 4446 2369 4500 ab
2399 4444 2619 4502 arietare
2646 4447 2714 4502 de
2738 4444 2893 4502 Viris
2915 4444 3299 4504 lllustrihus'et
3329 4449 3563 4504 Valerio
3591 4450 3832 4511 Maximo,

2229 4517 2368 4571 libro
2399 4527 2594 4588 quarto
2622 4520 2797 4587 capite
2840 4521 2888 4587 7,
2923 4519 3241 4585 Pmnpouius
3270 4519 3623 4575 ριιιιατιονίιιδ
3657 4520 3833 4574 dicun-

2230 4596 2337 4642 tur.
2375 4591 2449 4641 De
2483 4590 2785 4657 Pomponii,
2805 4592 3004 4659 equitis
3027 4591 3278 4660 Romani,
3306 4593 3418 4649 fide
3448 4592 3505 4649 in
3536 4591 3832 4650 Gracchum

2230 4660 2346 4731 lege
2362 4660 2735 4731 Paterculum.
2765 4661 2928 4716 ἢθη.

2433 4731 2667 4804 Tandem
2709 4733 2989 4804 sagiltarii.
3022 4734 3237 4800 Τοξὸται
3258 4741 3474 4801 Κρῆτες,
3505 4733 3833 4790 Plutarchus.

2302 4802 2390 4858 16.
2434 4803 2508 4857 Ab
2542 4802 2783 4871 Opimio.
2806 4805 2906 4859 Ed.
2939 4809 3096 4873 Aug.,
3138 4806 3212 4860 Ab
3244 4807 3467 4873 Opimio
3505 4807 3738 4861 consule.

605 4875 661 4927 9.
706 4872 1150 4996 Quidamlrrwco.
1203 4869 1395 4924 Atilius
1434 4884 1615 4939 prmco
1651 4869 1852 4944 Opimii
1881 4872 2119 4929 consulis

605 4956 616 4996 L
657 4945 710 4996 in
757 4944 895 4996 libro
980 4959 1011 4996 e
1056 4942 1197 4996 Viris
1244 4942 1583 4996 lllustribus.
1626 4945 1716 4996 oui
1758 4959 1789 4996 a
1827 4944 2116 4996 Plutarcho

2297 4874 2384 4928 17.
2428 4874 2495 4930 In
2543 4869 2752 4929 domum
2800 4869 3093 4947 privatam;
3128 4888 3207 4940 Ἐς
3255 4869 3618 4957 ἐριγαστήριον
3667 4876 3834 4954 ἀνδρὸς

2241 4948 2505 4996 nomium)-
2542 4947 2599 4996 in
2620 4947 2883 4996 ofﬁcinam
2914 4948 3136 4996 hominis
3164 4952 3293 4996 noli-
3329 4952 3645 4996 Annianus-
3682 4949 3832 4996 Fann.

530 4955 616 5000 est
657 4945 710 5000 in
757 4944 895 5000 lihro
940 4942 1011 4997 de
1056 4942 1197 4997 Viris
1244 4942 1583 5012 Illustrihus,
1626 4942 1716 5012 qui
1758 4959 1789 4997 a
1827 4944 2116 4999 Plutarcho

528 5016 766 5091 Ὀπιμίῳ
786 5017 1045 5091 ὑπηρέτης
1070 5023 1271 5091 gelare:
1291 5013 1563 5091 uva-0340;:
1578 5015 1905 5091 nominatur,
1934 5016 1986 5091 iit
2010 5018 2119 5085 Ap-

526 5085 675 5159 piani
713 5088 863 5159 libris
896 5085 1049 5142 idem
1082 5086 1327 5147 Ἀττὶλιος
1353 5087 1652 5159 et‘Avt-iiio;
1681 5085 1899 5142 dicitur.
1944 5087 2111 5143 FABR.

600 5161 689 5216 10.
720 5157 939 5213 lanium
972 5167 1234 5230 tamquam
1274 5172 1463 5210 arcem.
1504 5157 1634 5230 llafc
1668 5159 1740 5213 ita
1769 5159 2022 5230 leguntur
2056 5159 2111 5215 in

528 5231 808 5286 veteribus
861 5229 1014 5285 libris
1069 5228 1367 5299 omnibus.
1400 5229 1730 5285 Aventinum
1786 5228 2108 5299 occupatum

525 5316 716 5374 omnes
762 5301 1048 5374 scribunt,
1076 5314 1313 5374 eumque
1339 5298 1766 5374 intelligendum
1817 5298 2061 5374 ostendit
2090 5348 2105 5374 ,

523 5372 668 5443 quod
693 5371 942 5443 sequitur
968 5371 1037 5427 de
1061 5370 1204 5443 clivo
1226 5370 1443 5436 publico
1464 5413 1480 5439 ,
1523 5370 1622 5442 per
1650 5387 1811 5442 quem
1843 5375 1894 5427 in
1927 5370 2109 5429 AvenL

521 5441 693 5500 tinum
721 5441 1134 5499 ascendebatur.
1152 5441 1317 5497 Fana.

593 5516 685 5570 ll.
725 5514 916 5570 Contra
942 5513 1014 5568 Ι).
1044 5513 1258 5568 Brutus.
1287 5512 1471 5568 Invitis
1495 5513 1744 5570 omnibus
1772 5529 1904 5571 mss.
1936 5523 1992 5572 et
2012 5531 2108 5575 vc-

522 5595 670 5642 tante
695 5601 911 5658 quoque
936 5586 1024 5642 ed.
1058 5587 1198 5655 Aug.
1223 5585 1517 5658 repositum
1549 5585 1600 5639 in
1625 5587 1834 5641 cunctis
1860 5588 1984 5643 edd.
2016 5605 2107 5644 re-

521 5658 680 5726 liquis
712 5653 845 5725 fuit',
885 5666 1065 5712 contra
1112 5653 1379 5729 qucmD.
1405 5653 1628 5720 Brutus,
1661 5667 1792 5727 etc.,
1824 5659 1975 5729 quasi
2017 5659 2105 5717 llic

521 5738 702 5784 contra
725 5728 1311 5799 nonisignilicaret..ab
1337 5728 1504 5782 altera
1551 5737 1720 5794 parte.
1826 5782 1839 5787 τ

591 5799 679 5869 g2.
713 5799 783 5869 Β.
812 5798 1028 5869 Brutus.
1053 5798 1139 5869 lle
1169 5798 1278 5869 quo
1306 5812 1467 5869 supra
1497 5800 1675 5868 capite
1701 5800 1910 5868 quinto.
1938 5802 2103 5859 Fann.

588 5867 680 5925 15.
706 5868 748 5922 Α
768 5869 899 5926 clivo
923 5866 1182 5926 Publicio.
1205 5866 1437 5926 Servaht
1459 5866 1597 5928 hanc
1616 5866 1939 5943 scripturam
1964 5876 2106 5933 inter

2221 4948 2505 5023 γνῳρίμργ,
2542 4947 2883 5023 incf/irinum
2914 4948 3136 5003 hominis
3164 4947 3294 5023 noti,
3319 4947 3645 5021 'Appizinus.
3682 4947 3832 5023 Pana.

2275 5017 2693 5100 illiiliraccltua
2743 5020 2833 5100 diu
2883 5034 2976 5100 pro
3004 5034 3089 5100 ξε.
3117 5017 3399 5100 Appianus
3422 5017 3452 5075 *ἓ
3479 5025 3732 5100 Γράκχος
3760 5019 3837 5100 δξὰ

2221 5097 2315 5167 τῆς
2330 5090 2531 5167 Ξυλίνης
2560 5091 2792 5167 γεφρρᾳςξ
2807 5090 2941 5167 ἐς-έτὸ
2961 5090 3120 5167 stipant
3144 5090 3837 5167 τοῦΑποταμοῦὶκέᾶφυγῲν

2221 5165 2298 5243 εἰς
2320 5158 2474 5243 ἄλσος
2502 5158 2698 5243 τιξμέοξ
2724 5158 3185 5243 ἐνὸςὶοεράπόντος,
3235 5158 3465 5243 {arrigis
3477 5174 3591 5243 ⁸’τῷΔ

2222 5231 2405 5303 (Forte
2421 5249 2529 5311 Pro
2559 5232 2856 5311 θεράποντι)
2876 5231 2967 5297 τῆν
2994 5231 3839 5311 σφαγήγλξᾳταλὰξλϐαὗὸίρψςοῇιί

2216 5312 2301 5358 est
2344 5321 2359 5360 :
2412 5306 2679 5359 Gracchus
2721 5322 2811 5375 per
2851 5306 3056 5375 pontem
3099 5306 3375 5361 sublicium
3410 5306 3570 5363 trans
3597 5306 3835 5362 Tiberim

2215 5375 2520 5447 confugiens
2547 5377 2600 5429 in
2631 5377 2802 5431 lucum
2827 5379 3101 5448 quemdam
3126 5394 3244 5432 cum
3271 5393 3384 5431 uno
3416 5397 3598 5446 seruo,
3632 5397 3745 5436 cum
3775 5378 3839 5431 ibi

2205 5448 2323 5518 jam
2364 5448 2904 5521 comprehenderetur,
2943 5450 3187 5521 cervicem
3210 5466 3381 5521 _scrvo
3426 5454 3685 5521 prwbuit.
3733 5452 3835 5504 Au-

2214 5527 2334 5572 ctor
2362 5518 2430 5573 de
2466 5519 2606 5574 Viris
2632 5520 2932 5575 illustribus
2976 5520 3152 5574 lucum
3200 5518 3624 5579 Furince'vocat
3656 5542 3669 5578 :
3703 5521 3837 5577 forte

2214 5585 2532 5672 furiarum,
2549 5606 2670 5672 nam
2694 5591 3037 5672 Plutarchus,
3067 5589 3514 5672 ζερργ-ἅξισιζς-τῶν
3537 5596 3834 5672 ⁸Ἰῐριηδσαιδύιειςι

2213 5659 2447 5733 Servum
2481 5663 2751 5729 Velleius,
2774 5671 2829 5718 et
2858 5663 2903 5718 is
2945 5664 3034 5733 qui
3062 5659 3130 5717 de
3157 5663 3297 5733 Viris
3328 5659 3666 5721 lllustribus
3707 5665 3836 5719 scri-

2212 5733 2339 5800 psit,
2390 5730 2662 5800 Euporum
2703 5730 3017 5799 nominant,
3066 5732 3394 5791 Plutarchus
3449 5736 3835 5795 Philocratem.

2210 5803 2355 5873 Lege
2399 5803 2667 5862 Valerium
2701 5806 2793 5862 lib.
2823 5821 2898 5872 vr,
2928 5821 2979 5861 c.
3012 5806 3065 5860 8.
3098 5804 3261 5861 Fann.

2284 5874 2373 5932 19.
2415 5875 2540 5934 Diu.
2573 5877 2743 5936 Abest
2787 5891 2817 5934 a
2848 5876 3167 5953 quibusdam
3214 5890 3348 5936 mss.
3385 5887 3451 5938 et
3480 5881 3619 5941 edd.
