4046 6344
399 256 502 318 9&7

1799 240 2005 307 PAULI
2042 236 2271 299 OROSll

3606 229 3724 290 948

397 374 487 433 nis
519 387 708 446 parum
740 385 865 432 esse
896 371 1251 445 intelligeret,
1290 370 1456 426 alium
1484 364 1780 438 compactis
1810 362 1988 419 lintrio
2015 365 2067 424 Α
2094 356 2329 427 Micipsae
2373 351 2727 409 Numidarum
2756 351 2927 446 regis
2980 347 3291 423 adoptivus,
3350 348 3374 381 ⁸
3414 346 3717 446 haeresq-ue

400 467 503 524 bus
548 466 873 539 catenisque
918 480 1251 534 connexum,
1292 464 1314 495 ⁸
1341 457 1696 533 superstratis
1744 456 2003 514 confixis-

399 574 507 627 qne
557 560 758 617 tabulis
803 558 824 589 ⁶
854 559 1131 615 instruxit.
1174 557 1193 587 ⁷
1233 557 1500 612 Conserta
1555 566 1757 623 pugna,
1804 559 1859 606 et
1909 548 2000 604 diu

400 653 641 725 graviter
670 653 896 725 agitata,
930 650 1062 711 victi
1106 648 1268 714 Galli,
1316 646 1682 716 conversique
1709 644 1761 699 in
1798 644 1999 713 fugam,

403 745 532 802 dum
564 745 798 821 quisque
834 744 941 800 sibi
972 744 1147 807 timet,
1195 740 1538 799 coacervatis
1571 735 1878 794 inconsulte
1903 749 2001 806 ag-

402 834 707 904 minibus,“
728 845 784 891 et
815 848 1166 907 praepropero
1196 832 1424 890 transitu
1459 830 1638 903 pontis
1670 828 1883 885 vincula
1914 844 2003 883 ru-

407 937 629 1002 perunt,
657 942 723 989 ac
752 943 877 983 mox
901 944 1022 991 cum
1055 927 1189 1001 ipsis
1214 925 1467 981 lintribus
1489 921 1656 980 mersi
1683 932 1829 977 sunt.
1861 918 2005 976 Cen-

407 1030 519 1091 tum
550 1020 827 1097 octoginta
858 1018 1027 1074 millia
1066 1026 1401 1073 armatormn
1444 1017 1494 1071 in
1528 1014 1773 1072 exercitu
1818 1011 2002 1068 Bituiti

407 1111 577 1169 fuisse
615 1111 925 1177 traduntur,
965 1125 1034 1167 ex
1074 1108 1312 1183 quibus9
1336 1118 1564 1164 centum
1610 1104 2001 1181 quinquaginta

400 1205 577 1261 millia
611 1204 698 1259 vel
730 1219 872 1261 cmsa
904 1203 991 1259 vel
1026 1219 1202 1259 mersa
1237 1210 1384 1258 sunt.
1419 1201 1462 1234 ¹⁰
1492 1200 1558 1272 ρ.
1589 1200 1824 1259 Marcius
1866 1216 2001 1259 con-

402 1299 491 1355 sul
522 1298 805 1355 Gallorum
846 1307 1069 1370 gentem
1104 1298 1143 1330 “
1175 1298 1277 1354 sub
1325 1296 1512 1352 radice
1544 1296 1764 1366 Alpium
1809 1295 2000 1362 sitam,

407 1391 552 1447 bello
599 1406 893 1463 aggressus
939 1398 1026 1447 est
1060 1409 1072 1444 :
1105 1391 1194 1462 qui
1244 1405 1370 1447 cum
1421 1404 1483 1446 so
1528 1388 1784 1444 Romanis
1827 1388 2003 1459 copiis

412 1485 807 1555 circumseptus
836 1483 1395 1557 viderenthbelloque
1434 1482 1669 1554 impares
1701 1481 1816 1537 fore
1838 1480 2003 1539 intel-

407 1575 664 1647 ligcrent,
706 1576 911 1632 occisis
948 1574 1273 1646 conjugibus
1318 1589 1382 1629 ac
1411 1572 1623 1638 liberis,
1672 1572 1727 1629 in
1757 1571 2004 1629 ﬂammas

409 1684 534 1737 sese
565 1669 937 1741 proiecerunt.
971 1668 1075 1736 Qui
1103 1682 1234 1724 vero
1264 1666 1777 1740 prieoccupantihus
1804 1664 2005 1722 [torua-

2105 452 2247 506 inter
2276 447 2555 505 naturales
2575 446 2691 517 ejus
2716 445 2856 501 filios
2887 443 3091 511 factus,
3125 445 3361 515 primum
3388 440 3719 499 cohaeredes

2103 560 2264 614 suos,
2312 544 2363 598 id
2411 550 2526 609 est,
2565 540 2932 611 Hiempsalem
2982 538 3216 603 occidit,
3256 538 3277 569 ⁴
3319 536 3720 601 Adherbalem,

2103 637 2249 693 bello
2295 638 2538 701 victum,
2589 633 2773 690 Africa
2824 634 3054 703 expulit.
3106 633 3453 703 Calpurnium
3512 630 3722 686 deinde

2102 726 2386 788 consulem
2418 729 2708 785 adversum
2754 743 2816 784 se
2857 728 3107 793 missum,
3155 727 3382 798 pecunia
3421 725 3714 795 corrupit,

2104 831 2265 896 atque
2288 824 2354 880 ad
2380 823 2725 893 turpissimas
2747 822 3090 878 coitditioncs
3116 821 3263 892 pacis
3286 819 3530 876 adduxit.
3559 820 3715 875 Pras-

2107 928 2253 974 tcrea
2282 933 2404 974 eum
2438 917 2663 972 Romam
2695 918 2810 988 ipse
2847 917 2868 948 "
2900 916 3160 984 venisset,
3189 915 3443 971 omnibus
3471 914 3708 985 pecunia

2104 1022 2197 1067 aut
2243 1012 2544 1082 corruptis,
2579 1018 2671 1066 aut
2716 1010 3018 1079 attentatis,
3064 1007 3364 1065 seditiones
3405 1007 3724 1064 dissensio-

2106 1121 2312 1177 nesque
2337 1102 2655 1179 permiscuit
2679 1120 2693 1158 :
2718 1103 2740 1135 ⁸
2767 1118 3074 1174 quamcum
3106 1101 3483 1173 egrederetur,
3517 1099 3718 1156 infami

2107 1200 2240 1255 satis
2291 1199 2496 1257 notavit
2540 1197 2756 1270 elogio,
2810 1197 3037 1253 dicens:
3070 1196 3114 1251 0
3162 1197 3342 1252 urbem
3385 1194 3624 1251 venalem
3670 1203 3724 1249 et

2108 1302 2311 1348 mature
2349 1275 2659 1365 perituram,
2693 1292 2738 1346 si
2769 1300 3051 1363 emptorem
3082 1289 3375 1344 invenerit!
3404 1286 3722 1357 insequenti

2107 1399 2255 1440 anno
2300 1384 2366 1439 Α.
2415 1383 2786 1450 Postumium,
2842 1381 3102 1437 Postumii
3160 1381 3404 1437 consulis
3451 1379 3722 1443 fratrem,

2107 1492 2269 1548 quem
2299 1476 2343 1532 is
2374 1477 2394 1508 "
2428 1476 2785 1546 quadraginta
2816 1475 3046 1530 millium
3072 1482 3417 1530 armatorum
3446 1456 3725 1530 exercitui

2105 1568 2456 1638 prefecerat,
2484 1567 2627 1638 apud
2656 1568 2935 1624 Calamam
2966 1610 2981 1634 ,
3014 1567 3204 1623 urbem
3241 1567 3511 1623 thesauris
3548 1567 3728 1638 regiis

2109 1664 2274 1739 322
2305 1663 2539 1720 conditis
2588 1662 2889 1719 inhiantem
2921 1662 3065 1719 bello
3111 1662 3425 1732 Oppressit:
3460 1662 3482 1694 ⁸
3518 1661 3725 1731 cuique

413 1762 498 1817 nis
529 1761 851 1836 peragenda:
885 1771 1013 1817 tunc
1044 1761 1235 1817 mortis
1266 1775 1379 1815 suae
1406 1759 1620 1830 copiam
1665 1773 1771 1815 non
1804 1757 2011 1814 habuc-
2044 1754 2085 1815 Β
2116 1759 2258 1814 victo
2287 1757 2863 1830 ignominiosissimum
2895 1757 3071 1816 ftedus
3100 1760 3122 1791 ⁸
3150 1756 3365 1829 exegit,
3398 1756 3721 1813 universam

415 1865 563 1921 rant,
588 1856 840 1925 captique
864 1853 1105 1924 fuerant,
1128 1853 1219 1908 alii
1243 1852 1413 1918 ferro,
1442 1849 1536 1906 alii
1565 1850 1883 1922 suspendio,
1913 1849 2007 1905 alii

407 1948 678 2021 abttcgalo
706 1946 826 2003 cibo
855 1962 982 2003 sese
1021 1951 1521 2019 consumpserunt:
1570 1944 1862 2014 nullusque
1889 1957 2005 1997 om-

406 2038 535 2092 nino
559 2038 642 2093 vel
676 2038 940 2109 parvulus
962 2037 1257 2111 superfuit,
1292 2035 1334 2068 ¹²
1364 2036 1458 2109 qui
1501 2034 1781 2091 servitutis
1818 2035 2007 2091 condi-

407 2130 615 2187 tionem
648 2129 770 2187 vita:
794 2145 984 2188 amore
1018 2129 1303 2186 toleraret.

910 2266 1071 2340 θαι
1104 2264 1332 2323 canor
1372 2264 1492 2322 xv.

405 2378 485 2436 De
514 2379 649 2435 bello
673 2378 1096 2452 Jugurtltino,_in
1126 2397 1225 2451 quo
1258 2379 1481 2434 Rontani
1506 2379 1644 2434 varie
1668 2394 1784 2435 cum
1808 2376 2007 2452 Jugur-

712 2449 805 2506 tﬁa
834 2467 955 2525 rege
990 2449 1343 2535 Numidarum
1375 2459 1699 2523 pugnarunt.

483 2590 500 2622 ³
531 2589 690 2648 Anno
737 2591 807 2648 ab
856 2589 1002 2649 Urbe
1056 2591 1269 2649 condita
1321 2583 1584 2656 pcsxxrx,
1642 2589 1702 2646 Ρ.
1750 2588 2010 2661 Scipione

409 2684 605 2741 Nasica
630 2692 684 2740 et
709 2685 770 2742 L.
796 2686 1098 2756 Calpurnio
1132 2685 1313 2743 Bestia
1353 2685 1691 2754 consulibus,
1725 2685 2007 2757 Jugurtha:

402 2777 760 2835 Numidarum
783 2779 898 2850 regi
928 2780 1132 2849 bellum
1160 2795 1429 2836 consensu
1455 2780 1637 2852 populi
1661 2780 1888 2835 Romani
1922 2794 2009 2835 sc-

404 2880 565 2927 natus
594 2871 805 2928 indixit.
824 2872 933 2929 Sed
955 2887 1057 2945 ego
1083 2872 1152 2930 de
1174 2872 1439 2945 Jugurtha
1461 2873 1673 2933 ordinis
1695 2882 1905 2931 tantum
1925 2875 2007 2931 lo-

403 2980 493 3034 co,
523 2974 579 3021 et
613 2980 773 3023 causa
801 2966 1372 3033 commemorationis,
1402 2965 1642 3023 breviter
1671 2968 2008 3037 perstrinxe-

404 3058 509 3115 rim
542 3101 557 3126 ,
614 3060 736 3130 quia
768 3069 826 3114 ut
873 3059 943 3145 de
980 3068 1171 3115 natura
1205 3060 1325 3130 ejus
1366 3061 1518 3114 varia
1559 3069 1720 3130 atque
1749 3059 2010 3132 intolera-

2109 1867 2250 1929 pcne
2279 1852 2520 1907 Africam
2550 1867 2581 1909 a
2609 1851 2869 1907 Romanis
2909 1850 3280 1919 deficientem,
3323 1850 3365 1882 ³ο
3405 1864 3576 1920 regno
3616 1864 3727 1905 suo

2105 1944 2304 2015 junxit.
2351 1944 2544 2000 Postea
2590 1951 2771 2001 tamen
2803 1942 3003 2000 Metelli
3033 1943 3277 1999 consulis
3320 1940 3633 2013 integritate
3667 1950 3731 1997 et

2110 2035 2399 2107 disciplina
2443 2035 2743 2098 coercitus,
2790 2035 3003 2090 duobus
3051 2034 3214 2090 etiam
3262 2032 3464 2105 prreliis
3515 2033 3727 2096 victus,

2106 2127 2241 2185 vidit
2273 2136 2540 2198 praesente
2560 2143 2620 2185 se
2649 2137 2704 2183 ct
2732 2126 2936 2182 Vastati
2981 2125 3287 2182 Numidiam
3336 2140 3487 2180 suam
3516 2134 3571 2180 et
3594 2140 3715 2179 n~.-u

2107 2234 2271 2291 posse
2301 2219 2515 2276 defendi
2545 2238 2557 2274 :
2591 2235 2617 2273 a
2651 2234 2759 2293 quo
2781 2218 2847 2274 ad
2872 2219 3201 2274 deditionem
3229 2225 3723 2282 coactus,treccu-

2108 2323 2192 2370 tos
2216 2312 2435 2370 obsides
2460 2312 2632 2379 dedit,
2688 2312 3019 2367 frumentum
3047 2320 3212 2382 atque
3256 2310 3392 2364 alios
3442 2324 3733 2365 commea-

2109 2417 2195 2465 tus
2252 2407 2665 2477 persoluturum
2709 2422 2834 2464 sese
2875 2406 3199 2477 Spopomlit,
3233 2405 3272 2436 “
3309 2404 3410 2459 tria
3455 2403 3732 2474 perfuga-

2108 2517 2231 2559 rum
2272 2502 2505 2573 amplius
2536 2499 2703 2556 millia
2733 2498 2987 2555 reddidit.
3044 2498 3180 2553 Exiu
3211 2512 3334 2552 cum
3384 2497 3429 2529 “
3468 2496 3725 2551 incertus

2123 2593 2178 2650 in
2213 2608 2344 2668 paco
2373 2592 2652 2665 improbos
2675 2608 2781 2648 non
2806 2592 2848 2624 ’³
2869 2590 3148 2647 cohiberet
3168 2603 3450 2653 excursus,
3475 2588 3535 2643 Ο.
3557 2588 3730 2644 Marii

2108 2688 2381 2754 consulis,
2413 2703 2520 2743 non
2557 2687 2766 2742 minore
2799 2700 2934 2756 pene
2960 2700 3123 2756 quam
3156 2684 3272 2753 ipse
3304 2681 3570 2752 praeditus
3598 2692 3734 2738 erat

2108 2782 2329 2847 astutia,
2371 2780 2746 2851 Romanisque
2783 2778 2995 2834 viribus
3041 2775 3247 2832 fractus
3290 2784 3375 2831 est
3418 2791 3435 2830 :
3477 2776 3733 2832 maxime

2109 2885 2393 2947 postquam
2452 2874 2654 2930 Marius
2701 2872 2893 2928 urbem
2942 2869 2986 2903 ⁸⁸
3034 2871 3299 2941 Capsam,
3362 2869 3430 2925 ab
3482 2869 3734 2927 llerculo

2088 2958 2370 3029 'l‘ltmnice
2393 2967 2476 3042 (ut
2499 2966 2706 3040 ferunt)
2732 2965 3027 3032 conditam,
3046 2964 3210 3035 regiis
3233 2963 3276 2995 ¹⁸
3298 2972 3425 3021 tunc
3443 2962 3733 3019 thesauris

2110 3061 2597 3131 confertissimam,
2622 3059 2751 3115 dolo
2779 3058 3143 3114 circumvenit
3168 3066 3222 3112 et
3249 3056 3410 3127 cepit.
3447 3055 3732 3113 Diffidens

404 3152 525 3221 bili,
548 3150 624 3208 ita
648 3151 797 3211 etde
825 3152 987 3211 rebus
1008 3160 1115 3208 tam
1138 3150 1347 3220 dolose,
1372 3168 1533 3225 quam
1557 3163 1778 3211 strenue
1806 3154 1997 3226 geStis,
2028 3152 2076 3219 C
2106 3155 2302 3212 deinde
2321 3155 2365 3188 ¹⁰
2389 3155 2622 3227 propriis
2653 3154 2815 3211 rchus
2830 3162 2885 3210 et
2906 3152 3114 3209 viribus
3134 3150 3397 3223 Jugurtha
3419 3195 3434 3219 ,
3475 3151 3734 3207 societa-

408 3256 633 3318 proptcr
654 3248 895 3320 opimam
925 3248 1257 3319 scriptorum
1290 3246 1644 3309 luculeutiam
1674 3248 1695 3279 '
1726 3247 1859 3305 satis
1886 3246 2004 3305 sul-

409 3338 602 3396 ﬁciens
649 3339 794 3412 apud
841 3354 1032 3397 omnes
1082 3340 1274 3397 notitia
1324 3349 1428 3397 est.
1482 3339 1651 3411 Igitur
1706 3341 1999 3412 Jugurtha,

2111 3258 2218 3305 tem
2239 3263 2361 3306 cum
2393 3246 2609 3304 Boccho
2631 3246 2939 3304 Maurorum
2965 3260 3093 3316 rege
3125 3244 3276 3314 fecit,
3292 3243 3446 3315 cujus
3468 3244 3735 3314 equitatu

2107 3343 2162 3399 in
2175 3343 2500 3400 immensum
2518 3351 2729 3411 auctus,
2748 3341 3045 3398 Marianum
3058 3340 3353 3398 exercitum
3369 3340 3738 3397 creberrimis

1703 3455 2160 3515 ιιΑγειωΑΜρι
2199 3457 2433 3515 ΝΟΤιΕ.

479 3573 536 3647 5.
579 3571 949 3647 Superstratis.
974 3573 1146 3642 Mens,
1183 3574 1531 3647 superductis.
1590 3572 1599 3647 ί

479 3645 536 3701 6.
579 3643 858 3702 Instruxit.
902 3647 1070 3707 Meus.
1125 3643 1438 3702 construxit.
1484 3644 1739 3702 Perizou.
1794 3654 1849 3703 ct
1889 3645 2000 3703 duo

406 3717 704 3789 Florentt.,
732 3719 939 3772 struxit.
971 3718 1084 3789 (Sed
1113 3716 1381 3785 Langoh.,
1415 3719 1684 3789 instruxit.

480 3788 535 3843 7.
575 3788 829 3863 Conserta
849 3806 1045 3863 pugna.
1073 3791 1475 3863 l‘_ttgrtatttttt_c-st
1496 3790 1638 3863 apud
1664 3788 1861 3844 ﬂumen
1890 3791 2002 3846 La-

408 3876 524 3916 ram
545 3860 855 3933 antegdiem'
882 3860 934 3916 vi
978 3860 1052 3916 id.
1095 3861 1323 3933 August.
1368 3860 1576 3916 Plinius
1607 3860 1748 3917 libro
1783 3878 1882 3930 vn,
1916 3878 2007 3919 ca-

406 3933 522 4004 pite
542 3929 632 4004 5Q.
659 3930 824 3987 Fann.

479 4004 533 4059 8.
576 4001 645 4057 Et
676 4020 1008 4074 prwpmpero
1049 4003 1297 4058 transitu.
1326 4004 1484 4059 Deest
1511 4004 1823 4075 coniunctio
1862 4015 1909 4059 ct
1938 4004 1992 4060 in

408 4074 499 4135 ed.
530 4077 666 4147 Aug.
703 4091 798 4142 pro
838 4076 1081 4130 trmtsilu.
1105 4075 1279 4147 Lugd.
1313 4076 1430 4128 Bal.
1475 4090 1559 4145 pr.
1593 4074 1785 4133 scribit
1814 4093 1992 4131 censu.

2174 3578 2228 3633 5.
2278 3577 2533 3634 Vcnisset.
2568 3578 2696 3634 Mss.
2729 3578 2917 3648 iidem,
2948 3580 3284 3650 pervenisset.

2176 3651 2228 3723 _6.
2276 3650 2462 3723 Quam.
2500 3650 2603 3723 Ed.
2636 3650 2895 3723 August.,
2917 3666 3020 3723 qua
3041 3666 3163 3705 cum
3183 3650 3535 3723 egrederetur.

2149 3721 2228 3775 -7.
2264 3721 2629 3788 Quadraginta
2654 3721 2903 3777 millium.
2937 3721 3027 3778 Sic
3052 3721 3266 3792 repositi
3293 3738 3361 3778 ex
3393 3735 3560 3777 mss.:
3587 3739 3732 3782 nam

2104 3793 2246 3863 quod
2273 3810 2323 3847 in
2366 3793 2543 3863 vulgg.
2570 3803 2675 3858 cst,
2700 3794 3053 3864 quadraginta
3080 3794 3332 3859 millibus,
3364 3794 3589 3849 tolerari
3622 3813 3737 3852 uc-

2106 3866 2219 3936 qttit
2249 3872 2473 3936 propter
2495 3864 2727 3920 similem
2755 3880 2964 3928 casum,
2988 3866 3080 3934 qui
3106 3868 3352 3936 sequitur
3376 3867 3659 3920 exercitui.

2182 3933 2467 4003 8.7Cuique
2494 3936 2650 3992 victo.
2679 3936 2819 3992 Puto
2848 3950 2973 3991 esse
2995 3933 3346 3991 scribendum
3381 3938 3529 4007 rique
3553 3939 3730 4002 victo,

2106 4008 2190 4061 vel
2220 4007 2307 4061 cui
2334 4024 2534 4074 quoque
2559 4010 2711 4062 victo.
2730 4008 2917 4062 Deleta
2947 4008 3163 4075 capula.
3187 4008 3408 4064 Veneta:
3439 4008 3565 4062 cdd.
3592 4028 3733 4066 curti

2101 4080 2269 4151 prima
2317 4080 2550 4151 malunt,
2584 4082 2666 4133 cui
2693 4080 2989 4151 victo._Pro
3036 4080 3311 4151 oppressit,
3345 4080 3437 4134 ed.
3470 4079 3727 4149 August.

476 4148 533 4199 9.
574 4145 791 4220 Centum
821 4164 853 4203 ι.
890 4147 1079 4220 millia.
1127 4145 1223 4220 llic
1268 4162 1533 4220 numerus
1573 4155 1661 4220 est
1701 4150 1753 4203 in
1787 4149 1999 4203 nostris
2098 4145 2151 4206 et
2181 4149 2351 4217 Lugd.
2376 4150 2493 4203 Bal.
2522 4159 2670 4216 tert.,
2699 4166 2823 4205 cum
2846 4148 2966 4204 Coll
3018 4145 3646 4220 Gronov.,compressit.

412 4217 793 4287 Manuscriptis
817 4219 1093 4274 omnibus.
1126 4219 1312 4273 Livius
1335 4218 1412 4272 ait
1436 4235 1500 4273 ex
1529 4219 1712 4276 Bituiti
1747 4219 1996 4276 exercitu

413 4304 560 4364 cassa
579 4288 1065 4364 Atnilliaultominum
1092 4306 1217 4348 cxx.
1250 4291 1531 4362 Appianus
1560 4307 1779 4364 quoque
1805 4289 1999 4349 δώδεκα

411 4359 667 4437 (supradict-
695 4360 826 4437 edit.
857 4361 1026 4437 Enen.

2173 4221 2229 4277 9.
2274 4220 2483 4291 Exegit.
2519 4221 2793 4288 Peri20n.,
2824 4223 3064 4276 extorsit.

2176 4292 2265 4366 10.
2309 4291 2488 4366 Εεςιηο
2517 4309 2611 4347 suo
2641 4295 2831 4364 iunxit.
2866 4294 3163 4366 Eterug”
3187 4310 3348 4366 regno
3379 4294 3692 4366 subjuuait.

2178 4365 2275 4437 fll.
2308 4360 2445 4437 Tria
2464 4360 2799 4437 perfugarum
2829 4364 3052 4437 amplius
3080 4360 3268 4419 millia:
3306 4366 3378 4418 Ita
3411 4360 3537 4437 cod.
3572 4365 3725 4423 Lono

485 4430 712 4507 '10.__Q._
732 4430 965 4507 Marcius
1004 4432 1222 4507 consul.
1253 4431 1318 4499 Q.
1370 4432 1608 4488 Marcius
1654 4433 1777 4507 Rea:_
1810 4432 1998 4489 consul
2028 4438 2080 4500 ι)
2104 4435 2231 4507 gob.
2261 4434 2368 4507 sed
2398 4430 2491 4507 alii
2522 4430 2634 4489 tria
2656 4435 2880 4506 amplius
2916 4430 3094 4491 'millia
3134 4437 3215 4491 vel
3249 4437 3349 4491 tria
3382 4434 3550 4491 millia
3594 4455 3732 4494 am-

411 4515 535 4555 eum
575 4500 646 4556 Μ.
680 4502 874 4558 Porcio
902 4503 1112 4559 Catone
1150 4502 1252 4557 fuit
1295 4518 1439 4558 anno
1468 4519 1697 4562 ccxxxv.
1754 4505 1831 4561 De
1869 4519 1930 4561 re
1968 4520 1998 4559 a

413 4570 620 4627 Marcio
645 4584 810 4643 gesta,
838 4574 1022 4630 Livius
1053 4574 1150 4631 lib.
1184 4591 1313 4630 LXII.
1347 4574 1511 4630 Fann.
1626 4582 1631 4591 '

484 4645 573 4698 Η.
616 4644 728 4699 Sub
749 4646 949 4701 radice.
975 4645 1144 4713 Meus,
1177 4648 1271 4701 sub
1293 4646 1582 4704 radicibus.

482 4714 573 4792 η.
600 4714 719 4792 Qui
765 4719 1050 4792 servitutis,
1094 4730 1219 4792 etc.
1256 4718 1550 4792 Perizon.,
1597 4718 1690 4792 qui
1736 4718 2001 4775 servitutis

412 4786 713 4843 conditione
734 4788 892 4843 vitam
912 4806 945 4845 a
967 4800 1130 4845 morte
1159 4789 1422 4849 liberavit.
1534 4786 1542 4789 ⁷
1608 4786 1635 4795 ’“

480 4857 612 4914 CAP.
642 4857 837 4915 Χγρ-
857 4861 909 4917 1.
939 4861 1092 4915 Auno
1118 4861 1181 4917 ab
1222 4860 1349 4918 Urb.
1380 4861 1535 4918 cond.
1578 4877 1836 4920 Dcxxnx.
1864 4861 2004 4919 Aliis

404 4937 491 5007 est
518 4944 693 4986 annus
721 4930 810 4988 hic
836 4948 1034 5007 nescit.
1066 4931 1273 5007 Bellum
1293 4933 1698 5007 Iugurthinum,
1732 4948 1797 4990 es
1824 4933 2003 4991 Sallu-

407 5000 515 5057 stio
540 5011 728 5058 notum
759 5017 863 5078 est.
904 5004 1155 5078 Legenda
1184 5000 1431 5078 Epitou'ta
1477 5005 1698 5078 Liviaua
1743 5020 1866 5062 1.le
1888 5020 2001 5078 una

407 5087 531 5146 eum
552 5074 925 5143 sequentibus.
952 5074 1009 5133 lii
1040 5074 1512 5135 Orosio'invenies
1540 5077 1787 5146 quaedam
1814 5094 1845 5133 a
1876 5077 2001 5134 Sal-

404 5143 568 5200 lustio
596 5161 703 5219 non
743 5146 815 5202 ita
858 5163 1138 5219 expressa.
1174 5147 1338 5206 Fann.
1365 5148 1515 5205 ——ln
1555 5143 1727 5219 Lugd.
1763 5149 1902 5204 Batt.
1945 5148 2000 5203 in

409 5225 537 5292 tert.
567 5217 811 5287 quidem,
844 5230 903 5275 ut
931 5217 985 5277 et
1013 5218 1154 5276 Coll.
1190 5219 1455 5289 Gronov.,
1502 5217 1727 5278 ncxxku
1768 5220 1999 5292 legitur;

408 5297 465 5341 at
491 5288 546 5362 in
577 5304 690 5362 sec.
721 5302 936 5362 quarto,
971 5292 1216 5348 Pcrizon.
1248 5300 1304 5348 et
1331 5292 1474 5360 Meo,
1504 5308 1704 5349 nxxxv.

478 5359 535 5412 2.
568 5358 711 5438 satis
736 5358 1024 5438 iufﬁciens.
1060 5364 1158 5438 Ed.
1201 5358 1468 5438 AugusL,
1504 5366 1857 5438 satisfaciens.
1896 5364 2003 5421 Pro

411 5432 814 5505 prtestrinxerini
845 5434 991 5490 Flor.
1026 5451 1108 5505 pr.
1144 5432 1310 5491 habet
1331 5432 1649 5492 strinxeriml
1681 5437 1804 5493 Mox
1832 5438 1887 5495 in
1927 5438 2004 5493 ita

412 5510 459 5554 et
482 5502 920 5567 coniunctionem
950 5517 999 5562 et
1020 5502 1165 5562 delet
1185 5505 1333 5562 Flor.
1367 5523 1481 5564 sec.

408 5570 854 5716 Ιωόἐῌέεῖῦξᾳυε.
873 5578 1022 5635 Meus
1035 5578 1297 5651 lueresque
1312 5580 1596 5651 institutus,
1618 5581 1760 5639 idem
1781 5585 1891 5655 ejus
1907 5580 2003 5637 do-

718 5664 814 5705 tos.

718 5664 814 5705 108.

476 5712 555 5770 4.’
574 5712 937 5798 Adherbalem.
965 5722 1102 5786 Tres
1123 5721 1295 5798 Lugd.
1331 5724 1500 5797 Batt.,
1526 5739 1647 5782 cum
1677 5724 1818 5781 Coll.
1849 5721 1998 5782 Gro-

403 5799 557 5852 nov.,
595 5786 962 5850 Hadcrbatcm.

2105 4505 2265 4595 illius.
2298 4505 2434 4585 Cod.
2471 4505 2749 4595 Perizmn,
2783 4508 2884 4562 tria
2930 4516 2976 4562 ct
3014 4509 3239 4582 amplius
3266 4507 3434 4562 millia
3464 4511 3735 4584 perfuga-

2105 4594 2271 4725 fului.
2312 4650 2551 4725 Incertus
2579 4650 2632 4703 in
2681 4649 2961 4725 pacc._Ed.
2994 4649 3221 4721 August.
3276 4650 3439 4725 habet
3471 4665 3735 4725 rcccp'us

2103 4723 2160 4777 in
2189 4738 2315 4793 pace
2338 4722 2425 4778 vel
2454 4736 2650 4791 pacem.
2685 4722 2791 4779 Sed
2818 4721 3099 4793 Jugurtlne
3127 4737 3232 4793 pax
3263 4722 3388 4778 data
3418 4738 3525 4778 non
3568 4721 3673 4779 luit
3704 4769 3726 4793 ,

2104 4793 2746 4878 metelloautem‘statim
2778 4793 3045 4878 successit
3079 4794 3303 4877 Marius.
3328 4796 3399 4878 ᾼι
3437 4793 3723 4878 riugurthzs

2105 4867 2219 4937 suis
2244 4864 2503 4921 artibusa
2534 4862 2752 4937 bietello
2773 4865 2994 4937 petitus,
3026 4866 3301 4937 quamvis,
3336 4862 3549 4921 traditis
3584 4883 3728 4937 per-

2107 4936 2275 5020 fugis,
2304 4938 2566 5020 hactenus
2596 4936 2864 5007 imperata
2885 4935 3128 5005 fecisset,
3153 4935 3353 4992 diffidit
3382 4944 3564 4994 tamen
3586 4935 3737 4998 ‘me-

2106 5009 2213 5065 rito
2237 5009 2517 5065 Romanis.

2144 5159 2156 5164 _
2308 5078 2543 5164 Coti-ibet.
2572 5077 2743 5164 Lugd.
2762 5079 3091 5164 .Batt.._tres,
3112 5093 3245 5164 cum
3441 5080 3723 5164 _Gronov.

2106 5151 2364 5234 et_tribus
2405 5150 2700 5220 Florentti,
2730 5150 2810 5207 sic
2838 5150 3084 5208 scribere
3105 5151 3320 5223 jubent.
3355 5151 3548 5225 Vulgo,
3580 5173 3730 5228 pro-

2107 5221 2555 5378 Ifflleftbapsam,
2576 5295 2656 5378 ab
2703 5293 2944 5378 Ijercule-
2954 5293 3226 5378 falcarios.
3247 5294 3517 5378 ﬂorentes
3545 5296 3730 5378 Libys

2106 5367 2302 5446 dicitur
2328 5382 2359 5421 a
2388 5366 2674 5446 Sallustio:
2711 5366 2907 5423 Strabo
3052 5367 3153 5424 ult.
3195 5366 3373 5440 κάψαν
3396 5369 3455 5425 τὸ
3481 5366 3733 5446 ﬁco-,9?)-

2106 5440 2272 5517 λὰδςιρν
2297 5445 2388 5517 φῦ
2417 5437 2714 5517 Ἰουγᾲορρθα
2740 5448 2917 5517 vocat.
2950 5438 3118 5517 Fsan.

2180 5512 2267 5569 15.
2308 5508 2703 5601 Τιιηοηλῡὶξει
2752 5526 2781 5566 a
2830 5511 3003 5566 tribus
3054 5508 3226 5583 Lugd.
3280 5512 3420 5568 Batt.
3469 5520 3527 5570 et
3560 5512 3724 5574 Coll.

2106 5583 2550 5728 Grfliiovllropriis
2573 5656 2746 5714 rebus.
2773 5653 2989 5729 Vulgg.,
3022 5663 3071 5713 ct
3096 5657 3323 5727 oropriis
3356 5657 3535 5729 rebus,
3568 5666 3726 5734 etc.,

2108 5726 2204 5786 sed
2233 5738 2424 5785 contra
2450 5742 2583 5787 mss.

2365 5744 2424 5785 ra
2450 5744 2583 5785 mss.
