4096 6350
368 191 486 272 94st

1416 186 1897 249 IIISTORIARUM
1935 187 2140 245 LIBER
2184 185 2246 242 V.
2287 187 2443 246 CAP.
2486 187 2600 244 XV.

3559 188 3669 249 950

357 309 759 366 incursionibus
788 309 1048 380 fatigavit.
1079 308 1361 366 Postremo
1382 308 1520 390 apud
1548 307 1774 374 Cirtam,
1807 308 1850 339 ¹⁷
1877 322 1968 363 ur-
1993 312 2041 373 Α
2071 305 2287 377 agmine
2341 305 2588 377 prorupit
2626 319 2656 360 e
2705 304 2870 371 vallo,
2926 319 3228 378 campoque
3271 321 3393 364 sese
3424 307 3587 363 simul
3611 319 3669 364 et

357 408 482 464 hem
508 408 809 478 antiquam,
837 405 1178 460 Massauissa:
1208 403 1434 475 regiam,
1461 402 1723 458 adversus
1760 401 1961 456 Roma-

363 517 465 555 nos
485 500 937 571 expugnationem
956 497 1076 570 ejus
1095 507 1344 568 parantes
1366 497 1408 528 ¹⁸
1425 497 1702 565 sexaginta
1727 493 1963 550 millibus

357 593 600 663 equitum
687 592 988 647 instructus
1068 590 1325 646 occurrit.
1386 588 1687 660 Numquam
1753 589 1794 623 ¹⁹
1849 589 1958 644 ulla

357 684 608 740 Romano
648 683 805 739 militi
835 683 881 714 ³ο
923 682 1306 737 tumultuosior
1345 696 1520 753 pugna
1565 690 1617 736 ct
1661 680 1959 736 terribilior

351 778 516 854 323
549 778 670 843 fuit,
703 777 841 832 adeo
891 786 949 832 ttt
978 776 1231 832 discursu
1261 785 1316 832 et
1349 776 1568 831 fremitu
1622 775 1957 830 circumcur-

351 873 589 926 santium
619 869 1076 942 etimpeteutium
1124 869 1369 941 equitum
1424 868 1719 924 suscitatus
1777 867 1953 938 pulvis

349 964 548 1020 ccelum
576 963 938 1032 subtexuerit,
970 962 1114 1018 diem
1169 961 1455 1030 ademerit,
1483 969 1805 1031 noctemque
1855 959 1954 1015 ob-

348 1058 579 1114 duxerit
611 1075 624 1113 :
658 1067 841 1113 tantus
871 1065 1051 1113 autem
1072 1057 1304 1112 telorum
1335 1056 1551 1112 nimbus
1584 1055 1868 1126 ingruerit,
1895 1063 1954 1111 ιιι

347 1151 496 1206 nulla
529 1165 655 1222 pars
683 1150 937 1221 corporis
961 1150 1030 1205 ab
1053 1149 1162 1204 ictu
1191 1156 1304 1204 tuta
1327 1157 1498 1215 esset,
1531 1147 1732 1222 qttippc
1753 1147 1949 1218 quibus

344 1250 402 1296 et
421 1240 573 1297 visus
602 1240 668 1296 ad
700 1241 1142 1314 prospiciendum
1177 1238 1566 1310 impedimento
1597 1237 1864 1310 caliginis,
1893 1245 1950 1294 et

343 1332 622 1404 expeditio
649 1333 716 1388 ad
739 1333 1045 1389 cavendum
1069 1333 1112 1365 ’ί
1137 1333 1549 1403 compressione
1580 1331 1948 1388 multitudinis

340 1427 550 1484 deerat.
579 1427 689 1484 Nec
715 1428 996 1484 laborabat
1025 1443 1194 1498 eques
1220 1427 1439 1482 Maurus
1465 1442 1531 1482 ac
1583 1425 1837 1494 Numida,
1886 1435 1948 1481 ut

338 1521 482 1580 bene
513 1522 840 1580 collocatum
860 1522 1072 1578 hostem
1101 1523 1145 1555 “
1175 1531 1484 1594 opportuno
1516 1521 1610 1576 teli
1637 1521 1840 1591 impetu
1867 1521 1947 1577 ri-

337 1624 601 1685 maretur,
635 1615 730 1672 sed
756 1617 938 1687 pntius
961 1617 1014 1672 itt
1042 1615 1308 1673 incertum
1342 1615 1446 1688 pila
1476 1614 1783 1682 mittebant,
1804 1615 1945 1670 certi

2071 404 2262 475 prmlio
2287 403 2456 459 dedit.
2508 403 2574 457 Et
2604 417 2726 459 cum
2768 400 2967 458 iterum
2994 401 3306 462 circumfusi
3340 403 3526 460 hostes
3556 421 3665 460 non

2065 497 2238 552 solum
2268 496 2499 568 agminis
2528 505 2778 551 extrema
2811 495 3098 559 laniarent,
3133 510 3324 550 verum
3350 496 3513 550 etiam
3546 511 3662 551 me-

2064 590 2171 660 dia,
2202 592 2449 647 excussis
2477 593 2662 660 procul
2687 591 2832 656 telis,
2855 591 3156 657 caederent,
3177 590 3528 660 turbatosque
3556 591 3664 645 llo-

2061 700 2252 741 manos
2299 686 2520 754 insuper
2565 685 2730 740 etiam
2763 693 2926 739 {estus
2952 683 3103 750 salis,
3136 682 3487 738 intolerantia
3516 683 3655 749 Sitis,

2059 779 2252 832 mortis
2279 777 2710 845 circumstantia,
2752 792 2924 847 usque
2954 775 3022 831 ad
3053 785 3366 831 extremum
3398 777 3660 847 despera-

2059 872 2222 927 tionis
2241 876 2284 910 ⁸⁸
2299 871 2680 942 defatigarent,
2698 871 2884 927 subito
2911 880 3096 926 notum
3126 869 3258 924 illud
3284 869 3656 928 Romanorum

2055 962 2316 1019 adversus
2338 965 2496 1018 Afros
2531 973 2912 1034 tempestatum
2944 963 3311 1033 imbriumque
3331 961 3651 1034 sull‘t-agiutn

2052 1057 2195 1113 coelo
2219 1057 2466 1122 missum,
2496 1063 2540 1095 ³ο
2561 1057 2857 1127 insperatae
2883 1057 3046 1111 saluti
3073 1056 3174 1111 fuit
3205 1071 3220 1110 :
3247 1054 3518 1126 siquidem
3559 1072 3654 1113 re-

2007 1171 2013 1178 ι
2052 1150 2273 1220 pentina
2307 1149 2487 1220 pluvia
2535 1149 2847 1216 sitientibus
2898 1150 3163 1206 Romanis
3193 1158 3246 1204 et
3297 1150 3656 1207 aestuantibus

2050 1243 2394 1314 refrigerium
2423 1252 2719 1314 potumque
2761 1243 3011 1314 przebuit.
3044 1243 3216 1300 Porro
3242 1255 3425 1303 autem
3455 1246 3648 1304 Numi-

2048 1336 2134 1392 dis
2189 1337 2407 1404 hastilia
2461 1336 2894 1408 telorum,'qua3
2946 1352 3110 1392 manu
3145 1338 3485 1411 intorquere
3528 1341 3654 1398 sine

2045 1430 2280 1486 amentis
2311 1429 2508 1497 solent,
2543 1429 2755 1485 lubrica
2779 1444 2844 1484 ac
2870 1445 2968 1500 per
2997 1431 3101 1485 hoc
3129 1430 3345 1488 inutilia
3364 1432 3640 1490 reddidit:

2044 1532 2195 1579 scuta
2227 1521 2416 1590 etiam,
2443 1535 2566 1592 qua)
2595 1521 2873 1592 elephanti
2909 1522 3064 1577 corio
3093 1531 3320 1580 extento
3349 1534 3512 1596 atque
3547 1524 3649 1580 du-

2043 1625 2161 1671 rato
2183 1615 2384 1671 habilia
2416 1625 2473 1671 et
2505 1624 2617 1670 tuta
2649 1615 2960 1686 gestabant,
3002 1614 3163 1685 cujus
3214 1629 3279 1671 ea
3310 1626 3507 1672 natura
3539 1627 3646 1684 est,

335 1710 481 1783 quod
520 1711 745 1767 vulnera
804 1712 1011 1768 incerta
1067 1727 1177 1767 non
1225 1719 1431 1767 essent.
1488 1709 1566 1766 lla
1597 1709 1771 1766 coacti
1812 1709 1859 1740 ³³
1885 1709 1938 1765 in
1971 1708 2014 1768 Β
2047 1719 2100 1762 ut
2130 1717 2412 1776 acceptum
2439 1707 2696 1773 imbrem,
2730 1715 3003 1779 tamquam
3047 1707 3276 1778 spongia
3319 1707 3524 1779 ebibat,
3575 1725 3642 1768 ac

335 1806 504 1860 tinum
535 1804 1080 1878 Romaniequites,in
1109 1821 1276 1860 unum
1310 1805 1518 1874 pedites
1540 1803 1930 1859 densabantur.

331 1897 798 1969 lutercapediuem
820 1898 952 1954 tanti
978 1898 1207 1970 periculi
1240 1913 1345 1953 nox
1368 1892 1738 1953 interveniens
1760 1897 1932 1977 dedit.

331 1991 536 2047 Eadem
583 2004 797 2063 postera
847 1992 936 2049 die
991 2002 1045 2049 et
1093 1993 1222 2048 belli
1266 2001 1320 2048 ct
1372 1991 1600 2062 periculi
1652 1993 1700 2024 ³⁸
1744 1991 1929 2046 facies.

330 2084 634 2154 Erumpere
666 2085 718 2139 in
744 2084 981 2154 hostem,
1008 2085 1256 2157 quamvis
1285 2085 1476 2140 stricto
1499 2084 1658 2138 miles
1684 2083 1861 2154 gladio
1886 2084 1932 2118 ’⁸

331 2194 437 2231 non
476 2178 729 2233 valebat:
763 2179 977 2234 eminus
1021 2181 1167 2236 enim
1210 2178 1410 2249 jaculis
1441 2176 1486 2207 ³⁸
1535 2177 1922 2248 repellebatur.

334 2269 376 2300 ³⁷
407 2267 616 2341 Fugere
632 2285 740 2324 non
771 2281 1004 2340 poterat,
1022 2270 1260 2341 undique
1281 2271 1423 2324 enim
1445 2269 1684 2325 velocior
1707 2269 1774 2324 ad
1806 2287 1929 2340 per-

329 2362 667 2432 sequendum
689 2377 856 2434 eques
887 2361 1570 2435 incluserat.324’31am
1596 2363 1753 2419 tet-tia
1783 2364 1924 2430 dies,

327 2463 382 2508 ct
437 2454 646 2509 nullum
700 2455 1078 2527 undecumque
1120 2455 1458 2526 suﬂ‘ragium,
1511 2456 1629 2511 dira
1686 2457 1926 2528 undique

329 2546 523 2601 mortis
568 2545 734 2600 facies
783 2546 1434 2617 objiciebatur;tantlem
1485 2547 1684 2603 Marius
1731 2549 1924 2604 consul

328 2635 452 2692 forti
483 2637 866 2710 desperatione
893 2641 1012 2712 spei
1055 2642 1197 2698 viam
1255 2640 1405 2709 fecit,
1447 2640 1708 2698 universo
1760 2641 1923 2698 simul

2041 1818 2138 1874 per
2165 1801 2271 1858 hoc
2293 1800 2636 1858 intractabile
2664 1803 2957 1872 repentino
2987 1800 3234 1872 pondere
3260 1801 3515 1872 llat,quia
3532 1804 3641 1858 cir-

2041 1893 2295 1951 cumferri
2325 1908 2430 1949 non
2458 1902 2730 1964 poterant,
2751 1893 3049 1949 defendere
3071 1893 3459 1964 nequiverunt.
3481 1894 3556 1950 Ita
3572 1911 3640 1952 ex

2040 1991 2320 2062 insperato
2349 1991 2688 2046 conturbatis
2713 1990 3106 2062 destitutisque
3136 1990 3341 2050 Mauris
3368 2000 3423 2046 et
3450 1992 3640 2048 Numi-

2041 2084 2144 2149 dis,
2175 2080 2420 2139 Bocchus
2448 2082 2787 2153 etJugurtha
2813 2081 3082 2153 fugerunt.
3119 2081 3250 2138 Post
3270 2081 3374 2138 hoc
3406 2081 3446 2116 ⁸⁸
3468 2099 3636 2140 nona-

2038 2176 2185 2247 ginta
2206 2174 2377 2229 millia
2401 2183 2735 2230 armatorum
2759 2174 3059 2230 novissimo
3079 2175 3222 2230 bello
3247 2176 3315 2231 ab
3339 2174 3534 2232 iisdem
3558 2193 3639 2234 re-

2030 2269 2187 2338 gibus
2217 2268 2432 2338 objecta
2455 2284 2469 2334 ;
2496 2267 2613 2323 haec
2631 2283 2849 2339 quoque
2878 2283 3048 2339 usque
3078 2267 3146 2323 ad
3171 2269 3627 2341 internecionem,

2030 2360 2289 2417 Romanis
2307 2361 2672 2427 vincentibus,
2690 2375 2830 2416 caesa
2853 2359 3186 2416 referuntur.
3205 2361 3282 2417 Ex
3303 2376 3368 2418 eo
3381 2361 3632 2419 Bocchus

2029 2468 2183 2523 spem
2216 2452 2341 2508 belli
2364 2452 2646 2522 abjieiens,
2675 2467 2861 2522 pacem
2887 2452 3102 2523 petivit:
3125 2461 3287 2525 atque
3310 2454 3364 2509 in
3388 2456 3621 2525 pretium

2030 2548 2175 2617 pacis
2196 2546 2538 2617 Jugurtham,
2563 2545 2692 2602 dolo
2712 2556 2930 2617 captum
2976 2547 3298 2620 catenisque
3334 2549 3617 2618 obrutum,

2029 2639 2402 2712 "perSullam
2426 2639 2904 2712 legatummisitad
2925 2640 3154 2698 Marium
3191 2660 3204 2698 :
3237 2643 3405 2713 quiin
3430 2642 3622 2699 trium-

1612 2825 2066 2887 IIAVERCAMPI
2107 2824 2336 2884 NOTAE.

397 2970 484 3042 l7.
529 2967 719 3042 Urbem
740 2971 1023 3041 antiquam.
1056 2970 1205 3026 Meus
1236 2970 1412 3026 urbem
1442 2970 1878 3042 antiquissimum.

396 3041 481 3095 18.
523 3041 810 3112 Sexaginta
837 3040 1093 3097 millibus.
1140 3043 1309 3112 Lugd.
1353 3044 1472 3097 Bal.
1503 3040 1630 3097 tert.
1673 3054 1726 3096 et
1772 3040 1912 3096 Coll.

321 3111 584 3173 Gronov..
626 3111 974 3185 quadraginta
1005 3111 1250 3169 millibus.
1284 3115 1384 3168 Ed.
1432 3118 1592 3186 Aug.,
1621 3130 1737 3168 cum
1766 3129 1916 3167 sexa-

319 3185 460 3258 ginta
488 3186 711 3258 millibus
743 3192 978 3258 equitant
998 3187 1262 3240 instructis
1290 3185 1532 3242 occurrit.

393 3257 480 3310 19.
525 3255 646 3311 Ulla
674 3255 908 3312 Romano
938 3258 1108 3312 militi.
1139 3258 1274 3313 Cod.
1300 3258 1573 3326 l’erizon.,
1597 3258 1696 3313 ttlli
1717 3257 1910 3312 Raura-

211 3375 224 3390 ,
320 3343 507 3380 norum
540 3331 926 3395 tumultuosior,
953 3339 1058 3384 etc.

2022 2967 2233 3050 equites
2249 2981 2334 3050 eo
2356 2967 2863 3050 temporefuerunt,
2897 2969 3000 3026 nisi
3032 2970 3089 3029 in
3118 2973 3312 3030 eodem
3339 2975 3460 3033 loco
3509 2995 3620 3050 quo

2021 3039 2270 3113 pedites?
2314 3038 2484 3113 Immo
2531 3040 2910 3113 vehementior
2962 3055 3248 3113 propterea
3308 3057 3430 3106 erat
3470 3038 3620 3108 com-

2017 3112 2251 3180 pressio,
2283 3111 2510 3184 quodet
2550 3111 2761 3180 pedites
2802 3111 2975 3170 simul
3013 3111 3076 3174 et
3123 3119 3333 3183 equites
3356 3121 3408 3178 in
3447 3137 3612 3184 unum
3695 3127 3706 3140 '

2016 3184 2394 3264 densarentur.
2415 3183 2636 3264 satiust.
2741 3186 2864 3255 Jug.
2885 3185 2980 3264 lib.
3005 3201 3056 3264 ς.
3087 3205 3099 3242 :
3127 3188 3256 3246 Siue
3281 3193 3468 3264 signis,
3499 3183 3612 3254 sine

2013 3255 2303 3328 ordinibus,
2335 3257 2527 3327 equites
2565 3255 2762 3328 pedites
2787 3258 3043 3328 permixti.

2083 3326 2174 3382 24.
2208 3325 2554 3382 Facies.lllss.
2579 3325 2800 3397 quidam
2826 3329 3032 3386 addunt
3053 3342 3187 3400 erat,
3215 3331 3314 3390 sed
3344 3336 3606 3398 meliores

388 3398 477 3454 20.
509 3399 899 3473 Tumultuosior
918 3417 1112 3473 pugna.
1139 3399 1250 3454 Ilac
1283 3417 1457 3471 pugna
1483 3402 1680 3457 Marius
1706 3402 1902 3467 Jugur-
1931 3399 1976 3461 C
2011 3408 2466 3473 nonagnoscunt.

317 3469 466 3543 thatn
492 3480 546 3526 et
575 3471 848 3526 Bocchum
882 3469 1021 3543 apud
1053 3469 1293 3527 Cirthatn
1327 3469 1514 3530 cecidit
1535 3518 1548 3543 ,
1587 3484 1645 3530 ut
1673 3476 1749 3529 ait
1782 3476 1906 3532 Flo-

314 3556 407 3595 rus
435 3542 531 3596 lib.
562 3559 649 3607 ιιι,
677 3551 796 3613 eap.‘
831 3545 881 3598 l.
915 3541 1081 3598 Faen.

385 3614 476 3668 21.
502 3614 894 3681 (Ῑοηῳνεδδῑοηε
916 3614 1282 3669 multitudinis.
1321 3615 1396 3670 Ita
1442 3632 1572 3671 tnss.
1605 3617 1907 3676 Florentini

314 3695 448 3747 tres,
484 3685 603 3740 Meo
629 3687 982 3755 astipulante.
1016 3690 1085 3742 At
1117 3703 1344 3755 prorsus
1381 3689 1561 3751 inepta
1617 3702 1703 3745 est
1743 3691 1906 3747 lectio

311 3756 528 3823 Vulgata
573 3759 1004 3825 compressionem
1050 3758 1423 3813 multitudinis.
1476 3761 1703 3817 Romani
1759 3765 1903 3818 enim

313 3827 519 3883 milites
545 3829 746 3898 duplici
772 3830 840 3885 de
869 3844 1032 3884 causa
1063 3831 1494 3899 prohibebantur
1535 3833 1638 3887 tela
1665 3835 1903 3890 hostium

310 3899 486 3955 vitare
517 3917 532 3955 :
567 3901 748 3971 primo
778 3901 898 3972 quia
932 3902 1143 3956 eminus
1175 3903 1582 3971 prospiciendo,
1616 3920 1738 3959 eum
1781 3907 1906 3960 mit-

311 3979 579 4046 terentur,
613 3973 799 4027 videre
830 3973 1125 4046 nequibant
1173 3985 1394 4043 propter
1435 3977 1751 4046 caliginem;
1777 3977 1904 4034 dein

309 4042 454 4109 quia,
505 4059 628 4098 eum
664 4059 834 4112 prOpe
877 4045 987 4112 jam
1022 4042 1293 4111 adessent,
1338 4046 1491 4101 exire
1537 4042 1904 4106 declinatione

308 4115 582 4239 femoris,
635 4131 742 4170 non
773 4125 1048 4186 poterant.
1079 4116 1264 4188 Virgil.
1293 4116 1422 4172 Ain.
1447 4134 1499 4189 ν,
1523 4119 1651 4188 458,
1678 4120 1748 4177 de
1794 4123 1905 4177 En-

333 4202 362 4239 c
409 4201 441 4239 o
469 4204 482 4239 :

310 4192 441 4240 tello
469 4204 482 4240 :

373 4284 592 4353 Corpore
617 4287 718 4342 tela
739 4289 881 4344 modo
901 4296 1052 4356 atque
1075 4293 1232 4344 oculis
1257 4293 1571 4358 vigilantibus
1590 4296 1713 4350 exit.

307 4456 580 4536 Expedire
608 4469 790 4536 autem
819 4475 880 4518 se
907 4477 1025 4536 non,
1045 4472 1299 4535 poterant
1326 4468 1738 4536 compressione
1767 4469 1902 4525 mul-

305 4531 576 4608 titudinis,
641 4533 960 4608 quodsuos
1014 4531 1118 4608 ipsi
1173 4536 1430 4592 timerent
1456 4531 1690 4608 gladios,
1725 4557 1900 4608 neque

302 4604 538 4677 spatium
562 4606 807 4677 essetiad
835 4605 978 4660 latus
1002 4607 1092 4662 vel
1122 4616 1271 4663 retro
1297 4604 1545 4677 cedendi,
1578 4623 1633 4666 ut
1655 4611 1723 4668 de
1738 4604 1899 4670 exer-

303 4674 417 4729 citu
441 4673 683 4746 Pompeii
711 4676 960 4733 Lucanus
985 4693 1084 4748 vn,
1108 4678 1215 4734 492
1241 4697 1252 4732 :

427 4830 651 4898 Pompeii
673 4832 1000 4898 densisracies
1023 4835 1200 4898 stipata
1219 4830 1434 4886 catervis

426 4892 671 4964 1iunxerat
690 4896 748 4964 in
762 4897 946 4964 seriem
973 4892 1119 4964 nexis
1141 4898 1434 4948 umbonibus
1456 4911 1618 4964 arma;

424 4955 622 5025 Yixque
639 4957 1061 5025 habituralocum,
1085 4960 1310 5022 dextras,
1335 4973 1393 5011 ae
1416 4961 1514 5011 tela
1537 4955 1786 5025 movendi,

423 5017 740 5084 Constiterat,
767 5017 1055 5085 gladiosque
1075 5035 1191 5074 suos
1214 5017 1492 5087 compressa
1516 5026 1738 5076 timebat.

302 5163 526 5239 Sallust.
562 5165 614 5222 in
647 5167 837 5239 Jugttr.
867 5184 990 5236 cap.
1027 5170 1129 5224 102
1156 5187 1168 5224 :
1196 5170 1394 5226 Multos
1439 5181 1623 5228 contra
1651 5173 1896 5238 adversos

296 5238 552 5299 acerrime
583 5238 896 5318 pugnantes,
921 5240 986 5295 ab
1006 5250 1151 5315 tergo
1174 5245 1540 5318 circumvenire
1560 5261 1579 5310 ;
1603 5263 1768 5318 neque
1789 5250 1895 5301 uir-

299 5318 407 5372 tus,
438 5326 598 5381 neque
622 5329 777 5390 arma
797 5316 925 5390 satis
955 5314 1147 5390 tegere,
1169 5317 1310 5386 quod
1338 5314 1511 5373 hostes
1533 5314 1746 5376 numero
1769 5320 1890 5390 plu-

297 5397 434 5455 τρε)-
449 5389 496 5435 et
510 5382 752 5455 undique
787 5382 1090 5455 circumfusi
1110 5382 1278 5443 erant.

369 5451 460 5505 22.
495 5451 826 5532 Opportuna.
857 5451 1128 5525 Periaon.,
1161 5469 1462 5531 opportune.
1494 5460 1599 5517 Pro
1627 5463 1735 5532 pila
1757 5480 1885 5520 mox

295 5522 555 5597 telt_1_ms_s.
577 5522 804 5597 aliquot.

295 5665 308 5676 .
367 5593 459 5649 25.
496 5593 1158 5676 lnuntimequites.Turpi
1184 5602 1397 5676 delectu
1423 5605 1536 5676 hate
1559 5606 1880 5664 exciderunt

295 5672 348 5720 in
379 5683 511 5750 mss.
535 5672 880 5750 quihusdam,
900 5673 1059 5750 inque
1085 5675 1333 5750 omnibus
1363 5675 1704 5750 negliguntur
1723 5680 1873 5746 edd.,

293 5742 537 5810 exceptis
561 5742 754 5815 priuta,
781 5743 904 5801 deitt
931 5742 1158 5817 August.
1191 5757 1246 5804 et
1269 5742 1580 5806 ParisienSi.
1602 5749 1698 5806 Ubi
1726 5742 1871 5812 enim

2081 3468 2329 3524 25.7Non
2362 3471 2582 3552 valebat.
2618 3471 2717 3552 Ed.
2761 3472 2960 3552 prima,
3000 3491 3110 3552 non
3161 3475 3366 3552 valebat
3421 3483 3601 3552 ferire,

2010 3552 2313 3612 sequuntur
2342 3543 2506 3598 etiam
2535 3543 2862 3599 Parisiensis
2902 3554 2958 3600 et
3000 3545 3238 3603 Venetae.
3299 3543 3431 3608 Sed.
3465 3543 3600 3613 mss:

2009 3621 2120 3667 tres
2144 3614 2312 3681 Lugd.
2340 3614 2481 3688 Batt.
2520 3613 2791 3688 patebant
2816 3617 3082 3681 scribunt,
3112 3620 3265 3688 quasi
3297 3623 3485 3679 milites
3525 3628 3601 3684 le-

2007 3694 2250 3809 gentur,
2271 3686 2414 3756 quod
2449 3686 2686 3742 voluisse
2708 3686 2920 3746 videtur
2947 3688 3088 3744 Coll.
3113 3686 3378 3763 Gronov.,
3405 3696 3457 3750 in
3492 3713 3600 3769 qua

2007 3772 2076 3809 ηη
2102 3774 2116 3808 ι
2145 3774 2208 3809 is.

2007 3767 2208 3809 "illiilli.

2197 3827 2586 3908 iicpellebatur.
2610 3829 2748 3884 Tres
2774 3829 2946 3908 httgtl.
2996 3833 3161 3901 Batt.,
3193 3838 3591 3908 repellebantur.

2077 3899 2167 3953 27.
2195 3897 2532 3977 Fugere_n0n
2551 3909 2769 3977 poterat.
2792 3902 2917 3977 Mss.
2943 3919 3082 3977 quos
3101 3897 3373 3977 consului,
3405 3927 3598 3970 omnes

2007 3981 2249 4050 poterant
2275 3973 2597 4050 praeferunt.
2624 3973 3081 4050 Utraqtteuleetio
3100 3977 3321 4034 tolerari
3351 3973 3555 4050 potest.

2077 4041 2316 4096 28.1am
2347 4045 2501 4097 tertia
2544 4045 2673 4098 dies.
2715 4041 2987 4102 lnittilitcr
3030 4048 3285 4106 liberales
3330 4041 3418 4108 llic
3463 4056 3591 4112 cdd.

2005 4116 2254 4180 qtttntlatn
2287 4126 2416 4170 vett.
2451 4115 2754 4185 adjttngunt
2782 4115 3051 4182 illuxerat,
3085 4128 3138 4175 et
3166 4132 3351 4178 centra
3376 4141 3509 4181 mss.
3534 4139 3595 4185 et

2005 4185 2092 4238 ed.
2127 4187 2356 4267 August.
2389 4187 2476 4243 Sic
2527 4189 2686 4267 paulo
2725 4198 2860 4267 post.
2893 4190 3225 4267 eodemjure
3270 4209 3492 4267 augent,
3545 4211 3595 4256 et

2005 4273 2122 4309 cum
2148 4259 2382 4336 universo
2404 4273 2502 4327 pro
2515 4260 2791 4336 _unieerso.
2823 4259 3151 4336 Suﬂ'ragiuin
3181 4259 3382 4336 auteni,
3437 4259 3591 4326 more

2002 4341 2130 4407 suo,
2152 4330 2374 4407 gnosius
2402 4331 2554 4407 ponit
2578 4348 2674 4401 pro
2690 4347 2828 4407 ope,
2841 4330 3087 4407 subsidio
3111 4337 3340 4407 laetoque
3365 4330 3589 4397 eventu.

2003 4397 2123 4456 Mox
2155 4400 2317 4467 infra,
2363 4397 2530 4456 subito
2575 4397 2750 4458 notum
2787 4403 2922 4458 illud
2951 4397 3306 4463 Romanorum
3341 4412 3593 4469 adversus

2005 4473 2162 4550 Afros
2185 4483 2544 4550 tempestatum
2581 4475 2925 4550 interiumque
2958 4475 3269 4550 suffragium
3308 4485 3436 4539 caelo
3469 4487 3592 4542 mis-

2001 4547 2418 4619 sumiinspcrata:
2449 4547 2610 4600 saluti
2637 4547 2756 4619 fuit.

2072 4617 2160 4670 29.
2218 4615 2591 4694 Defatigarent.
2638 4615 2770 4694 Mss.
2818 4634 3010 4694 omnes
3057 4622 3386 4694 defatigaret.
3443 4626 3586 4686 Edd.

2007 4686 2236 4766 August:
2260 4686 2315 4744 et
2343 4691 2615 4766 princeps,
2648 4691 2821 4766 Paris.
2855 4686 3176 4766 amentatae,
3211 4686 3477 4766 fatigaret.

2077 4760 2167 4814 5t).
2195 4754 2489 4843 insperati?
2509 4754 2670 4843 saluti
2695 4763 2819 4843 fuit._
2859 4762 3125 4834 Gigttendi
3148 4754 3278 4822 casu
3307 4754 3440 4825 ipss.
3467 4772 3594 4843 qui—

1924 4810 1976 4871 D
2002 4810 2136 4885 dam
2156 4810 2215 4886 ei
2233 4810 2367 4886 ira;
2387 4810 3122 4900 ἑάὶάἱέἔξὲὲὶῐὲίίίηὖὲἲὲῖίἓξ

2074 4903 2164 4956 51.
2196 4918 2262 4958 xc
2291 4904 2821 4978 milliaarntatorum.
2849 4905 2914 4978 lu
2939 4922 3134 4978 magna
3180 4911 3442 4970 varietate
3483 4931 3590 4970 nu-

2002 4988 2210 5030 merum
2239 4975 2327 5052 qui
2350 4985 2431 5052 es_t
2457 4976 2510 5029 in
2537 4975 2816 5052 Gualtheri
2848 4977 3005 5044 libro,
3034 4975 3232 5052 recepi.
3260 4983 3394 5038 Nam
3444 4995 3500 5042 et
3528 4987 3585 5043 in

2001 5046 2673 5125 tneo_scriptoﬁEutropio,
2706 5057 3009 5125 postquam
3037 5046 3306 5125 scriptum
3347 5065 3450 5125 est,
3481 5059 3586 5112 Ju-

1999 5117 2241 5197 gurtham
2270 5115 2687 5197 ςιῌΒοιεεΙιιιὶιιλζΔ
2706 5115 2890 5175 Mario
2933 5123 3126 5190 pariter
3154 5115 3586 5197 A'superatos'esse,

1999 5187 2200 5242 deinde
2221 5188 2540 5258 additur,xc
2555 5191 2720 5245 millia
2745 5187 3065 5246 armatorum
3090 5195 3159 5248 ad
3181 5187 3587 5255 internecionem

1997 5260 2202 5315 cecidit.
2255 5259 2515 5342 Fapnz—
2556 5262 2662 5318 Pro
2685 5279 2911 5342 numero
2942 5265 3134 5334 majori
3181 5283 3397 5342 quoque
3441 5280 3590 5326 stant

2000 5346 2103 5385 una
2135 5347 2258 5410 cum
2272 5332 2372 5410 ed.
2407 5333 2638 5404 August.
2663 5349 2796 5410 mss.
2827 5336 2937 5392 fere
2961 5332 3175 5405 omnes,
3199 5332 3319 5394 nisi
3343 5343 3488 5410 quod
3533 5345 3588 5400 in

1996 5403 2240 5482 margine
2272 5403 2421 5459 Flor.
2466 5403 2576 5461 sec.
2624 5407 2804 5462 minor
2831 5410 3136 5482 ascribatur
3164 5403 3463 5482 numerus.
3518 5417 3590 5474 At

1993 5473 2167 5544 Lugd.
2204 5475 2343 5557 B_att.
2379 5491 2463 5546 pr.
2488 5485 2544 5554 et
2572 5488 2699 5536 tert.
2730 5494 2864 5557 cum
2900 5477 3036 5536 Coll.
3067 5479 3333 5557 gronov.
3388 5473 3589 5557 augent

1990 5547 2249 5620 usquead
2276 5560 2478 5620 centum
2506 5551 2559 5603 et
2607 5551 2958 5620 quadraginta
3008 5552 3197 5608 millia.
3230 5554 3336 5610 Pro
3365 5547 3586 5614 novissi-

1985 5633 2072 5671 mo
2103 5618 2260 5692 bello,
2297 5619 2542 5692 l’eriznn.
2583 5618 2774 5677 scribit
2801 5618 3077 5678 nouissime
3105 5626 3260 5692 bello,
3287 5635 3401 5684 etc.

2056 5689 2146 5744 232.
2185 5689 2288 5769 Per
2317 5691 2527 5769 Sullam
2552 5693 2798 5769 legatum.
2827 5693 3032 5750 Sullam
3053 5689 3382 5769 qutestOrem
3414 5701 3583 5759 Marii

1982 5774 2168 5819 omnes
2199 5762 2285 5820 alii
2316 5762 2616 5836 appellanti
2637 5764 2801 5822 Faan;
