4046 6344
295 310 400 368 955

1277 337 1282 340 -
1345 309 1816 370 lllSTORlAllUM
1858 309 2064 371 LIBER
2106 314 2168 371 ν.
2211 315 2364 372 CAP.
2408 316 2547 374 XVI.

3489 317 3600 384 {Si

293 427 378 482 snl
426 433 482 482 et
520 425 588 495 Q.
634 423 818 498 Cirpio
863 425 1187 498 proconsule
1230 425 1494 484 adversus
1540 429 1790 486 Cimbros
1844 441 1895 486 et
1927 445 1973 507 Α
2005 431 2237 498 terlccit,
2267 433 2522 506 ipsosque
2561 434 2826 492 continuo
2860 450 3048 493 servos
3082 437 3133 493 in
3164 439 3396 508 pretium
3428 443 3600 500 scele-

291 517 572 592 Tentonas
598 527 653 574 et
681 518 974 590 'l‘igurinos
997 530 1047 574 et
1083 519 1411 588 Ambronas,
1454 522 1733 578 Gallorum
1763 523 1896 579 Ger-

293 628 692 683 manornmqne
718 624 930 682 gentes,
963 629 1080 682 qua:
1110 625 1255 673 tunc.
1295 625 1351 668 ιιι
1384 616 1672 686 imperium
1707 617 1897 672 Roma-

295 725 426 764 nntn
457 711 895 780 exstinguerent,
930 710 1442 780 'cimSpiraverant,
1477 712 1648 779 missi,
1680 712 1897 781 provin-

290 803 406 865 cias
447 802 550 856 sibi
607 800 868 856 Rhodano
913 800 1136 857 flumine
1182 802 1359 858 medio
1415 803 1739 859 diviserunt.
1794 804 1894 860 Ubi

291 897 426 952 dum
469 897 612 952 inter
657 911 716 952 se
761 896 1086 968 gravissima
1136 896 1339 952 invidia
1388 905 1444 952 et
1490 897 1509 928 ⁵
1547 900 1896 954 contentione

289 990 625 1060 disceptant.
676 1006 797 1043 cum
849 1003 1044 1060 magna
1075 990 1367 1058 ignominia
1420 999 1474 1044 et
1503 990 1744 1059 periculo
1785 989 1893 1044 llo-

292 1084 441 1138 mani
470 1081 710 1138 nominis
737 1081 864 1138 vieti
892 1091 1020 1137 sunt
1051 1100 1063 1136 :
1098 1083 1366 1154 siquidem
1399 1082 1454 1139 in
1481 1099 1542 1140 ea
1573 1100 1747 1155 pugna
1777 1086 1798 1117 ⁵
1822 1085 1892 1140 Μ.

292 1176 555 1231 Aurelius
609 1175 910 1232 consularis
953 1187 1148 1243 captus
1197 1186 1359 1247 atque
1417 1176 1738 1233 interfectus
1789 1190 1892 1235 cst.

298 1268 414 1324 Duo
439 1269 535 1325 lilii
556 1270 800 1326 consulis
832 1271 982 1336 caesi,
1013 1272 1285 1339 octoginta
1325 1272 1496 1328 millia
1525 1273 1894 1331 Rontanorum

292 1358 680 1430 sociorumque
706 1375 767 1415 ea
803 1370 1124 1430 tempestate
1164 1362 1456 1427 trucidata,
1482 1362 1502 1394 ⁸
1533 1365 1894 1435 quadraginta

295 1452 470 1508 millia
521 1453 775 1508 calonum
833 1463 998 1524 atque
1054 1453 1286 1508 lixarum
1346 1456 1651 1523 interfecta,
1707 1459 1895 1516 Antias

294 1547 512 1602 Scribit.
539 1547 616 1602 lta
643 1563 708 1603 ex
749 1549 895 1603 omni
930 1547 1140 1618 penitus
1166 1551 1407 1604 exercitu
1441 1551 1630 1608 decem
1661 1563 1896 1608 tantum-

303 1641 468 1696 modo
509 1641 778 1711 homines,
822 1640 912 1707 qui
937 1642 1192 1696 miserum
1237 1642 1483 1698 nuntium
1524 1645 1590 1700 ad
1620 1647 1894 1714 augendas

295 1734 546 1790 miserias
565 1744 931 1803 reportarent,
957 1734 1294 1806 superfuisse
1316 1735 1645 1792 referuntur.
1673 1738 1892 1804 llostes,

2003 527 2077 580 ris
2120 528 2456 583 manumisit.
2496 528 2591 584 Die
2620 528 2786 595 dicta,
2830 530 2934 586 Cn.
2980 531 3237 602 Pompeio
3275 546 3592 602 accusante,

2000 618 2286 678 damnatus
2316 630 2421 678 cst.
2460 621 2624 692 Igitur
2665 623 2863 679 Marius
2894 634 3145 696 quartum
3188 629 3394 696 consul,
3429 638 3450 668 θ
3475 645 3598 686 cum

1996 714 2148 783 juxta
2182 715 2341 770 lsarze
2367 714 2730 788 Rhodanique
2760 717 3002 786 ﬂumina,
3040 720 3082 751 '°
3114 720 3202 776 ubi
3232 722 3288 777 in
3320 738 3444 778 sese
3471 740 3601 779 con-

2001 807 2198 873 linunt,
2227 820 2403 865 castra
2427 810 2724 882 posuisset,
2749 811 3048 881 Teutones,
3081 812 3310 883 Cimbri,
3355 826 3410 872 ct
3437 817 3600 888 Tigu-

2002 902 2102 956 rini
2152 915 2203 958 et
2243 903 2570 972 Ambroues,
2603 916 2889 978 postquam
2938 909 3200 965 continuo
3241 911 3418 967 triduo
3454 912 3600 970 circa

1999 992 2366 1050 Romanorum
2395 1007 2570 1051 castra
2613 1008 2938 1068 pugnarunt,
2974 1000 3017 1053 si
3049 1017 3156 1070 qno
3196 1011 3350 1071 pacto
3382 1019 3476 1059 cos
3505 1020 3600 1060 ex-

1998 1097 2243 1143 enterent
2266 1089 2430 1159 vallo,
2461 1099 2622 1162 atque
2648 1092 2687 1124 ¹¹
2720 1091 2773 1147 in
2816 1108 3000 1165 a-quor
3031 1093 3390 1164 cll'uudercnt,
3425 1096 3597 1152 tribus

1997 1182 2299 1252 agminibus
2323 1181 2524 1238 Italiam
2545 1193 2731 1256 petere
2747 1184 3108 1242 destinarant.
3125 1188 3345 1252 Marius,
3369 1201 3488 1262 post
3510 1193 3592 1247 di-

1997 1290 2241 1344 gressum
2271 1275 2531 1344 hostium,
2565 1287 2743 1334 castra
2774 1281 2962 1348 movit,
2987 1290 3042 1337 et
3065 1282 3261 1336 collem
3284 1285 3594 1355 occupavit,

1997 1365 2094 1436 qui
2123 1382 2316 1438 campo
2346 1376 2401 1424 et
2431 1367 2618 1436 lluvio,
2649 1369 2736 1424 ubi
2761 1368 2945 1426 hostes
2969 1387 3089 1427 sese
3115 1371 3465 1441 dilluderant,
3498 1375 3601 1431 int-

1999 1457 2257 1515 minebat.
2283 1459 2522 1528 Cumque
2543 1461 2808 1517 exercitui
2831 1463 3008 1532 ejus“I
3032 1479 3171 1536 aqua
3197 1465 3264 1521 ad
3299 1467 3598 1538 potandum

1997 1552 2162 1624 329
2199 1553 2457 1624 deesset,
2510 1555 2856 1627 querelisque
2893 1559 3134 1614 omnium
3188 1572 3595 1632 coargueretur,

1996 1659 2188 1712 aquam
2212 1645 2428 1714 quidem
2458 1647 2512 1701 in
2542 1647 2838 1718 conspectu
2867 1665 2994 1706 esse
3029 1653 3332 1721 respondit,
3355 1653 3452 1710 sed
3473 1670 3592 1710 cam

1998 1735 2141 1792 let-ro
2190 1737 2593 1796 vindicandam.
2645 1741 2844 1798 Primts
2902 1743 3086 1816 itaque
3137 1747 3424 1804 calonibus
3469 1766 3596 1805 cum

293 1826 440 1883 l-inis
465 1827 662 1883 castris
692 1837 856 1897 atque
905 1829 1110 1899 ingenti
1147 1829 1325 1900 prada
1375 1829 1557 1908 politi,
1591 1845 1727 1885 nova
1757 1848 1891 1901 qua-
1927 1840 1972 1900 Β
1999 1828 2243 1886 clamore
2267 1833 2318 1886 in
2345 1847 2575 1904 pugnam
2605 1835 2914 1904 ruentibus,
2947 1840 3272 1896 subsecutus
3301 1843 3596 1911 exercitus,

289 1918 418 1972 dam
460 1929 623 1990 atque
655 1920 874 1976 insolita
906 1924 1311 1990 exsecratione,
1353 1931 1548 1980 cuncta
1580 1924 1746 1996 328
1768 1940 1890 1996 qua:

287 2023 576 2084 ceperant,
623 2014 1137 2084 pessumdederunt.
1187 2015 1366 2071 Vestis
1407 2017 1635 2074 d'seissa
1683 2029 1734 2073 et
1769 2035 1889 2089 pro~

283 2106 436 2173 jecta
483 2113 590 2174 est,
625 2121 814 2160 aurum
843 2115 1238 2178 argentumque
1271 2107 1326 2162 in
1363 2109 1565 2164 lluineu
1595 2109 1888 2180 abjectum,

290 2197 480 2253 lorica:
512 2197 748 2252 virorum
778 2201 1037 2267 conciszr,
1067 2201 1302 2270 phalera:
1329 2217 1591 2272 equorum
1625 2203 1894 2274 disperdi-

291 2302 387 2358 ιω,
431 2290 559 2360 equi
606 2292 707 2360 ipsi
759 2293 1066 2363 gurgitibus
1105 2295 1368 2356 immersi.
1407 2296 1656 2353 homines
1687 2299 1894 2370 laqueis

291 2385 442 2441 collo
477 2384 667 2440 inditis
696 2402 762 2442 cx
784 2387 1075 2443 arboribus
1101 2391 1352 2460 suspensi
1388 2401 1516 2446 sunt
1547 2393 1640 2460 ita,
1674 2404 1730 2448 ut
1761 2393 1894 2449 nihil

289 2478 493 2545 prmdac
518 2481 717 2546 victor,
751 2479 882 2534 nihil
916 2480 1308 2536 misericordia:
1340 2481 1515 2538 victus
1543 2494 1889 2555 agnosceret.

288 2571 561 2626 Maximus
587 2580 714 2628 tunc
736 2571 924 2628 Roma:
949 2588 1056 2628 non
1089 2574 1265 2628 solum
1293 2575 1492 2639 luctus,
1534 2578 1891 2633 verumetiam

293 2675 482 2719 metus
510 2663 637 2729 luit,
685 2679 753 2718 ne
797 2663 1080 2720 confestim
1111 2663 1321 2720 Cimbri
1353 2666 1520 2744 Alpes
1550 2669 1900 2739 transgrede-

291 2765 487 2810 rentur
509 2754 828 2827 ltaliamqne
871 2757 1141 2813 delerent.
1183 2757 1378 2813 Iisdem
1426 2761 1797 2831 tetttporihtts"
1827 2764 1892 2829 ρ.

291 2847 499 2904 Fabius
519 2847 782 2904 Maximus
811 2848 978 2903 filium
1011 2865 1166 2905 suum
1193 2851 1624 2919 adolescentem,
1647 2851 1670 2884 ⁸
1695 2868 1787 2908 rus
1809 2871 1894 2908 re-

291 2943 560 3016 legatum,
601 2959 726 3002 cum
755 2944 968 3002 duobus
991 2947 1164 3002 servis
1193 2946 1475 3018 parricidii
1506 2949 1771 3005 ministris
1801 2950 1882 3004 in-

2002 1939 2123 1980 mox
2163 1925 2320 1995 juxto
2365 1928 2669 1984 certamine
2709 1931 3028 2001 compositis
3072 1932 3354 1990 ordinibus
3397 1934 3599 1991 bellum

1960 2046 1968 2055 -
1999 2024 2238 2084 geslllm,
2277 2026 2329 2072 et
2359 2019 2539 2074 vicere
2573 2018 2827 2076 Romani.
2871 2021 3076 2090 Quarto
3105 2022 3193 2080 die
3239 2041 3428 2081 rursus
3471 2042 3602 2096 pro-

1999 2108 2174 2164 dttettn
2227 2109 2496 2181 utrimque
2546 2111 2598 2166 in
2632 2127 2882 2182 campum
2923 2117 3068 2171 acies
3115 2131 3286 2187 usque
3332 2119 3398 2174 ad
3431 2123 3602 2176 meri-

2001 2207 2144 2261 diem
2177 2222 2312 2277 penc
2347 2209 2460 2279 pari
2493 2225 2802 2279 pugnavere
2835 2212 3170 2268 discrimine.
3205 2214 3334 2270 Post
3371 2213 3463 2268 ubi
3511 2213 3601 2269 in-

2001 2300 2310 2356 calescente
2355 2302 2470 2356 Sttlc
2513 2301 2655 2358 llttxa
2684 2305 2960 2360 Gallorum
3005 2323 3232 2376 corpora
3285 2308 3338 2361 in
3376 2306 3598 2362 modum

2002 2393 2216 2450 nivium
2243 2395 2637 2463 distabnernnt,
2673 2413 2844 2470 usque
2876 2400 2928 2455 in
2959 2410 3176 2455 noctem
3203 2400 3383 2456 caedes
3416 2398 3596 2470 potius

1997 2501 2155 2557 quam
2189 2502 2364 2559 pugna
2401 2498 2670 2558 protracta
2701 2499 2802 2545 cst.
2834 2490 2876 2522 ¹⁸
2901 2491 3143 2548 Ducenta
3168 2491 3332 2547 millia
3363 2500 3602 2546 armato-

1998 2595 2116 2633 rum
2161 2581 2212 2635 in
2263 2597 2328 2635 co
2379 2581 2535 2637 bello
2566 2583 2856 2639 interfecta
2890 2597 3050 2653 sunt,
3099 2585 3374 2656 octoginta
3425 2584 3596 2640 millia

1996 2682 2172 2740 capta,
2221 2671 2264 2703 “
2308 2673 2394 2728 vix
2440 2673 2541 2728 tria
2593 2673 2796 2744 fugisse
2833 2675 3162 2732 referuntur.
3222 2677 3339 2732 Dux
3383 2691 3603 2748 quttqtte

2002 2779 2192 2818 corntn
2216 2765 2258 2796 "’
2286 2764 2634 2822 Teutobodus
2657 2767 2872 2824 occisus
2899 2779 3004 2824 est.
3037 2769 3081 2800 ¹⁶
3113 2769 3364 2824 Mulieres
3385 2783 3598 2832 eorum,

2001 2858 2378 2914 constantiore
2405 2859 2588 2914 animo
2622 2859 2663 2892 "’
2696 2875 2856 2931 quam
2887 2862 2932 2916 si
2965 2861 3247 2927 vicissent,
3275 2861 3603 2916 consiilnere

2001 2951 2302 3018 consulem,
2334 2963 2411 3022 nt,
2445 2952 2491 3008 si
2534 2953 2793 3010 inviolata
2825 2953 3073 3012 castitate
3105 2954 3148 2987 “
3178 2953 3483 3026 virginibus
3512 2967 3605 3008 sa-

1587 3110 2035 3168 llAVEllCAbll’l
2077 3111 2311 3168 NOTAE.

292 3238 414 3284 stro
446 3229 823 3299 manuscripto
861 3227 1128 3298 Eutropio
1166 3225 1326 3284 initio
1367 3227 1464 3283 lib.
1495 3243 1528 3282 ν
1556 3225 1678 3282 dum
1707 3243 1890 3300 voces,
1921 3226 1967 3290 C
2002 3237 2097 3289 est.
2133 3229 2271 3300 unde
2298 3229 2588 3300 progressis
2616 3227 2762 3286 breve
2790 3228 2886 3284 iter
2917 3226 3144 3288 restabat
3170 3228 3240 3282 ad
3259 3227 3436 3300 Alpes.

297 3300 528 3354 Romani
582 3298 844 3367 consules,
901 3317 1007 3355 non
1062 3300 1334 3366 leguntur,
1384 3311 1440 3354 et
1485 3309 1633 3355 recte
1677 3298 1893 3353 absunt.

294 3373 459 3440 Apud
491 3371 758 3428 Velleium
789 3388 891 3442 ego
932 3373 1052 3442 lego
1078 3389 1090 3424 :
1123 3371 1254 3426 Cum
1283 3369 1578 3440 Gwpionem
1609 3368 1898 3424 Manlium-

293 3460 403 3516 que
430 3461 536 3516 eos.
571 3459 700 3509 non,
728 3453 786 3498 ut
807 3456 891 3499 est
921 3444 1254 3516 impressum
1284 3459 1419 3496 coss.
1450 3442 1619 3499 FMm.

373 3517 429 3570 5.
472 3513 924 3586 conspirauerunt.
958 3513 1105 3569 Flor.
1147 3531 1258 3586 pr.,
1290 3517 1716 3584 coniuraverunt.

373 3588 432 3660 4.
483 3585 820 3641 Contentionc
864 3585 1176 3660 disceptant.
1233 3586 1336 3640 Alii
1370 3586 1537 3660 _lihri_,
1596 3586 1896 3660 diuertunt.

297 3659 488 3713 malim
521 3668 699 3713 tamen
739 3656 1025 3712 decertant.
1067 3657 1240 3714 Laur.
1269 3686 1339 3696 —
1369 3657 1423 3712 ln
1455 3657 1540 3711 ed.
1578 3661 1716 3726 Aug.
1767 3656 1898 3725 legi-

295 3739 391 3785 tur
418 3732 700 3784 decertant.
737 3731 873 3785 Edd.
905 3729 1125 3785 Veneta:
1157 3744 1259 3798 pro
1290 3727 1376 3780 ubi
1402 3727 1666 3783 exhibent
1695 3727 1786 3781 ibi.

376 3803 433 3858 5.
475 3800 551 3856 Μ.
577 3801 838 3857 Aurelius.
877 3801 946 3856 Μ.
991 3802 1279 3856 Aurelium
1320 3801 1586 3854 Scaurum
1619 3798 1893 3867 intelligit,

295 3876 394 3940 qui
427 3883 553 3928 ante
598 3872 890 3928 triennium
939 3873 1126 3926 consul
1170 3873 1369 3939 luerat,
1407 3870 1592 3926 Livius
1621 3870 1719 3925 lib.
1753 3885 1896 3926 vatt

300 3945 469 4011 vulgo
499 3944 754 3999 mendose
787 3944 863 3999 Μ.
905 3942 1163 3998 Αῑηιὶιὶιιδ
1195 3945 1410 4012 legitur.
1446 3942 1611 3998 Fitatt.

476 4016 854 4088 Quadraginta.
901 4015 1036 4070 lidd.
1096 4010 1369 4085 quadam,
1421 4031 1486 4069 ιχ
1537 4010 1725 4068 millia.
1771 4012 1894 4068 Mox

295 4087 522 4158 quidam
551 4087 923 4158 niss.’malnnt
957 4089 1180 4154 scripsit.

379 4161 430 4213 7.
475 4159 538 4224 ρ.
581 4156 783 4213 Fabius
808 4159 1071 4214 Maximus
1095 4159 1284 4226 lilium.
1307 4156 1505 4212 Fabius
1530 4155 1894 4224 Set'vilianns,

294 4230 387 4285 vir
413 4229 715 4298 censorius,
741 4247 770 4285 a
803 4231 914 4286 tilio
951 4231 1131 4284 dubiae
1166 4233 1430 4286 castitatis
1458 4243 1650 4297 plenas
1671 4228 1849 4297 exegit
1877 4268 1891 4293 ,

296 4311 361 4358 ct
388 4307 574 4372 punito
618 4301 891 4372 pependit,
933 4302 1240 4356 voluntario
1275 4313 1894 4372 secessuieonspeetum

298 4371 496 4444 patriai
517 4371 760 4428 vitando.
797 4372 978 4429 Valer.
1011 4374 1105 4428 lib.
1135 4389 1212 4439 vt,
1240 4388 1361 4441 cap.
1396 4373 1448 4426 1.
1479 4371 1649 4444 Fasti.

301 4442 314 4444 Ὗ
378 4447 436 4501 3.
476 4445 607 4501 llus.
645 4445 922 4513 Perizon.,
961 4461 1102 4500 rure.
1137 4445 1307 4500 Paulo
1345 4454 1472 4499 ante
1517 4442 1686 4512 idem,
1714 4442 1804 4513 qui
1835 4443 1899 4512 ﬁ-

295 4516 438 4571 lium
458 4534 624 4571 suum.

325 4536 344 4571 ι
351 4535 438 4570 um
458 4534 624 4572 suum.

379 4589 434 4683 ξε
473 4588 988 4683 amicast“?
1025 4587 1368 4683 ἐξίιοέέιξξὶςιξεε
1405 4588 1658 4683 timetis;
1677 4587 1770 4644 δίο
1799 4585 1893 4673 "3:
1926 4623 1975 4683 υ

299 4660 439 4715 bent
477 4660 570 4716 lib.
618 4669 730 4717 vet.
780 4677 990 4718 omnes.
1033 4659 1355 4715 Plutarchus
1404 4664 1454 4712 in
1496 4661 1685 4725 Mario,
1727 4659 1896 4729 ταχέα

296 4753 408 4811 σᾳς
437 4731 789 4811 «purgando»
807 4736 957 4811 ποιρᾴ
976 4741 1050 4808 τῷ
1064 4731 1282 4811 ¹Ροέανῷ
1302 4738 1539 4806 ποταμῷ,
1569 4734 1753 4786 castris
1785 4746 1900 4783 mu-

298 4805 439 4876 nitis
462 4803 872 4876 ad_llhodanum
886 4803 1112 4876 'Ilumcn.
1139 4803 1308 4876 Fasti.

382 4875 472 4930 10.
515 4874 615 4931 Ubi
660 4878 716 4930 in
770 4871 1210 4945 sesc'conﬂuunt.
1248 4874 1590 4929 Conﬂttvium
1641 4871 1788 4945 illud
1815 4881 1900 4928 est

303 4945 732 5020 post_Viennam
760 4949 826 5004 ad
859 4944 1213 5020 chataunos:
1263 4960 1371 5001 non
1407 4946 1595 5020 procul
1635 4959 1664 4999 a
1697 4944 1904 5020 Valeri:

301 5021 404 5073 tia.
439 5017 494 5073 ln
531 5020 725 5076 codice
752 5015 1138 5089 autem'Lugd.
1180 5017 1316 5089 Bat.
1337 5015 1420 5086 pr.
1453 5017 1651 5089 legitur
1675 5015 1896 5089 quidem

303 5089 498 5158 Isara,
527 5091 621 5147 sed
644 5087 1087 5160 superscribitur,
1132 5088 1416 5158 legendum
1445 5105 1566 5144 esse
1592 5087 1795 5142 Ararae.
1826 5088 1897 5160 At

299 5161 504 5217 ﬂuvius
537 5165 677 5218 Arar
706 5159 918 5234 longius
968 5164 1018 5217 in
1069 5162 1302 5234 Galliam
1348 5160 1578 5234 recedit,
1626 5159 1892 5234 atqueibi

293 5234 638 5288 conﬂuvinm
667 5229 1096 5291 cum'Rhodann
1122 5232 1251 5288 facit
1271 5231 1425 5303 juxta
1455 5232 1644 5288 urbem
1677 5229 1892 5298 Lugdu-

303 5322 463 5361 num.
513 5304 680 5361 Movit
720 5315 902 5361 autem
956 5304 1156 5361 Marius
1204 5321 1232 5356 a
1276 5302 1592 5359 ’eonlluente
1635 5303 1796 5357 lsarte
1845 5309 1898 5356 et

305 5376 559 5431 libodani
597 5392 787 5446 versus
824 5378 990 5446 Alpes
1017 5387 1072 5431 et
1094 5376 1324 5443 Italiam,
1358 5376 1618 5442 lio-tium,
1653 5374 1744 5442 qni
1775 5387 1894 5428 eam

299 5449 589 5517 petebant,
631 5443 799 5520 tergis
833 5443 1124 5520 itilnercns,
1170 5463 1342 5520 usque
1369 5445 1898 5520 aquqnasSextias

301 5515 427 5576 Sive
457 5515 743 5587 Sextilius:
769 5531 827 5575 ut
856 5519 1180 5576 Plutarchus
1210 5515 1392 5580 decet,
1444 5515 1630 5587 ibique
1670 5515 1894 5571 immani

301 5603 493 5661 strage
540 5593 750 5647 hostem
793 5592 1088 5661 superavit.
1134 5590 1308 5644 Verba
1352 5588 1625 5644 Plutarchi
1671 5597 1798 5642 sunt
1847 5589 1897 5641 in

301 5665 388 5720 Ila
401 5666 480 5718 rio
503 5679 557 5733 p.
586 5664 736 5737 4157:,
753 5665 902 5720 Οὕτω
932 5663 1010 5737 δὴ
1038 5664 1323 5737 προῐόνςτες,
1351 5664 1580 5737 ἐγένοντο
1623 5662 1755 5737 πρὸς·
1798 5667 1906 5737 τοῖς

303 5732 638 5809 animusaut;
685 5735 838 5809 ὕδασι
867 5732 1126 5809 Σεξτιλίαις
1147 5778 1160 5800 ,
1195 5732 1300 5809 ὅθεν
1342 5732 1444 5809 ἕδξι
1491 5732 1822 5809 πορευθέντας
1845 5733 1904 5784 οὐ

309 5802 494 5867 πώ).ήῦ
521 5808 656 5874 ὁδὸν,
687 5807 738 5863 ἐν
781 5815 891 5868 ταῖς
921 5805 1157 5863 ’Ἀλπεσιν
1198 5802 1342 5861 εἶναι.
1396 5805 1462 5859 In
1511 5802 1649 5857 hunc
1689 5804 1904 5856 modum

305 5881 516 5952 agmine
541 5884 704 5952 facta,
727 5880 795 5936 ad
816 5881 992 5950 Aquas
1021 5878 1291 5948 Sextilius,
1316 5894 1444 5948 quas
1467 5884 1669 5948 vocant,
1694 5884 1903 5930 uentum

2077 3301 2165 3354 ll.
2210 3298 2278 3352 In
2307 3297 2503 3371 wqiior.
2536 3299 2611 3354 Ita
2643 3301 2836 3356 Colon.
2868 3300 3104 3366 diserte;
3147 3297 3400 3371 quodque
3436 3297 3598 3372 hujus

2004 3370 2182 3424 locum
2225 3370 2545 3440 occupabat,
2595 3373 2650 3425 in
2680 3389 2856 3445 ecquos
2897 3389 3128 3445 campos.
3157 3370 3200 3445 _a
3234 3388 3380 3445 mera
3411 3370 3598 3441 gloSsa

2003 3445 2304 3511 protectum
2349 3450 2451 3498 est.
2499 3445 2668 3499 Laur.
2699 3442 2847 3498 —'-Id
2892 3442 3028 3498 sane
3058 3442 3597 3499 verissimum-com-

2003 3515 2139 3583 peri,
2172 3516 2302 3569 etin
2335 3515 2499 3568 nullis
2529 3529 2659 3575 mss.
2693 3515 2942 3570 Glossam
2979 3517 3117 3571 banc
3145 3523 3394 3578 exstare;
3419 3529 3597 3584 quor

2001 3585 2146 3640 enim
2173 3585 2260 3640 hic
2285 3601 2540 3654 campum
2567 3585 2789 3652 planum
2820 3585 3117 3654 signiﬁcat,
3151 3587 3365 3656 placido
3391 3586 3598 3654 a-qnnri

2001 3656 2278 3728 similem;
2309 3665 2499 3727 estque
2544 3656 2775 3711 imitatio
2810 3656 3100 3727 Virgiliana
3131 3660 3266 3712 satis
3305 3665 3494 3728 aperta
3525 3673 3591 3711 ex

2002 3728 2094 3784 lib.
2132 3743 2183 3782 tx
2212 3725 2436 3784 Aineidl
2465 3743 2605 3783 vers.
2642 3728 2713 3784 68
2745 3745 2760 3782 :

2127 3840 2233 3899 Oua
2257 3846 2424 3904 tentet
2445 3843 2637 3890 ratione
2664 3841 2840 3904 aditus,
2867 3847 2920 3892 et
2943 3854 3038 3904 qua
3064 3841 3140 3904 via
3162 3840 3356 3890 clausos

2125 3905 2352 3955 Excutiat
2370 3903 2593 3954 Teucros
2619 3903 2766 3963 vallo,
2792 3912 2943 3968 atque
2963 3903 3186 3953 effundat
3213 3905 3262 3952 tn
3283 3914 3473 3966 aequor.

2000 4007 2108 4064 Pro
2137 4005 2422 4074 effunderet
2452 4006 2699 4076 plerique
2735 4022 2866 4061 mss.
2899 4005 3100 4062 habent
3129 4006 3451 4078 refunderet.

2077 4082 2161 4134 l2.
2204 4080 2353 4148 Aqua
2382 4080 2450 4133 ad
2491 4079 2778 4150 potandum
2798 4080 3013 4150 deesset.
3056 4079 3180 4134 Ilaec
3217 4079 3398 4133 omnia
3431 4091 3595 4133 accu-

2001 4163 2119 4278 ξιιμ
2163 4151 2410 4206 simulet
2449 4150 2676 4221 copiose
2720 4167 2749 4204 a
2792 4149 3089 4207 Plutarcho
3129 4151 3396 4220 explicata
3442 4157 3595 4204 sunt.

2047 4239 2167 4277 ann.

2047 4239 2167 4277 ABR.

2075 4296 2161 4348 15.
2190 4295 2431 4351 Ducenta
2459 4292 2625 4348 millia
2653 4300 2840 4348 armat.
2869 4291 3016 4348 idem
3053 4307 3309 4348 numerus
3329 4305 3596 4346 cmsornm

2000 4377 2057 4424 et
2095 4376 2374 4436 captorum
2422 4377 2508 4420 est
2553 4364 2695 4435 apud
2742 4365 3078 4434 Eutropium.
3139 4365 3193 4418 Ιιι
3230 4362 3603 4436 EpitomaLi-

2000 4434 2173 4495 viana
2207 4454 2373 4494 vant
2414 4434 2598 4506 capta
2628 4439 2881 4492 dicuntur
2927 4437 3098 4491 millia
3139 4451 3226 4492 xc.
3273 4434 3600 4490 Plntarclms

1999 4513 2075 4566 ait
2121 4526 2386 4565 exesorum
2432 4519 2487 4563 et
2531 4519 2814 4578 captorum
2869 4508 3034 4562 fuisse
3096 4507 3330 4573 amplius
3380 4515 3600 4560 centum

2003 4581 2194 4638 millia.
2240 4581 2479 4638 Velleius
2508 4580 2741 4651 amplius
2782 4594 2848 4636 CL
2879 4580 3043 4635 millia
3074 4579 3298 4634 hostium
3343 4578 3604 4633 trucidata
3669 4585 3672 4587 λ

2001 4654 2188 4711 refert.
2224 4653 2390 4709 FABB.

2078 4724 2167 4780 14.
2207 4725 2308 4780 Via:
2346 4725 2448 4779 tria
2493 4723 2682 4778 millia.
2727 4723 2862 4780 Tres
2905 4721 3076 4794 Lugd.
3112 4721 3256 4778 Batt.
3298 4736 3422 4776 eum
3461 4720 3603 4778 Coll.

1999 4796 2242 4853 Gronov.
2274 4801 2360 4852 vix
2387 4806 2608 4860 quatuor
2631 4795 2816 4849 millia.

2075 4869 2166 4924 15.
2196 4866 2546 4923 Teutobodus.
2580 4866 2638 4921 ιιι
2669 4865 2990 4937 quibusdam
3029 4864 3266 4937 antiquis
3294 4873 3376 4918 est
3407 4862 3598 4937 Teutof

2002 4940 2187 5006 dobus,
2219 4941 2315 4994 sed
2351 4942 2402 4992 in
2437 4933 2701 5007 Eutropii'
2726 4938 2878 4994 libris
2922 4945 3007 4994 est
3061 4933 3410 5004 Teutobodus,
3454 4933 3597 5006 apud

2001 5009 2223 5066 Florum
2253 5007 2630 5064 Teutobochus.
2666 5009 2832 5066 FABR.

2075 5083 2180 5209 16.1
2206 5081 2454 5209 Ᾱέυιιετεε
2480 5095 2679 5136 eorum.
2725 5079 2869 5152 Lege
2903 5078 3178 5136 Valerium
3207 5077 3350 5134 Max.
3395 5075 3490 5133 lib.
3524 5090 3602 5145 vt,

2075 5171 2118 5209 n.
2195 5195 2208 5209 .
2279 5169 2401 5208 Αιιιι.

2000 5166 2118 5218 cap.
2157 5156 2208 5209 1.
2235 5156 2401 5209 Fam.

2076 5226 2162 5279 l7.
2201 5226 2367 5290 Quam
2395 5224 2440 5278 si
2471 5223 2728 5278 vicissent.
2770 5223 2886 5279 Non
2919 5225 3099 5294 placet
3125 5223 3242 5278 lucc
3267 5218 3469 5294 lectio;
3523 5228 3605 5272 ta-

2001 5311 2149 5363 men,
2176 5308 2234 5353 ut
2262 5297 2380 5352 sine
2411 5295 2604 5364 opibus
2631 5296 2878 5350 codicum
2909 5292 3175 5358 scribam,
3204 5294 3247 5347 si
3283 5292 3378 5364 uiri
3410 5299 3601 5364 essent,

2004 5383 2111 5496 ἴση
2155 5368 2348 5432 ausim,
2397 5362 2708 5438 priusquam
2764 5368 3002 5438 codices,
3055 5366 3308 5435 doctique
3344 5362 3598 5434 jubeant.

2050 5451 2188 5496 Λυτ.
3573 5453 3587 5466 ο

2050 5451 2188 5496 Λυτ.
3573 5453 3587 5466 ⁹

2079 5514 2166 5568 18.
2205 5511 2507 5583 Virginibus
2534 5511 2713 5566 sacris.
2745 5511 2800 5567 ld
2833 5523 2914 5566 cst
2946 5507 3276 5583 Vestalibus.
3312 5507 3369 5583 lr_t
3414 5505 3600 5583 Indice

2006 5592 2188 5639 autem
2217 5579 2578 5650 amplissimo,
2611 5585 2702 5655 qui
2755 5583 2899 5638 litori
2943 5579 3260 5655 melioribus
3297 5580 3604 5655 adnectitur

2006 5656 2129 5711 cdd.
2166 5655 2584 5727 reprelienditur
2614 5650 2855 5718 Orosius,
2889 5655 3062 5727 cujus,
3089 5651 3180 5727 vel
3206 5659 3358 5706 certe
3398 5650 3602 5727 librarii

2007 5721 2334 5801 incuria'aut
2362 5729 2592 5801 inscitia,
2626 5742 2814 5801 vocem
2844 5726 3123 5801 virginibus
3168 5723 3473 5801 importune
3505 5721 3601 5801 atl-

2006 5798 2174 5853 ditatn
2214 5809 2405 5854 auctor
2435 5800 2554 5869 ejus
2582 5798 2777 5869 Indicis
2803 5793 3103 5869 exisiimat,
3131 5796 3281 5864 quia,
3303 5793 3350 5849 si
3373 5793 3600 5869 vox__illa

2005 5869 2315 5941 inducatur,
2347 5863 2490 5928 idem
2516 5868 2694 5927 Ot'osii
2722 5876 2884 5941 atque
2911 5867 3059 5927 Flori
3097 5863 3170 5924 sit
3201 5881 3416 5925 sensus.
3455 5863 3605 5921 Flori
