4096 6350
476 176 597 323 .935

1901 233 2109 297 PAULI
2147 231 2374 298 OROSII

3689 239 3802 300 956

481 362 595 421 eris
633 373 698 417 ac
742 357 847 421 diis
876 356 1224 417 serviendum
1265 363 1435 427 esset,
1477 354 1645 411 vitam
1687 352 1791 410 sibi
1836 350 2684 423 reserva-Arentur(abscissis
2715 351 2860 410 enim
2906 366 3031 410 cum
3080 353 3232 412 crine
3273 358 3603 425 verticibus,
3637 359 3799 416 iulio-

483 463 628 513 reut.
653 454 839 525 Itaque
865 468 988 509 cum
1018 452 1184 523 petita
1212 466 1320 505 non
1350 447 1812 520 impetravissent,
1843 446 2084 514 parvulis

485 548 600 605 suis
628 547 695 603 ad
728 562 853 603 saxa
882 546 1105 612 collisis,
1136 553 1346 600 cuuet.e
1372 557 1495 599 sese
1521 541 1670 598 ferro
1696 555 1761 598 ac
1786 540 2085 613 suspendio

490 650 861 715 peremerunt.
916 642 957 674 ι’
1005 639 1130 695 lltec
1186 637 1254 693 de
1297 636 1569 708 'l‘igui'inis
1619 643 1675 689 et
1712 633 2085 692 Ambronibus

487 747 639 811 gesta
669 745 815 795 sunt.
837 734 1111 793 Teutones
1130 740 1309 787 autem
1334 739 1389 788 et
1408 728 1639 799 Cimbri,
1663 728 1889 802 integris
1912 730 2087 802 copiis

489 832 706 902 Alpium
733 826 1137 900 nivesIctnensi,
1154 824 1321 882 Italiae
1352 823 1568 894 plana’o
1585 832 1937 895 pervaserant
1958 822 2086 879 :ibi-

489 941 595 998 que
610 940 729 980 cum
753 922 917 996 33o
945 918 1174 991 rigidum
1201 930 1373 991 genus
1395 916 1489 972 diu
1514 914 1886 973 blandioribus
1911 915 2083 988 auris,

491 1011 720 1088 poculis,
766 1014 903 1071 cibis
931 1027 995 1069 ac
1028 1012 1261 1067 lavacris
1288 1009 1646 1077 emolliretur,
1682 1008 1880 1065 Marius
1924 1009 2087 1080 quin-

491 1119 605 1168 tum
631 1108 815 1166 consul
841 1106 1130 1167 ctCatulus
1145 1104 1433 1161 adversum
1458 1118 1551 1160 eos
1574 1101 1748 1171 missi,
1782 1103 1871 1159 die
1896 1102 1961 1158 ad
1989 1119 2089 1176 pu-

492 1218 653 1274 gnam
686 1210 738 1257 et
770 1214 962 1271 campo
990 1198 1140 1269 dato,
1174 1199 1217 1231 ¹¹
1247 1196 1534 1253 Annibalis
1561 1195 1733 1253 secuti
1785 1195 2088 1267 ingenium,

491 1296 545 1352 in
594 1295 792 1352 nebula
838 1293 1157 1366 disposuere
1182 1307 1445 1365 pugnam,
1492 1290 1545 1346 in
1594 1289 1708 1347 sole
1756 1297 2088 1363 pugnarunt.

494 1391 674 1448 Prima
705 1388 973 1462 siquidem
1006 1385 1340 1461 perturbatio
1360 1383 1638 1441 Gallorum
1661 1382 1783 1452 fuit,
1807 1382 1950 1456 quod
1978 1383 2091 1439 Ro-

496 1497 713 1538 manam
754 1480 927 1536 aciem
957 1478 1105 1549 prius
1133 1476 1412 1534 otl‘endere
1435 1476 1774 1548 dispositam,
1808 1491 1969 1548 quam
2000 1475 2095 1534 ad-

492 1590 613 1632 esse
641 1579 954 1631 senserunt.
986 1571 1231 1643 Cumque
1274 1569 1424 1625 illico
1460 1569 1727 1626 vulnerati
1763 1568 1974 1641 equites
2008 1583 2095 1625 re-

496 1678 578 1724 tro
634 1668 687 1723 in
727 1682 857 1725 suos
904 1672 1250 1736 cogerentur,
1299 1671 1575 1734 totamque
1616 1661 2016 1719 multitudinem
2046 1663 2092 1695 “

2186 454 2342 502 nesto
2370 446 2500 501 satis
2528 446 2751 504 vulnere
2785 457 2971 521 turpes
2999 448 3469 526 relinquebantur)
3500 457 3545 488 ὀ
3576 453 3787 513 ferrum

2185 540 2329 612 quod
2354 541 2405 597 in
2435 540 2619 597 hostes
2650 552 3018 615 sumpserant,
3052 545 3104 599 in
3132 560 3192 601 se
3219 561 3456 621 suosque
3484 556 3795 606 verterunt.

2186 637 2429 709 Namque
2470 639 2594 695 alia:
2632 655 2904 698 concursu
2943 652 3132 699 mutuo
3157 644 3201 676 ³⁰
3224 643 3510 718 jugulatae,
3545 648 3667 705 alia:
3694 664 3798 721 ap-

2188 730 2473 802 prehensis
2495 731 2723 788 invicem
2750 732 2994 792 faucibus
3024 738 3400 813 strangulata},
3426 740 3547 797 alia:
3571 741 3798 799 funibus

2189 840 2286 895 per
2314 841 2573 896 equorum
2599 842 2756 882 crura
2779 829 3067 899 consertis,
3096 822 3333 905 ipsisque
3356 833 3615 890 continuo
3636 836 3797 908 equis

2187 917 2539 989 extimuistis,
2576 928 2858 991 postquam
2910 936 3036 979 suas
3078 922 3273 980 iisdem
3315 923 3554 995 funibus,
3590 927 3798 998 quibus

2189 1027 2455 1100 equorum
2477 1028 2634 1070 crura
2679 1025 2999 1084 nexuerant,
3051 1017 3295 1075 indidere
3338 1019 3613 1090 cervices,
3669 1036 3802 1092 pro-

2192 1114 2375 1165 tractae
2392 1115 2553 1179 atque
2569 1107 2888 1165 exanimatre
2905 1120 3051 1180 sunt,
3071 1110 3192 1167 alia:
3209 1111 3402 1184 laqueo
3420 1113 3463 1145 ³¹
3503 1113 3572 1170 de
3601 1114 3799 1170 subre-

2191 1184 2294 1253 ctis
2343 1199 2705 1271 plaustrorum
2745 1200 3051 1258 temonibus
3080 1204 3477 1276 pependerunt.
3506 1206 3551 1239 ³²
3573 1207 3802 1264 Inventa

2192 1291 2351 1366 331
2377 1301 2457 1349 est
2478 1294 2639 1353 etiam
2661 1295 2931 1367 quasdam,
2957 1312 3077 1370 qua:
3095 1297 3232 1355 duos
3254 1298 3413 1367 ﬁlios,
3436 1300 3680 1373 trajeCtis
3700 1318 3802 1374 per

2191 1385 2332 1442 colla
2360 1402 2547 1444 eorum
2578 1387 2805 1461 laqueis,
2837 1389 2904 1445 ad
2935 1405 3064 1446 suos
3095 1391 3261 1463 pedes
3284 1393 3563 1450 vinxerit:
3590 1404 3797 1452 etcum

2195 1479 2444 1551 seipsam
2474 1482 2767 1551 suspendio
2804 1482 3122 1539 morituram
3155 1483 3201 1516 ³³
3240 1484 3560 1555 dimisisset,
3602 1502 3799 1545 secum

2197 1571 2425 1626 traxerit
2466 1572 2812 1630 occidendos.
2845 1573 2991 1630 luter
3027 1574 3141 1633 lucc
3170 1576 3338 1632 multa
3367 1588 3422 1632 et
3451 1578 3797 1637 miserabilia

2200 1665 2390 1720 mortis
2415 1681 2638 1737 genera,
2664 1666 2833 1739 reguli
2877 1682 3096 1741 quoque
3132 1668 3241 1725 duo
3270 1669 3476 1727 strictis
3502 1671 3555 1727 in
3584 1688 3647 1733 se
3676 1672 3802 1746 gla-

496 1757 822 1830 iudisposite
863 1755 1037 1812 adhuc
1080 1754 1465 1810 adventantem
1506 1752 1916 1823 conturbareut,
1962 1753 2009 1786 ”
2038 1761 2093 1811 et
2124 1766 2171 1831 Β
2200 1758 2301 1815 diis
2329 1762 2675 1819 c0ncurrisse
2702 1760 3035 1819 referuntur.
3071 1762 3116 1795 “
3137 1763 3341 1836 Lugius
3374 1776 3426 1823 et
3456 1766 3679 1835 Boiorix
3713 1783 3807 1824 re-

498 1851 582 1908 sol
613 1866 736 1908 cum
763 1858 927 1906 vento
964 1848 1010 1881 ’⁸
1036 1857 1187 1905 ortus
1217 1862 1285 1904 ex
1314 1845 1543 1903 adverso
1573 1847 1906 1916 emicuisset,
1943 1845 2091 1905 visus

494 1960 684 2002 eorum
714 1944 891 2016 pulvis
932 1944 980 1976 ’³
1008 1942 1244 2023 cpplevit
1287 1952 1341 2000 et
1381 1939 1642 2012 Splendor
1673 1928 1972 2023 hebetavit,
2017 1941 2091 1997 ita

490 2037 691 2094 factum
717 2044 822 2105 est,
854 2048 913 2093 ut
936 2047 1081 2093 tanta
1116 2052 1177 2093 ac
1209 2047 1315 2093 tam
1350 2035 1605 2093 terribilis
1636 2034 1946 2102 multitudo,
1991 2036 2093 2091 mi-

495 2133 639 2189 nima
670 2133 1037 2189 Romanorum
1065 2131 1241 2197 clade,
1271 2147 1368 2189 sua
1406 2141 1589 2188 autem
1624 2132 1809 2188 ultima
1851 2132 2092 2190 interne-

492 2226 648 2283 cione
677 2226 998 2283 czederctur.
1051 2227 1275 2282 Centum
1316 2225 1670 2299 quadraginta
1701 2227 1867 2283 millia
1898 2243 2088 2285 eorum

496 2330 622 2377 time
647 2319 699 2376 iu
740 2321 884 2377 bello
912 2334 1076 2386 caesa;
1105 2320 1153 2354 "
1196 2321 1470 2393 sexaginta
1502 2319 1670 2376 millia
1702 2329 1857 2392 capta
1897 2321 2089 2379 dicun-

495 2424 600 2467 tur.
657 2412 905 2468 Mulieres
945 2412 1247 2485 graviorem
1292 2427 1428 2484 pene
1474 2414 1782 2470 excitavere
1826 2430 2117 2487 pugnam,

396 2568 399 2571 ,
492 2510 535 2541 ³⁷
560 2524 678 2580 que
709 2506 959 2580 plaustris
990 2505 1045 2562 in
1076 2505 1292 2562 modum
1322 2516 1624 2578 castrorum
1652 2504 1698 2539 "‘
1728 2508 2089 2566 circumstru-

490 2604 614 2670 ctis,
644 2601 773 2674 ipsae
793 2610 973 2656 autem
1001 2600 1234 2672 desuper
1256 2609 1679 2672 propugnantes,
1715 2601 1808 2657 diu
1833 2603 2089 2674 repulere

494 2692 792 2753 Romanos.
828 2694 935 2755 Sed
966 2710 1090 2753 cum
1121 2694 1189 2751 ab
1214 2693 1295 2751 his
1327 2709 1472 2781 novo
1499 2694 1663 2752 caedis
1687 2711 1889 2771 genere
1920 2707 2090 2756 terre-

2197 1868 2294 1926 ges
2335 1852 2389 1910 in
2417 1853 2535 1919 acie
2577 1853 2913 1912 ceciderunt.
2955 1855 3001 1889 ³⁸
3045 1856 3333 1915 Claodieus
3378 1869 3432 1914 et
3472 1858 3519 1891 ⁸⁸
3565 1858 3805 1917 Cesorix

2196 1947 2336 2018 capti
2369 1955 2516 2002 sunt.
2544 1946 2618 2004 Ita
2644 1947 2697 2003 in
2727 1946 2814 2004 his
2836 1947 3050 2006 duobus
3074 1950 3276 2022 prmliis
3300 1961 3540 2009 trecenta
3564 1953 3807 2024 quadra-

2196 2044 2344 2111 ginta
2378 2041 2543 2098 millia
2588 2040 2869 2105 Gallorum
2900 2045 3106 2114 occisa,
3140 2053 3195 2103 et
3232 2046 3279 2079 ⁸⁷
3306 2056 3522 2103 centum
3568 2049 3805 2119 quadra-

2193 2136 2340 2207 ginta
2371 2136 2536 2192 millia
2564 2146 2720 2209 capta
2751 2148 2899 2209 sunt,
2934 2139 3143 2211 absque
3180 2140 3463 2198 innumera
3507 2142 3804 2199 mulierum

2195 2230 2570 2300 multitudine,
2603 2248 2725 2303 qua:
2754 2247 2814 2288 se
2854 2248 3090 2304 suosque
3134 2234 3397 2305 parvulos
3429 2234 3667 2307 femineo
3714 2236 3805 2293 fu-

2197 2339 2343 2393 rore,
2376 2324 2425 2379 vi
2453 2334 2636 2380 autem
2666 2325 2804 2381 virili
2847 2337 3196 2382 necaverunt.
3228 2328 3401 2399 Igitur
3442 2328 3606 2384 talem
3646 2327 3803 2384 Marii

2201 2419 2533 2492 triumphum
2565 2420 2973 2495 Romanamque
3003 2422 3288 2478 victoriam
3319 2423 3641 2479 incredibile
3667 2423 3804 2480 faci-

2165 2530 2321 2580 -nus,
2353 2526 2406 2571 et
2451 2529 2743 2585 numquam
2785 2523 2941 2572 antea
2987 2514 3247 2574 Romanis
3277 2516 3577 2589 cognitum,
3610 2515 3804 2573 Romae

2198 2609 2378 2666 subito
2409 2619 2806 2683 perpetratum,
2837 2625 2995 2666 versa
3024 2610 3076 2666 in
3107 2610 3390 2668 horrorem
3414 2626 3477 2667 ac
3502 2626 3802 2669 maerorem

2199 2702 2247 2737 ³⁸
2278 2715 2388 2760 tcta
2416 2703 2584 2775 Urbe,
2617 2705 2871 2762 fuscavit.
2903 2704 2946 2741 ⁸³
2971 2704 3245 2762 Publicius
3272 2705 3540 2781 siquidem
3574 2704 3804 2763 Malleo—

1777 2812 2236 2876 llAVERCAMPI
2273 2820 2505 2881 NOTJE.

489 2939 650 2996 verba
679 2944 805 2994 sunt
828 2935 926 2991 ιιι».
960 2950 1040 2993 ιιι.
1070 2948 1191 3004 cap.
1220 2933 1257 2989 5
1286 2950 1300 2989 :
1330 2931 1494 2999 Nam,
1523 2947 1640 2986 cum
1668 2931 1828 2987 missa
1857 2932 1927 2987 ad
1966 2931 2082 2988 Ma-

494 3015 626 3068 rium
672 3009 949 3082 legatione,
980 3007 1265 3082 libertatem
1295 3022 1358 3059 ac
1400 3004 1747 3082 SRCCTdOIlttllt
1784 3021 1893 3082 non
1921 3007 2085 3082 impe-

494 3075 740 3149 trassent,
768 3091 876 3136 etc.
901 3078 1008 3138 Sed
1030 3079 1113 3133 vir
1134 3076 1458 3149 doctuinou
1489 3075 1717 3129 attendit
1743 3076 1811 3132 ad
1842 3077 1930 3132 illa
1963 3076 2081 3132 Val.

495 3147 847 3212 Maximilih.
890 3167 968 3221 VI,
1014 3164 1136 3220 cap.
1178 3150 1251 3205 '5:
1296 3147 1641 3221 Tertianarum
1679 3163 1798 3221 uero
1837 3151 2084 3221 coujuges

499 3225 726 3281 Marium
754 3219 996 3281 victorem
1021 3219 1265 3285 orarum,
1297 3219 1361 3274 ab
1392 3237 1449 3275 eo
1482 3229 1535 3273 ut
1583 3219 1860 3289 uirginibus
1894 3219 2082 3274 Vesta-

495 3299 629 3352 libus
659 3295 796 3350 douo
826 3296 1167 3357 mitterentur,
1203 3293 1548 3365 afﬁrmantes,
1578 3302 1723 3365 teque
1747 3306 1801 3344 se
1826 3301 1989 3365 atque
2013 3293 2082 3345 il-

498 3370 576 3424 las
602 3367 762 3422 virilis
792 3366 1090 3437 concubitus
1108 3352 1356 3437 asperitas
1370 3352 1596 3437 futuras.
1633 3352 1696 3417 Et
1738 3376 1839 3437 ego
1868 3352 2085 3437 quidem
2115 3352 2162 3416 C

499 3437 797 3511 posteriora
855 3436 970 3511 hmc
1016 3432 1620 3511 petivisse_Cimbrieas
1678 3432 1936 3511 mulieres
1979 3434 2092 3511 exi:

500 3503 686 3573 stimo,
738 3524 842 3567 non
892 3503 1065 3583 ipsum
1110 3508 1496 3583 sacerdotium,
1529 3505 1763 3583 absurda
1820 3503 2093 3575 ejusmodi

498 3584 856 3652 postulantes,
889 3577 1006 3646 s'cd,
1045 3588 1105 3635 ut
1142 3579 1352 3634 famula:
1384 3577 1676 3635 Vestalium
1694 3584 1873 3652 atque
1908 3590 2094 3652 sacro-

497 3647 619 3711 rum
649 3647 853 3718 essent,
882 3652 1126 3722 adeoque
1149 3666 1212 3706 ea
1243 3666 1362 3722 qua;
1387 3659 1541 3722 erant
1579 3660 1632 3704 et
1655 3648 1812 3722 victis
1834 3657 1888 3709 et
1916 3647 2093 3703 victo-

500 3727 650 3783 ribus
680 3723 997 3781 tolerabilia.
1032 3719 1169 3778 Edd.
1199 3719 1445 3789 quaedam
1487 3720 1631 3777 Vett.
1666 3720 1740 3775 ita
1772 3719 1979 3786 legunt,
2004 3735 2097 3787 pe-

503 3801 691 3854 tierunt
738 3815 773 3854 a
818 3796 1046 3857 consule,
1100 3804 1154 3849 ut
1204 3793 1452 3849 inuiolata
1496 3792 1757 3863 castitate,
1811 3790 2093 3863 virginibus

497 3872 662 3926 sacris
699 3868 991 3943 ministrare
1016 3868 1105 3943 fas
1132 3876 1284 3943 esset,
1315 3881 1414 3934 quo
1442 3865 1597 3943 vitam
1625 3862 1722 3919 sibi
1751 3862 2091 3920 reseruarem.

502 3943 606 3999 Sed
633 3957 765 3998 mss.
796 3936 1061 4006 vulgatam
1093 3939 1382 3993 lectionem
1418 3936 1673 4005 probant.

574 4016 664 4074 19.
702 4013 830 4070 Ηανο
856 4004 926 4085 (Ιὲῄ
950 4008 1210 4085 Tigurinis
1236 4018 1283 4063 et
1319 4004 1683 4085 Ambrouibus.
1721 4004 1937 4085 Livius,
1970 4004 2096 4085 Flo-

502 4102 595 4143 rus
614 4094 667 4143 et
697 4077 1304 4142 Plutarchus'Teutonas
1334 4094 1456 4134 cum
1480 4078 1843 4134 Ambronihus
1866 4077 2097 4146 conjun-

545 4167 655 4225 unt,
680 4169 937 4230 eosquea
964 4153 1131 4230 alario
1156 4167 1327 4230 exesos
1365 4152 1430 4230 ad
1458 4151 1642 4230 Aquas
1680 4148 2096 4230 Sextias_,__Cim.

548 4222 848 4287 'os'vero'a
878 4225 1045 4281 Mario
1076 4233 1131 4278 ct
1170 4224 1360 4281 Catulo
1388 4222 1439 4277 in
1479 4223 1628 4278 ltalia
1657 4224 1848 4293 victos,
1878 4222 2097 4293 fl‘iguri-

502 4317 638 4376 nos.
686 4296 1043 4376 qui_Noricas
1082 4294 1245 4367 Alpes
1291 4294 1635 4364 insederant,
1683 4291 1810 4368 fuga
1859 4291 2097 4365 dilapsos

506 4372 747 4433 traduni.
776 4372 941 4431 FABtt.

571 4445 665 4501 ΞΟ.
704 4443 1060 4515 Peruaseraut.
1098 4437 1193 4495 Sic
1217 4451 1348 4492 mss.
1383 4451 1611 4493 numero
1639 4437 1847 4509 plures,
1888 4436 2092 4515 legunt,

500 4526 561 4575 ut
589 4527 646 4573 et
666 4515 753 4581 ed.
783 4515 920 4581 Aug.
954 4511 1080 4577 Alii,
1114 4520 1463 4580 perunxerunt.

589 4530 646 4573 et
666 4530 753 4581 ea.
783 4530 863 4571 Au
908 4552 920 4566 .
954 4530 1080 4577 At",
1114 4530 1463 4580 pertraxerunt.

575 4587 668 4643 21.
722 4530 990 4643 Annigalis
1039 4581 1199 4638 secuti
1253 4582 1534 4653 ingenium.
1591 4580 1728 4638 Vide
1774 4579 2093 4640 Frontinum

502 4659 600 4717 lib.
627 4676 683 4725 ιι,
716 4674 834 4731 cap.
868 4659 923 4717 2.
949 4654 1117 4731 Esau.

573 4722 677 4787 22.7
716 4722 1034 4800 Iu'disposite
1072 4724 1263 4800 adhuc
1289 4724 1670 4800 adventantem.
1722 4722 1861 4800 Tres
1914 4726 2088 4800 Lugd,
2118 4735 2174 4798 Ι)
2198 4734 2300 4790 τετε,

503 4804 647 4862 Batt.
678 4811 735 4861 et
759 4796 900 4861 Coll.
945 4797 1207 4868 Granum,
1247 4798 1606 4871 indispositam
1635 4806 1683 4853 et
1710 4796 1882 4854 adhuc
1906 4796 2098 4855 adcin-

501 4885 787 5006 ιωἕέἓοί
814 4960 931 5000 cum
952 4952 1099 5016 uento
1126 4952 1292 4998 ortus.
1326 4941 1399 5007 De
1420 4941 1520 4999 hac
1545 4957 1609 5016 re
1634 4939 1976 5016 Plutarchus,
2005 4945 2098 5016 qui

500 5021 691 5089 scribit
727 5034 852 5079 cum
879 5014 1113 5077 Cimbris
1144 5022 1436 5089 pugnatum
1476 5031 1528 5072 a.
1579 5012 1637 5071 d.
1678 5029 1736 5071 ιιι
1780 5012 1847 5071 Κ.
1901 5012 2095 5073 Sextil.

500 5088 667 5221 “$2..
703 5163 879 5237 Ortus,
921 5159 1096 5234 Lugd.
1144 5161 1261 5223 Bat.
1298 5167 1420 5223 tert.
1445 5202 1460 5229 ,
1491 5174 1612 5216 eum
1652 5156 1793 5216 Coll.
1831 5157 2095 5230 Gronov.,

501 5249 731 5294 exortus.
1362 5285 1370 5293 .

498 5310 507 5318 '
569 5308 661 5365 23.
698 5308 955 5381 Opplevit.
984 5308 1130 5365 Flor.
1159 5322 1269 5379 pr.,
1304 5305 1555 5377 implevit.

506 5426 521 5438 .
568 5381 659 5437 ‘26.
705 5374 980 5438 Li'nzilliu
1008 5374 1181 5452 capta:
1228 5393 1319 5443 1.x,
1369 5374 1609 5452 non__x1.,
1658 5384 1743 5452 est
1781 5374 1834 5430 in
1857 5375 2092 5452 vetustis

496 5453 699 5509 nostris
727 5471 739 5510 ;
770 5455 899 5510 item
938 5447 1080 5520 apud
1124 5450 1337 5507 Livium
1384 5463 1437 5504 ct
1483 5447 1823 5518 Eutropium.
1857 5447 2088 5515 Plutar.,

496 5525 887 5602 ζώωσαντύπέρ
925 5525 977 5592 ἒξ
999 5520 1281 5602 μυριάδας,
1309 5522 1591 5602 εαρεὶέιιῖιῑ
1620 5534 1781 5602 supra
1810 5534 1877 5574 ιιι
1904 5520 2085 5602 millia.

496 5548 887 5602 εαλωσαννυπερ
925 5548 977 5592 ες
1042 5548 1281 5601 υριαοας,
1309 5548 1450 5594 cup”
1474 5548 1590 5572 cum
1620 5548 1781 5588 οιιμιιι
1810 5548 1877 5574 LL
1905 5548 2085 5576 multa.

496 5595 662 5673 Fann.
695 5627 766 5639 —-
788 5599 963 5673 Lugd.
996 5548 1136 5652 ἤδη.
1169 5606 1277 5649 tres
1300 5607 1422 5650 cum
1453 5589 1593 5649 Coll.
1626 5590 1866 5673 Gronov.
1895 5600 2092 5663 augent

498 5668 566 5724 ad
594 5685 699 5724 ex:
731 5668 917 5724 millia.
1702 5722 1711 5727 -

524 5739 655 5859 (9.7.
709 5740 839 5807 Qua:
869 5739 1140 5815 plaustris.
1182 5736 1326 5797 Edit.
1368 5737 1628 5811 August,
1674 5750 1892 5806 namque
1934 5734 2089 5810 plau-

494 5828 519 5862 δ
544 5828 635 5864 TIS.
934 5858 937 5864 .
1068 5856 1071 5861 .

2262 2937 2354 2995 28.
2382 2938 2820 2995 Circumstructis.
2856 2938 2933 2997 tta
2972 2939 3235 3009 scriptum
3269 2939 3323 2995 in
3349 2941 3602 2997 omnibus
3630 2942 3796 2998 codd.

2193 3024 2325 3084 mss.
2380 3011 2581 3084 iuveni.
2633 3012 2725 3067 Sic
2763 3026 2978 3084 quoque
3004 3012 3218 3081 malunt
3254 3010 3382 3068 cdd.
3416 3022 3553 3069 vett.
3596 3016 3802 3070 circum

2190 3081 2458 3138 instructis
2494 3082 2652 3152 vulgo
2680 3081 2901 3152 legitur.

2214 3173 2224 3180 -
2260 3152 2353 3230 29.
2405 3153 2649 3230 Ferrum.
2681 3154 2818 3230 E_t_ld.
2856 3155 3197 3230 Fabriciame
3235 3155 3396 3230 ferro.
3426 3172 3565 3230 qua:
3611 3158 3801 3230 inepta

2192 3225 2353 3281 lcetio
2379 3241 2598 3296 quoque
2628 3228 2682 3281 in
2714 3227 2845 3281 llitt.
2873 3237 2927 3283 et
2954 3228 3232 3294 Bolsuing.
3259 3225 3551 3284 invenitur.

2263 3297 2352 3372 §Q.
2383 3297 2671 3372 {ugulatah
2699 3298 2819 3372 Ed;
2840 3298 3001 3372 Aug"
3025 3299 3289 3372 jugulato:
3307 3309 3446 3372 sunt.

2263 3367 2353 3425 51.
2386 3366 2912 3443 Ηὸδιιὺι-εειὶε.ϐοά.
2940 3366 3211 3443 reman
3243 3370 3593 3443 desubiectis.
3620 3372 3797 3443 Lugd.

2196 3438 2340 3515 Ba_tt_.
2372 3457 2455 3515 pr.
2483 3447 2538 3495 et
2562 3449 2712 3505 tert.,
2736 3442 2956 3515 desuper
2998 3442 3197 3515 erectis.
3227 3438 3455 3515 Vulgata
3483 3444 3650 3512 proba
3688 3438 3796 3499 est.

2226 3570 2231 3575 ,
2265 3511 2381 3566 52.
2408 3511 2627 3567 Inventa
2675 3523 2751 3569 est
2793 3511 2946 3568 etiam
2984 3514 3255 3579 qmrdam.‘
3296 3511 3369 3568 De
3411 3515 3511 3568 hac
3565 3515 3799 3572 muliere

2196 3582 2553 3665 Plutarchus;
2572 3588 2700 3665 Μίοςν
2728 3584 2783 3642 δέ
2814 3608 2961 3661 φασιν
2988 3588 3041 3653 ἑξ
3067 3586 3222 3665 ᾲκροῦ
3247 3586 3407 3665 ῥυμῷ
3433 3589 3792 3665 {pepugi-mu)

2195 3656 2263 3712 τὰ
2278 3655 2463 3738 fraudi.“
2489 3662 2595 3738 τῷτί
2615 3658 2783 3738 αὐτῆς.
2820 3655 3029 3738 ἓτφυρῶχ
3070 3655 3339 3738 ἆᾳῖημμξένά
3364 3655 3798 3738 βρόχὸιξέκατέο

2196 3729 2355 3804 ρωθεν
2402 3729 2672 3802 ἠρτῆσθαι.
2729 3727 2896 3804 Ιειηρέι
2924 3727 2947 3784 ’ξ
2985 3727 3342 3804 armarunt»;
3365 3727 3690 3804 't'lcisummo
3721 3742 3795 3784 te-

2169 3798 2347 3875 .iuoue
2376 3798 2705 3875 suspensam,
2740 3798 2881 3875 ﬁlios
2917 3800 3131 3871 pedibus
3160 3802 3271 3875 ejus
3315 3801 3510 3875 laqueis
3547 3804 3797 3874 alligatos

2198 3869 2807 3942 utrintque'pepcudisse.
2845 3869 3005 3927 Faba.

2269 3944 2359 4000 '55.
2396 3942 2700 3998 llintisisset.
2726 3943 2871 3999 Malo
2889 3943 3192 4001 demisisset.

2270 4014 2359 4072 54.
2394 4013 2611 4085 Lugius.
2635 4013 2710 4069 lta
2732 4030 2927 4070 nomen
2948 4015 3048 4070 hoc
3070 4015 3175 4070 seri
3186 4026 3329 4084 ptum
3352 4016 3527 4073 inveni
3554 4016 3608 4071 in
3634 4016 3798 4072 codd.

2200 4086 2471 4158 Perizon.,
2504 4088 2641 4145 Meo.
2671 4096 2833 4158 atque
2864 4085 3031 4158 Lugd.
3051 4086 3167 4141 llat.
3197 4098 3407 4153 quarto,
3431 4090 3634 4143 editum
3663 4104 3805 4158 quo-

2198 4174 2304 4229 que
2328 4157 2401 4213 ita
2426 4160 2477 4214 in
2502 4158 2588 4214 ed.
2615 4158 2865 4229 Αιιειιςι.ν
2892 4157 3181 4214 οινὶιιειιιι*
3201 4159 3437 4215 barbaro
3468 4162 3640 4229 magis
3667 4157 3804 4216 con-

2198 4229 2383 4357 vgnlirtl:
2405 4247 2562 4356 qlutm
2590 4231 2889 4288 Romanun:
2921 4245 3118 4287 nomen
3149 4229 3365 4301 Lucius,
3397 4231 3541 4305 quod
3565 4233 3799 4305 vulgata:

2198 4318 2227 4357 e
2270 4320 2324 4356 ι.
2380 4318 2426 4356 ta
2468 4311 2584 4357 ent.
3118 4318 3125 4325 ί

2198 4311 2324 4357 cdtt.
2361 4311 2584 4358 habent.
3118 4318 3125 4325 ’

2271 4375 2360 4429 55.
2391 4373 2689 4429 Claodicus.
2719 4374 2993 4443 Scriptura
3026 4375 3141 4431 haec
3166 4381 3250 4430 est
3273 4375 3435 4431 trium
3462 4374 3623 4433 codd.
3664 4375 3801 4434 Flo-

2199 4453 2363 4501 rentt.
2416 4455 2471 4501 et
2510 4445 2651 4517 Ultr.
2704 4446 2758 4503 in
2800 4446 2919 4502 Meo
2948 4445 3145 4517 legitur
3190 4445 3519 4514 Claoclicus;
3550 4449 3602 4502 in
3644 4449 3799 4505 Peri-

2199 4532 2348 4577 zon..
2385 4515 2630 4573 Cludicus
2648 4536 2668 4589 ;
2699 4519 2752 4575 in
2785 4515 3304 4593 vulgg.,’Claudicus
3322 4536 3341 4587 ;
3372 4519 3425 4574 in
3466 4518 3640 4593 Lugd.
3671 4521 3796 4577 Bat.

2200 4604 2282 4644 nr.
2297 4631 2311 4644 .
2334 4588 2608 4644 Claudius.

2240 4606 2282 4644 Γ.
2297 4631 2311 4651 ,
2334 4605 2608 4647 uauatus.

2200 4604 2282 4660 pr.
2297 4631 2311 4651 ,
2334 4604 2608 4647 Claudius.

2232 4734 2245 4743 _
2272 4662 2363 4719 '56.
2395 4662 2627 4723 Cesorix.
2660 4661 2837 4738 Lugd.
2860 4661 2980 4719 Bat.
3009 4677 3097 4741 pr.
3126 4660 3421 4741 Cessotriz;
3447 4671 3599 4739 ιω,
3624 4664 3805 4743 Cesse-

2269 4805 2980 4894 57..C_entum“quadraqinta
3008 4806 3195 4862 millia.
3250 4807 3351 4894 Ed.
3393 4808 3559 4894 Aug.,
3589 4816 3802 4894 centum

2205 4878 2703 4956 sexagintaﬂmillia.
2743 4878 3231 4956 Occisorumnvcro
3275 4878 3508 4937 trecenta
3543 4882 3805 4956 quinqua-

2202 4946 2353 5024 ginta
2381 4951 2884 5024 uiilllianumeraut
2907 4950 3045 5024 edd.
3060 4946 3307 5009 Venetze.
3553 4946 3567 4952 ⁷
3683 4946 3695 4963 ’

2280 5020 2522 5101 δεμ-ιρι
2548 5021 2706 5101 Urbe.
2738 5022 2795 5078 lu
2825 5023 2994 5101 Lugd.
3029 5023 3167 5078 Batt.
3200 5038 3307 5095 pr.,
3330 5025 3543 5101 tert.:et
3566 5033 3801 5098 quarto,

2207 5101 2267 5149 ut
2296 5102 2349 5148 et
2381 5090 2522 5150 Coll.
2548 5093 2790 5151 Gronov.
2825 5090 3167 5150 desideratur
3189 5090 3315 5152 tota)

2276 5165 2368 5239 59.
2387 5163 2669 5239 ‘Poblicius
2694 5167 2949 5239 siquidem
2981 5164 3284 5239 Malleolus.
3318 5168 3396 5224 De
3422 5167 3528 5224 hoc
3559 5167 3805 5239 Poblicio

2207 5234 2532 5292 Corniﬁcius
2558 5238 2625 5293 ad
2661 5234 2987 5313 llerenuium
3020 5237 3120 5294 lib.
3153 5254 3191 5294 ι.
3219 5238 3502 5313 Malleolus
3523 5236 3804 5313 judicatus

2207 5317 2284 5363 cst
2306 5317 2521 5385 matrem
2542 5328 2774 5380 necasse,
2804 5311 2859 5385 ei,
2878 5310 3124 5385 damnato
3151 5311 3325 5385 statim
3352 5310 3586 5385 folliculo
3617 5311 3804 5385 lupino

2199 5397 2255 5435 os
2279 5379 2574 5455 obvolutum
2592 5392 2688 5455 est,
2713 5391 2759 5436 et
2781 5383 2935 5438 solea:
2955 5380 3142 5455 lignea?
3162 5379 3375 5455 pedibus
3406 5384 3636 5439 inducta:
3655 5379 3803 5453 sunt,

2197 5461 2246 5508 el
2274 5453 2329 5507 in
2351 5469 2609 5515 carcerem
2637 5454 2821 5509 ductus
2850 5463 2945 5509 est.
2978 5453 3076 5509 llic
3099 5453 3199 5509 fuit
3226 5470 3256 5511 e
3282 5456 3449 5512 nobili
3474 5455 3700 5515 familia.
3734 5470 3807 5511 ex

2198 5539 2300 5596 qua
2333 5523 2401 5578 Μ.
2447 5522 2713 5581 Pobliclus
2745 5524 3028 5581 Malleolus
3058 5528 3243 5582 consul
3280 5542 3424 5582 anno
3468 5526 3633 5583 Urbis
3674 5541 3803 5582 om

2200 5598 2250 5650 iu
2299 5596 2621 5665 Capitolinis
2687 5597 2866 5654 Fastis
2917 5598 3212 5653 invenitur.
3261 5600 3318 5655 In
3364 5596 3503 5654 Livii
3573 5601 3810 5655 vetustis

2197 5667 2605 5746 exemplaribus
2635 5679 2721 5746 est
2748 5671 2936 5740 etiam,
2968 5666 3233 5731 Publicius
3265 5668 3566 5743 Malleolus,
3601 5680 3661 5727 ut
3688 5679 3808 5746 tes-

2201 5750 2345 5797 tatur
2374 5740 2649 5812 Sigonius.
2682 5742 2849 5800 FABR.
