4096 6350
278 196 404 273 '957

1346 182 1825 267 uts'rontmun
1864 205 2070 265 LIBER
2110 205 2174 263 v.
2217 202 2370 262 cur.
2411 203 2575 262 xvu.

3486 207 3594 268 958

294 330 403 397 lus,
444 327 620 386 servis
668 324 1062 388 adnitentibus.
1110 329 1339 380 matrem
1388 337 1541 379 suam
1590 321 1880 379 interfecit.
1912 322 2333 393 Aspiraveru‘nt
2362 319 2635 402 Metellum
2683 302 3023 377 Numidicum
3064 321 3117 378 in
3171 320 3424 378 exsilium
3452 338 3588 394 qua-

295 425 595 480 Damnatus
624 418 925 494 parricidii,
968 418 1014 451 ⁸ο
1040 418 1359 489 insutusquc
1390 418 1441 472 in
1477 417 1711 473 culleum
1743 428 1797 473 ct
1839 417 1892 473 in

295 532 448 574 mare
484 515 761 588 projectus
789 523 873 570 est
905 532 917 567 :
962 512 1430 583 impleveruntque
1473 511 1698 565 Romani
1737 510 1782 541 “
1838 518 1895 565 et

293 613 505 666 facinus
539 619 596 666 et
639 623 877 680 ruinam,
912 606 959 640 δ’
988 604 1130 661 umlc
1160 613 1216 660 et
1242 605 1408 661 Solon
1433 603 1779 661 Atheniensis
1800 602 1896 659 de—

292 716 525 759 cernere
566 715 672 755 non
705 713 876 754 ausus
904 696 1102 764 fuerat,
1130 695 1260 751 dum
1290 694 1408 751 fieri
1445 709 1606 766 posse
1633 710 1740 748 non
1773 708 1896 750 cre-

294 795 432 850 didit
468 812 481 849 :
513 804 570 848 et
610 791 859 858 Romani,
909 790 999 861 qui
1038 803 1097 844 sc
1134 799 1286 844 ortos
1325 804 1354 842 a
1396 787 1629 845 Romulo
1668 786 1891 854 scirent,

293 889 459 943 etiam
505 885 609 941 hoc
648 884 764 940 fieri
796 898 958 957 posse
989 881 1379 955 iutelligentes,
1424 881 1751 955 supplicium
1780 881 1895 939 sin-

294 981 487 1052 gulare
515 986 849 1035 sanxerunt.

792 1115 955 1189 332
985 1113 1212 1171 CAPUT
1258 1112 1425 1169 xvu.

295 1233 376 1291 De
415 1234 614 1308 ingenti
662 1233 840 1308 Roma:
877 1235 1152 1308 seditione,
1189 1231 1489 1308 auctoribus
1533 1232 1595 1287 Ι..
1635 1218 1894 1307 Appuleio

523 1306 841 1375 Sutrnino,
872 1303 931 1360 C.
968 1304 1164 1372 Mario,
1197 1305 1493 1377 ueterisque
1525 1315 1660 1359 orla.

370 1446 387 1479 ⁸
413 1446 574 1500 Anno
596 1445 669 1499 ab
701 1442 846 1501 Urbe
871 1443 1089 1501 condita
1112 1459 1307 1515 nam,
1342 1452 1464 1512 post
1482 1443 1815 1500 Cimbricum
1839 1454 1893 1501 et

295 1541 655 1597 Teutonicum
689 1539 911 1605 bellum,
945 1553 998 1595 et
1034 1540 1282 1610 quintum
1329 1538 1482 1595 Marii
1527 1540 1890 1605 consulatmn,

294 1649 406 1705 quo
435 1640 607 1688 status
637 1632 847 1703 imperii
883 1631 1110 1687 Romani
1148 1631 1274 1701 jure
1300 1641 1657 1688 conservatus
1677 1630 1889 1702 judica-

1995 430 2229 487 cumque
2275 415 2324 472 vi
2372 429 2554 487 agere.
2590 414 2610 449 ⁷
2665 413 2763 470 Dic
2801 414 2967 482 dicta,
3026 431 3057 470 a
3104 416 3398 485 suppositis
3442 420 3591 487 ejus-

1994 508 2117 565 dem
2175 507 2420 565 facticiiis
2469 506 2742 579 judicibus
2790 523 2890 579 per
2937 508 3121 565 scelus
3165 509 3429 565 innocens
3471 511 3584 566 ule-

1996 602 2154 658 tellus
2203 601 2526 666 damnatus,
2578 600 2633 657 in
2700 600 2954 659 exsilium
3020 615 3145 658 cum
3205 600 3370 658 totius
3429 601 3589 660 Urbis

1994 696 2157 769 333
2223 695 2411 752 dolore
2460 694 2731 751 discessit.
2782 698 2819 747 κ.
2852 694 2997 751 Idem
3061 695 3385 753 Saturninus
3411 697 3578 752 Mem-

1997 790 2165 846 mium
2214 790 2391 845 virum
2443 802 2622 846 acrem
2666 798 2722 845 et
2767 789 3061 861 integrum,
3128 790 3245 846 ﬁeri
3303 791 3582 848 consulem

1995 883 2210 951 timens,
2238 890 2355 938 orta
2381 881 2562 937 subito
2592 881 2859 939 seditione
2876 882 3166 954 fugientem
3191 897 3286 954 per
3306 886 3327 918 °
3357 882 3417 947 Ρ.
3445 884 3582 939 Met-

1996 975 2132 1032 tium
2161 976 2449 1032 satellitem
2482 974 2703 1031 informi
2741 974 2931 1047 stipite
2978 966 3376 1032 comminutum
3418 976 3591 1037 inter-

1994 1070 2141 1126 fecit.
2186 1069 2472 1126 Frcmente
2510 1082 2608 1139 pro
2636 1068 2803 1125 tantis
2830 1068 3146 1140 reipublicae
3192 1068 3348 1125 malis
3397 1077 3591 1126 senatu

1996 1162 2298 1234 pepnloque
2322 1160 2590 1230 Romano,
2615 1161 2814 1219 Marius
2838 1163 3052 1230 consul,
3078 1161 3488 1219 accommodato
3516 1161 3585 1218 ad

1996 1268 2208 1328 tempus
2236 1256 2475 1328 ingenio,
2500 1256 2789 1311 consensui
2811 1257 3076 1313 bonorum
3106 1271 3228 1313 sese
3259 1257 3582 1326 immiscuit,

1922 1364 1925 1379 ι
1992 1358 2429 1419 commotamque
2457 1347 2669 1416 plebem
2699 1347 2807 1404 leni
2832 1347 3078 1404 oratione
3125 1347 3354 1407 sedavit.
3386 1348 3582 1405 Saturo

1994 1445 2154 1501 uinus
2185 1446 2230 1479 “
2275 1442 2567 1499 infamibus
2596 1443 2742 1498 ausis
2768 1442 3091 1499 concionem
3145 1443 3293 1498 dozni
3343 1459 3457 1498 sua:
3490 1442 3589 1498 lia-

1996 1537 2131 1602 buit,
2173 1536 2359 1608 ibique
2413 1537 2481 1590 ab
2533 1535 2656 1591 aliis
2702 1549 2833 1597 rex,
2875 1535 2945 1590 ab
2992 1535 3118 1591 aliis
3160 1535 3457 1606 imperator
3503 1542 3591 1592 est

1993 1631 2321 1700 appelfatus.
2378 1628 2601 1695 alarius,
2655 1626 3030 1697 manipulatim
3080 1627 3237 1697 plebe
3290 1626 3587 1697 descripta,

294 1734 406 1796 tur,
435 1735 592 1782 sexto
618 1724 909 1781 consulatu
939 1723 1185 1795 ejusdem
1212 1722 1274 1781 C.
1311 1723 1464 1791 Marii
1495 1724 1567 1780 ita
1600 1724 1893 1779 labefacta—
1926 1722 1972 1782 B
2000 1724 2039 1756 ¹¹
2074 1724 2306 1777 alterum
2357 1720 2638 1777 consulem
2665 1736 2790 1778 cum
2835 1719 3103 1791 praesidiis
3130 1719 3186 1776 in
3219 1721 3361 1776 colle
3397 1720 3587 1791 diSpo-

297 1828 383 1881 tus
408 1827 514 1883 est,
555 1826 617 1874 ut
646 1833 786 1889 pene
819 1833 990 1888 usque
1015 1818 1081 1873 ad
1111 1826 1418 1874 extremum
1449 1818 1705 1873 intestina
1736 1815 1895 1873 clade

296 1910 616 1967 conciderit.
660 1909 929 1967 Evolrcre
965 1925 1030 1965 ac
1071 1925 1392 1981 percurrere
1430 1908 1566 1966 mibi
1595 1907 1896 1966 discordia-

298 2021 421 2060 rum
438 2000 706 2075 ‘ambages
729 2012 785 2059 et
808 2003 1216 2061 inextricabiles
1243 2002 1570 2058 seditionum
1597 2015 1789 2058 causas
1814 2001 1897 2058 in-

297 2097 637 2155 commodum
670 2099 835 2157 simul
864 2114 930 2155 ac
961 2098 1185 2171 longum
1210 2097 1467 2153 videtur‘:
1497 2111 1629 2152 sane
1658 2096 1897 2153 breviter

297 2191 585 2247 strinxisse
608 2191 843 2246 sufficiat
873 2190 1021 2261 quod
1053 2190 1259 2259 primus
1287 2189 1352 2245 L.
1383 2187 1681 2260 Appuleius
1708 2187 1895 2247 Satur-

299 2288 459 2343 ninus
486 2286 702 2341 excitati
737 2285 998 2341 tumultus
1027 2293 1217 2342 auctor
1247 2284 1541 2351 exstiterit,
1573 2282 1643 2352 Q.
1680 2282 1896 2339 Metello

297 2379 602 2447 Numidico,
648 2380 769 2435 viro
807 2394 939 2436 sane
967 2379 1248 2449 primario,
1293 2380 1593 2434 acerrimus
1620 2375 1891 2445 inimicus,

299 2476 320 2506 '
349 2472 437 2544 qui
465 2488 589 2528 cum
618 2487 904 2529 censorem
933 2482 1176 2528 creatum
1222 2479 1556 2543 protractum
1588 2469 1770 2541 domo,
1817 2478 1898 2525 at-

298 2581 405 2638 que
438 2566 493 2621 in
519 2565 844 2631 Capitolium
876 2565 898 2598 ³
932 2564 1362 2636 eonfugientem,
1409 2572 1616 2620 armata
1655 2564 1897 2620 multitu-

299 2658 426 2714 dine
468 2657 703 2726 obsedit,
746 2658 889 2715 unde
932 2657 1176 2729 equitum
1228 2658 1599 2714 Romanorum
1654 2657 1899 2729 indigna-

301 2754 447 2811 tione
476 2752 724 2823 dejectus
761 2763 866 2818 cst,
912 2754 1145 2824 plurima
1183 2764 1313 2810 ante
1334 2752 1659 2825 Capitolium
1688 2752 1709 2784 "
1746 2752 1899 2809 cmde

299 2844 459 2900 facta.
494 2846 517 2877 ³
558 2844 627 2900 Α.
669 2845 896 2899 Nonium
948 2844 1149 2902 deimlc
1176 2887 1192 2911 ,
1246 2846 1662 2916 competitorem
1716 2861 1894 2916 suum,

299 2936 627 2992 Saturninus
648 2944 704 2992 et
738 2936 963 2994 Glaucia
991 2937 1181 2994 fraude
1205 2937 1267 2995 ο.
1298 2937 1454 2994 Marii
1481 2937 1720 2995 consulis
1749 2937 1896 2994 oeci-

299 3033 515 3091 derunt.
548 3031 925 3104 Subscquente
949 3048 1093 3088 anno
1120 3032 1324 3088 Marius
1353 3041 1565 3088 sextum
1596 3032 1812 3098 consul,
1841 3039 1899 3087 et

1997 1814 2127 1881 snit,
2156 1814 2272 1885 ipse
2299 1823 2485 1885 portas
2506 1813 2880 1870 communivit.
2912 1812 2966 1869 In
2997 1812 3115 1868 foro
3147 1812 3388 1883 praelium
3428 1828 3580 1868 com-

1999 1906 2224 1961 missum
2256 1913 2360 1961 est.
2408 1903 2737 1961 Saturninus
2766 1920 2796 1959 a
2840 1904 3098 1960 Marianis
3145 1906 3266 1959 fore
3294 1904 3504 1975 pulsus,
3538 1905 3592 1960 in

1996 1998 2323 2068 Capitolium
2354 1997 2619 2069 confugit.
2672 1997 2715 2037 ⁸³
2766 1996 2968 2057 Marius
3010 1996 3238 2063 fistulas.
3284 1997 3480 2068 quibus
3526 2011 3593 2052 eo

1996 2106 2132 2163 aqua
2164 2089 2553 2158 deducebatur,
2589 2088 2800 2145 incidit.
2833 2088 3043 2144 Bellum
3087 2088 3288 2145 deinde
3341 2090 3394 2145 in
3441 2090 3592 2147 aditu

1998 2180 2253 2255 Capitolii
2286 2181 2569 2237 horridum
2619 2183 2751 2241 satis
2780 2192 2961 2237 actum
2996 2193 3104 2247 est,
3149 2182 3305 2259 multi
3356 2182 3402 2216 "
3447 2184 3592 2239 circa

1997 2274 2274 2332 Saufeium
2326 2284 2383 2330 et
2419 2274 2772 2330 Saturninum
2818 2274 2971 2331 cmsi.
3014 2274 3366 2345 Saturninus,
3414 2275 3603 2347 palam

1995 2368 2305 2433 clamitans,
2335 2366 2562 2424 Marium
2593 2376 2875 2423 auctorem
2914 2381 3039 2423 esse
3067 2369 3313 2424 omnium
3355 2369 3594 2426 molitio-
3676 2414 3681 2419 .

1997 2474 2125 2518 nmn
2153 2477 2379 2517 suarum
2435 2469 2771 2519 contestatus
2798 2469 2901 2517 est.
2931 2461 3071 2521 Cum
3111 2471 3295 2517 autem
3347 2462 3463 2535 ipse
3488 2462 3590 2520 Sa-

1999 2554 2251 2611 turninus
2277 2562 2334 2611 et
2379 2553 2635 2611 Saufeius
2681 2563 2737 2611 et
2777 2555 3079 2622 Labienus,
3137 2564 3365 2626 cogente
3399 2557 3590 2623 Mario,

1999 2648 2045 2701 ει
2078 2649 2131 2704 in
2182 2647 2390 2704 curiam
2441 2648 2840 2719 confugissent,
2888 2664 2984 2719 per
3035 2649 3246 2720 equites
3293 2649 3589 2716 Romanos,

2000 2742 2240 2801 effractis
2281 2742 2509 2809 foribus,
2548 2742 2719 2799 occisi
2756 2742 2999 2799 suntuC.
3035 2742 3256 2813 Glaucia
3308 2752 3591 2800 extractus

2001 2837 2046 2871 ⁸⁸
2069 2851 2102 2893 e
2131 2836 2293 2891 domo
2315 2836 2552 2901 Claudii,
2583 2836 2882 2893 trucidatus
2903 2845 3009 2892 est.
3036 2838 3082 2871 “
3101 2836 3322 2906 Furius,
3344 2838 3591 2894 tribunus

2000 2930 2194 3000 plebis,
2223 2931 2363 2986 bona
2393 2930 2639 2986 omnium
2671 2928 2997 3000 publicanda
3026 2928 3290 2987 decrevit.
3343 2928 3443 2988 Gn.
3477 2930 3589 2986 Do-

2001 3025 2219 3095 labella,
2251 3024 2536 3081 Saturnini
2578 3024 2765 3092 frater,
2814 3039 2913 3095 per
2954 3023 3128 3080 forum
3177 3025 3453 3082 olitorium
3504 3025 3592 3080 fu.

299 3130 521 3189 Glaucia
556 3140 777 3204 praetor,
807 3141 861 3189 et
893 3132 1226 3191 Saturninus
1251 3130 1743 3203 ‘tribunusplebis
1773 3143 1906 3185 con-
1936 3120 1982 3183 C
2012 3125 2188 3191 giens,
2219 3135 2343 3178 cum
2392 3119 2459 3176 L.
2510 3119 2554 3159 ιτ
2604 3119 2846 3192 Geganio
2884 3118 3200 3178 interfectus
3252 3129 3359 3178 est.
3403 3121 3482 3178 lta
3504 3135 3594 3191 pte

1585 3242 2040 3304 llAV‘ERCAMPl
2082 3238 2313 3299 NOTAE.

365 3339 460 3396 40.
508 3338 825 3412 [nautasque
853 3342 907 3397 in
933 3342 1178 3399 culleum.
1214 3341 1288 3397 De
1318 3342 1419 3397 bac
1456 3357 1616 3412 pinna
1660 3339 1888 3408 parrici-

296 3410 487 3470 darum
515 3410 852 3484 Mediastinus
877 3428 929 3469 c.
959 3414 1013 3471 9.
1048 3414 1112 3468 D.
1141 3414 1210 3469 de
1241 3413 1358 3484 lege
1389 3410 1639 3483 Pompeia
1672 3414 1738 3467 de
1771 3428 1893 3483 par-

296 3483 799 3555 ricidiisLMeminit
828 3485 1026 3541 Cicero
1051 3502 1148 3555 pro
1177 3483 1381 3543 Roscio
1408 3485 1692 3545 Amerino.
1725 3484 1889 3541 Fann.

370 3555 460 3610 41.
506 3554 576 3630 Et
605 3556 807 3625 facinus
831 3565 881 3611 et
913 3554 1137 3630 panum.
1181 3561 1314 3613 Cum
1357 3556 1801 3630 coniunctionem
1837 3566 1894 3630 et

297 3636 546 3699 utroque
565 3628 685 3699 loco
708 3628 923 3696 ponant
945 3644 1075 3685 mss.
1101 3644 1220 3685 eam
1248 3638 1438 3685 contra
1468 3628 1652 3699 vulgg.
1684 3628 1889 3695 recepi.

367 3696 463 3753 49..
500 3696 651 3771 Unde
692 3708 738 3755 et
767 3699 954 3755 Solon.
997 3703 1203 3759 Sensus
1234 3710 1339 3764 est,
1383 3696 1745 3771 impleverunt
1784 3700 1895 3754 lio-

295 3771 444 3826 maui
464 3770 732 3842 etfacinus
747 3780 803 3826 et
825 3786 1039 3840 pinnam
1056 3772 1174 3842 ejus
1197 3774 1299 3837 rei,
1323 3772 1393 3831 de
1413 3770 1515 3841 qua
1538 3772 1726 3830 Solon.
1753 3779 1890 3837 etc.;

297 3842 437 3915 unde
464 3854 508 3896 et
541 3841 706 3899 Solon
736 3842 1000 3900 lt‘iorentt.
1032 3841 1195 3900 trimn
1236 3844 1575 3915 aliorumque
1607 3844 1892 3899 meliorum

297 3914 462 3971 codd.
495 3925 577 3968 est
607 3916 895 3982 scriptura,
928 3931 1050 3971 nam
1078 3917 1395 3985 conjumtio
1418 3925 1473 3971 ct
1494 3914 1555 3975 in
1576 3917 1756 3986 vulgg.
1782 3931 1889 3972 non

290 3995 596 4055 comparet.
641 3986 812 4056 Lugd.
848 3988 964 4041 Bat.
997 4002 1136 4054 sec.,
1183 3988 1320 4042 unde
1350 3988 1447 4043 hoc
1474 3997 1523 4047 et.
1565 3988 1769 4054 Solon;
1799 3988 1889 4043 ed.

291 4059 464 4129 Aug”
494 4058 631 4113 unde
659 4067 706 4114 et
738 4061 833 4114 hoc
878 4057 1066 4116 Solon.
1096 4060 1231 4117 Alia:
1265 4067 1398 4117 vett.
1451 4060 1567 4127 ed.,
1598 4059 1662 4113 de
1698 4075 1798 4129 qua
1837 4075 1894 4113 re

293 4127 489 4194 Solon,
522 4146 639 4199 qme
668 4130 851 4200 glossa
881 4139 968 4186 est
995 4132 1145 4191 vocis
1173 4133 1333 4188 unde.

367 4202 496 4256 Car.
531 4201 695 4257 XVll.
728 4233 799 4243 —
832 4203 881 4259 l.
911 4203 1062 4259 Anno
1090 4219 1281 4261 neum.
1328 4204 1523 4259 Sextus
1565 4201 1719 4259 Marii
1761 4217 1893 4258 con-

290 4271 505 4331 solatus
558 4289 626 4331 ex
668 4275 794 4331 aliis
827 4275 1136 4332 Annalibus
1179 4276 1327 4333 cadit
1372 4277 1424 4332 in
1468 4290 1666 4331 annum
1707 4289 1890 4332 noun.

290 4341 465 4401 Ρηιι.

366 4416 420 4471 2.
461 4417 560 4484 Qui
603 4434 720 4473 eum
747 4435 1028 4476 censorem.
1063 4419 1129 4488 Ω.
1162 4419 1414 4476 Metellus
1454 4432 1674 4483 censor,
1721 4418 1894 4474 Mario

290 4503 325 4553 γ
354 4490 603 4561 consule.
634 4490 988 4551 Saturninum
1011 4491 1381 4547 Tribunicium
1407 4491 1636 4552 notavit.
1658 4503 1893 4561 tumque

290 4574 324 4612 τι
371 4560 722 4618 multitudine
752 4563 972 4618 incitata
1003 4563 1352 4619 centumeliis
1389 4562 1614 4617 allectus
1646 4560 1765 4629 fuit,
1798 4560 1890 4618 Cio

290 4645 437 4720 Si???
466 4647 566 4720 Ιζξο
604 4632 817 4702 Sextio,
851 4633 1098 4693 Valerius
1138 4635 1235 4695 lib.
1262 4649 1341 4703 ix,
1362 4650 1484 4706 cap.
1516 4634 1572 4699 7,
1610 4634 1890 4706 Appianus
1916 4659 1969 4720 ι)
1994 4630 2152 4720 arron

289 4700 395 4761 lib.
414 4700 652 4763 nam.

365 4776 423 4851 ξ.
454 4774 866 4851 Confugientern.
896 4779 1029 4835 Mss.
1074 4786 1133 4836 et
1166 4778 1295 4835 edd.
1324 4778 1545 4850 quidam
1587 4777 1886 4851 fugientem.

364 4844 424 4900 4.
446 4847 600 4904 Crede
625 4844 786 4921 facta.
810 4850 983 4920 Lugd.
1012 4865 1128 4907 see.
1154 4860 1212 4908 et
1247 4844 1403 4917 teri,
1432 4865 1558 4907 cum
1584 4844 1725 4909 C6".
1752 4848 1889 4906 Gru-

290 4933 449 4986 nov.,
477 4922 641 4977 credes
670 4933 812 4989 acta,
842 4921 1231 4980 subintellecto
1259 4932 1357 4978 est.

368 4992 425 5064 β.
458 4992 503 5047 Δ
547 4991 804 5049 Nonium.
846 4992 927 5050 alta
966 4994 1179 5064 scripsi.
1226 5009 1350 5051 cum
1399 4992 1453 5048 in
1498 4990 1888 5061 manuscriptis

288 5061 619 5133 quibusdam
650 5067 966 5132 Annoaium,
1011 5061 1234 5123 in'aliis
1279 5065 1545 5121 Auriniam
1591 5064 1881 5133 legeretur.

288 5132 429 5207 Nam
457 5136 734 5207 Appianus
781 5138 925 5193 bunc
960 5136 1144 5195 Νώνιον
1184 5147 1365 5203 vocat,
1409 5146 1468 5192 et
1505 5138 1559 5192 in
1604 5132 1888 5191 Plutarchi

286 5205 463 5285 {dario
501 5210 528 5266 ὁ
547 5205 940 5285 *Ὀνίουγόνοςλ
971 5225 1071 5285 p_ro
1111 5211 1341 5285 ὁΝυησςου
1370 5209 1633 5265 mendose
1661 5208 1881 5285 legitur.

288 5275 561 5351 Corrupto
605 5275 777 5339 etiam'
800 5275 945 5351 apud
972 5275 1208 5339 'Florum
1244 5282 1343 5338 lib.
1381 5297 1463 5349 Ill,
1508 5295 1630 5350 cap.
1677 5275 1764 5347 16,
1799 5287 1884 5335 est

287 5349 484 5424 Annio,
528 5368 637 5409 una
687 5349 867 5409 littera
913 5353 1138 5421 omissa,
1173 5368 1295 5409 eum
1348 5355 1425 5409 sit
1459 5349 1769 5424 legendum,
1817 5352 1880 5406 Α.

288 5422 495 5497 Nonio.
529 5424 693 5481 FABR.
723 5456 797 5467 —-—
820 5425 1048 5481 Annium
1075 5428 1161 5481 ltic
1190 5440 1404 5497 quoque
1429 5422 1593 5480 habet
1627 5423 1879 5479 Perizon.

285 5494 487 5567 reliqui
513 5497 777 5553 Anunium
807 5498 897 5554 vel
920 5494 1236 5557 Annonium'.

359 5565 423 5625 6.
452 5567 710 5640 Tribunus
738 5569 896 5640 plebi.
929 5568 1002 5625 Ita
1031 5569 1223 5625 Colon.
1249 5576 1305 5624 et
1331 5582 1442 5625 non
1467 5567 1643 5640 semel
1672 5565 1878 5640 Livius,

283 5655 392 5712 pro
421 5639 603 5711 plebis.
635 5638 809 5697 Liter.
837 5670 910 5682 —-
934 5639 1012 5697 Ita
1032 5641 1235 5712 passim
1266 5655 1398 5696 mss.
1442 5639 1698 5696 Orosiani
1724 5638 1881 5695 exhi-

284 5714 442 5770 bent.
1684 5726 1688 5732 '

285 5820 303 5858 ί
362 5784 414 5840 7.
448 5784 548 5842 Die
573 5786 732 5843 dicta.
763 5786 917 5846 Diem
946 5784 1163 5846 Metello
1189 5784 1516 5846 Saturninus
1545 5782 1703 5846 dixit,
1737 5780 1885 5855 quod

2000 3338 2052 3392 in
2083 3335 2202 3407 ejus
2239 3335 2414 3406 legem
2441 3333 2711 3403 agrariam
2738 3334 2928 3405 iurare
2958 3306 3247 3393 noluisset.
3292 3334 3467 3393 Cicer.
3496 3351 3596 3406 pro

1996 3407 2300 3467 5θςι.1.ἰν.
2335 3407 2432 3465 lib.
2476 3422 2634 3477 utx,
2678 3407 2977 3478 Appianus,
3023 3408 3348 3464 Plutarchus
3376 3417 3432 3465 et
3475 3407 3590 3464 alii.

1996 3442 2148 3465 θυρὶς.
2182 3442 2300 3467 μιν.
2335 3442 2432 3465 ιιυο
2476 3442 2634 3477 υδισὶ,
2678 3442 2977 3477 εῑγμιιιμιιιτι,
3023 3442 3348 3464 ιιιιιαιυιιυδ
3376 3442 3432 3465 υ.
3475 3442 3590 3464 CIIII.

1997 3480 2143 3635 F315,?
2150 3520 2309 3621 .Ident
2356 3549 2697 3609 Saturninus.
2733 3553 2904 3625 Lugd.
2951 3552 3072 3615 Bat.
3130 3568 3215 3623 pr.
3252 3552 3376 3613 inde
3402 3550 3592 3608 suum.

2059 3642 2125 3676 1H
2161 3664 2174 3677 .

1999 3642 2051 3680 m
2069 3641 2221 3751 (ΓΡ.
2250 3693 2506 3750 Mettium.
2532 3694 2587 3749 lo
2611 3693 2715 3748 hoc
2743 3697 2965 3763 nomine
2985 3694 3347 3755 describendo
3369 3706 3591 3752 secutus

1997 3782 2116 3827 smn
2146 3769 2410 3836 optimum
2443 3766 2643 3836 librum
2669 3768 2796 3824 Cor.
2821 3768 3122 3825 Gualtberi.
3150 3765 3316 3822 Fann.
3346 3796 3419 3808 -—
3441 3767 3499 3821 Pi
3521 3768 3592 3821 ri-

1995 3855 2120 3922 zon.
2152 3835 2207 3895 et
2228 3839 2395 3903 Meus,
2418 3836 2478 3893 ι).
2518 3835 2755 3895 Metium.
2785 3841 2954 3912 Lugd.
2986 3838 3155 3904 Batt.,
3185 3836 3434 3893 Publium
3460 3838 3593 3893 Vec-

1996 3924 2479 4049 ‘mi‘f’l’flnfamibus
2501 3983 2665 4037 ausis.
2689 3982 2764 4039 Ita
2796 3996 2924 4038 mss.
2947 3999 3053 4038 non
3077 3980 3293 4036 ausibus
3311 3989 3369 4036 ut
3392 3980 3585 4050 Vulgg.

2070 4055 2155 4109 ll.
2189 4054 2424 4109 Alterum
2450 4054 2733 4108 consulem.
2760 4055 2823 4109 ι..
2858 4054 3128 4110 Valerium
3154 4052 3429 4108 Flaccum.
3453 4051 3589 4108 Nam

1994 4124 2057 4180 C.
2090 4126 2276 4190 Mario,
2303 4126 2362 4181 L.
2389 4125 2610 4180 Valerio
2631 4141 2802 4190 coss.,
2826 4137 3046 4180 senatus
3071 4126 3262 4193 Remp.
3292 4123 3592 4179 defenden-

1975 4198 2119 4252 idam
2146 4198 2391 4263 dederat,
2423 4195 2617 4253 Cicero
2646 4197 2808 4253 Catil.
2842 4212 2880 4265 ι,
2906 4197 3108 4266 Philip.
3143 4211 3260 4251 vnt.
3290 4195 3399 4252 Sed
3420 4195 3587 4249 histo-

1996 4270 2134 4340 riam
2168 4270 2464 4338 pleniorem
2494 4269 2615 4340 lege
2664 4272 2715 4323 in
2743 4267 2896 4324 Orat.
2948 4282 3047 4340 pro
3077 4268 3309 4323 Rabirio
3340 4267 3593 4339 perduel-

1993 4338 2154 4401 lienis
2173 4356 2292 4397 reo.
2326 4340 2492 4397 Fann.
2558 4338 2571 4340 ⁷
2952 4338 2962 4340 ’
3242 4376 3245 4381 .

2066 4413 2157 4469 12.
2188 4413 2392 4469 Marius
2410 4411 2858 4485 ﬁstulas._Cicero
2888 4429 2904 4466 :
2936 4410 3140 4485 {farina
3162 4410 3592 4485 ﬁstulas,quibus

1994 4500 2131 4552 aqua
2156 4481 2584 4558 suppeditabatur
2610 4482 2756 4538 Iovis
2786 4482 2910 4556 Opt.
2951 4481 3102 4539 Max.
3136 4483 3342 4552 templis
3361 4481 3425 4538 ac
3453 4484 3593 4538 sedi-

1996 4555 2123 4622 bus,
2167 4557 2382 4629 prwcidi
2428 4558 2711 4629 imperavit.
2770 4555 3133 4624 Plutarchus,
3188 4557 3312 4620 τοὺς
3365 4556 3592 4628 ὀχετοὺς

2108 4598 2123 4622 ’
2168 4595 2215 4625 ΡΙ
2230 4595 2382 4612 ιυυιιισ
2430 4595 2578 4625 IIOI‘IVI
2595 4595 2647 4611 ιιι
2660 4595 2711 4625 ιχ·
2774 4595 2792 4611 1
2815 4595 2947 4619 ῇιφιιιι
2961 4595 3096 4623 ultu“
3117 4595 3133 4624 .

2070 4575 2123 4622 ς,
2204 4575 2382 4612 nectat
2428 4575 2711 4629 mrperavtt.
2774 4575 3133 4624 rtutarcuus,
3188 4576 3312 4620 τους
3365 4577 3578 4628 οχιτους

2073 4575 2267 4701 imiter.
2303 4627 2467 4685 FABR.

2070 4701 2157 4757 15.
2193 4699 2344 4755 Circa
2374 4700 2666 4771 Saufeium.
2712 4696 2774 4754 C.
2823 4697 3121 4771 Saufeium.
3167 4697 3382 4767 Cicero,
3428 4699 3578 4755 Γαῖον

1996 4772 2208 4847 Σάφηον,
2241 4768 2542 4847 Appianus.
2589 4769 2758 4827 Fann.
2789 4800 2861 4811 ——
2889 4768 3154 4843 Copulam
3198 4776 3315 4843 quia
3350 4770 3588 4843 expunxi

1995 4858 2254 4972 aliisin
2294 4918 2521 4973 curiam.
2550 4913 2620 4971 In
2644 4914 2847 4970 curiam
2883 4912 3187 4985 Hostiliam,
3213 4913 3452 4971 Velleius
3480 4913 3586 4970 Pa-

1992 4987 2425 5182 ;:lb}.Fl$2ino.
2446 5057 2617 5132 Lugd.
2643 5059 2790 5116 Batt.
2815 5073 3009 5117 omnes
3026 5072 3151 5115 eum
3172 5056 3315 5115 Coll.
3338 5056 3582 5125 Gronor.

2123 5147 2258 5182 anno.

2029 5130 2263 5280 ὲᾶίῗωὲζ
2307 5202 2504 5280 Furius
2549 5202 2813 5280 Tribunus
2867 5203 3586 5280 plebis.u_n_¢i_1r_)tzog_¢odpms

1990 5270 2265 5356 ξῄμοερχρε
2292 5278 2351 5356 of)
2395 5275 2438 5332 δ’
2459 5277 2714 5355 ἐλευθέρου
2758 5270 2978 5356 «acpbe,
3012 5274 3118 5356 ἀᾈλ⁸
3139 5270 3487 5356 animum;
3511 5274 3582 5329 Ρ.

1989 5343 2203 5419 Furius
2218 5347 2473 5403 Tribunus
2491 5366 2544 5419 p.
2570 5343 2636 5403 ne'
2656 5359 2800 5415 patre
2821 5343 3291 5419 quidemingemzo,
3316 5343 3404 5419 sea
3431 5347 3585 5400 liber-

1991 5416 2097 5470 tino
2119 5429 2286 5487 natus,
2313 5415 2611 5489 Appianus,
2644 5415 2858 5485 Cicero,
2910 5433 3007 5489 pro
3038 5415 3280 5482 Rabirio,
3325 5415 3584 5489 hominem

1992 5492 2228 5565 omnibus
2275 5488 2529 5565 insignem
2557 5493 2704 5565 _n_olis
2733 5488 3071 5565 turpitudith
3112 5490 3370 5565 appellat.
3399 5488 3577 5565 Facti.

2066 5565 2154 5618 l7.
2182 5563 2246 5618 L.
2275 5561 2691 5635 Geganio.iNota
2738 5561 2828 5635 est
2846 5576 2979 5634 gens
3005 5561 3245 5630 Gegania
3277 5561 3328 5613 in
3358 5562 3584 5635 liistoria

1991 5637 2258 5702 Romana,
2292 5632 2490 5706 equua
2523 5634 2624 5691 fuit
2650 5636 2720 5691 M.
2754 5632 3029 5706 Geganius
3068 5639 3152 5706 ter
3184 5632 3395 5706 consul
3450 5642 3589 5706 tem-

1991 5723 2127 5781 porc
2155 5708 2282 5781 belli
2339 5702 2707 5763 Romanorum
2737 5702 2879 5781 cuui_
2914 5704 3150 5781 volseis;
3184 5702 3581 5781 liabueruutdii

1993 5773 2220 5853 Geganii
2249 5793 2464 5853 quoque
2512 5792 2827 5852 praenomen
2857 5776 3034 5846 Lucii,
3085 5783 3149 5831 ut
3192 5774 3257 5832 L.
3307 5773 3587 5862 Geganius
