4096 6350
320 344 426 413 965

808 468 970 545 31.1
1000 466 1229 528 CAPUT
1262 469 1423 531 χιχ.

318 587 403 644 De
423 585 561 643 bello
591 586 733 643 civili
763 584 1009 641 Mariano
1032 594 1083 641 et
1116 585 1498 655 Mithridatico,
1529 587 1585 642 in
1626 603 1727 658 quo
1756 584 1918 644 Sulla

395 671 444 734 et
476 659 680 734 Marius
716 660 968 713 maximos
1012 659 1264 714 tumultus
1290 659 1710 734 calamitatesque
1738 661 1919 731 reipu-

394 730 541 787 blith
566 733 886 787 invaserunt.

396 843 601 903 ‘Anno
656 843 724 900 ab
772 843 920 902 Urbe
975 842 1193 901 condita
1224 860 1430 915 DCLXII,
1475 843 1715 905 nondum
1765 841 1916 900 linito

327 942 514 999 sociali
543 940 708 1010 bello,
742 940 929 997 Roma:
961 940 1196 1012 primum
1239 941 1441 997 bellum
1473 938 1633 995 civile
1677 952 1919 995 commo-

324 1046 437 1093 tum
478 1043 566 1092 est
597 1052 609 1088 :
643 1033 944 1105 eodemque
988 1048 1132 1090 anno
1162 1036 1183 1066 ²
1217 1032 1632 1089 Mithridaticum
1686 1030 1911 1099 bellum,

336 1108 439 1185 etsi
461 1128 641 1183 minus
674 1125 896 1192 infame,
930 1140 1035 1182 non
1067 1136 1243 1181 tamen
1279 1126 1456 1182 minus
1478 1138 1644 1195 grave
1677 1130 1914 1194 emptum

342 1226 447 1274 est.
478 1217 547 1274 Et
566 1216 783 1287 quidem
808 1215 875 1271 de
905 1215 1251 1272 Mithridatici
1286 1215 1411 1272 belli
1439 1216 1615 1296 spatio
1644 1215 1917 1272 varietra—

325 1308 498 1368 ditum
537 1319 641 1378 est,
671 1319 848 1365 utrum
886 1308 1083 1365 abhinc
1117 1308 1349 1380 primum
1380 1308 1628 1377 cmperit,
1667 1322 1734 1362 au
1781 1314 1911 1363 tunc

333 1404 608 1476 prtccipue
640 1402 929 1473 exarserit,
965 1400 1200 1456 maxime
1234 1417 1354 1457 cum
1386 1400 1407 1432 ³
1436 1399 1526 1455 alii
1550 1394 1792 1471 triginta,
1824 1399 1919 1456 alii

326 1498 679 1571 quadraginta
711 1496 869 1553 annis
906 1505 1116 1568 gestum
1147 1493 1170 1526 ⁸
1196 1493 1458 1551 referant.
1510 1491 1617 1551 Sed
1671 1493 1918 1567 quamvis

328 1590 519 1653 iisdem
551 1591 889 1662 temporibus
919 1598 1069 1661 gesta
1099 1587 1370 1661 perplexis
1413 1594 1729 1645 coacervata
1760 1587 1918 1644 malis

336 1685 666 1752 exarserint,
696 1698 725 1739 a
750 1700 838 1740 me
866 1693 1043 1740 tamen
1072 1682 1491 1754 speciatim,etsi
1519 1681 1779 1747 breviter,
1804 1680 1920 1737 sin-

327 1778 451 1850 gula
488 1777 851 1849 proferentur.
888 1775 1107 1843 Matius,
1142 1775 1288 1833 Sulla
1323 1774 1571 1839 consule.
1600 1775 1620 1805 ⁵
1647 1780 1915 1829 utcontra

1330 351 1805 412 IIISTORIARUM
1844 348 2046 411 LIBER
2086 348 2150 412 V.
2192 349 2346 411 CAP.
2392 350 2582 411 XVIII.

3506 355 3620 421 966

1914 486 1923 526 :
1945 476 2004 544 Α
2031 486 2248 528 movere
2269 470 2636 541 nobilitatem,
2666 469 3002 529 inﬂammare
3032 470 3266 544 plebem.
3301 481 3613 545 equestrem

2025 564 2262 637 denique
2295 566 2540 622 ordinem
2577 580 2891 637 perarm-are
2921 565 3186 623 adversus
3227 566 3433 624 Sullam
3478 568 3619 624 trus-

2024 672 2108 719 tra
2134 662 2523 730 “attentasset,
2566 670 2846 734 postremo
2886 662 3066 720 servis
3100 678 3200 734 spe
3242 662 3513 720 libertatis
3558 673 3616 720 et

2025 754 2221 827 prterire
2252 754 2320 811 ad
2352 770 2503 811 arma
2535 755 2867 824 sollicitatis,
2886 757 2905 789 ⁹
2930 756 3291 829 nequidquam
3317 771 3618 833 repugnare

2023 862 2208 915 ausus,
2238 849 2454 905 tandem
2500 850 2552 904 in
2588 848 2921 920 Capitolium
2970 850 3258 906 concessit.
3283 848 3327 881 ¹⁰
3348 848 3453 907 Sed
3483 866 3608 907 cum

2022 955 2088 996 eo
2119 939 2358 998 Sullanae
2381 939 2635 997 cohortes
2658 941 2968 1009 irruissent,
2994 957 3188 1012 magna
3209 957 3432 998 suorum
3456 942 3604 1000 (:me

2023 1031 2254 1104 dill'ugit.
2308 1033 2387 1088 lbi
2438 1043 2565 1090 tunc
2598 1033 2640 1065 ¹³
2669 1033 2961 1105 Sulpicius,
2985 1034 3138 1091 Marii
3181 1036 3410 1106 collega,
3437 1052 3597 1093 servo

2024 1126 2067 1162 ¹¹
2090 1142 2190 1182 suo
2211 1125 2491 1198 prodente,
2525 1136 2826 1197 prostratus
2856 1136 2958 1183 est.
2989 1126 3218 1188 Servum
3242 1143 3372 1184 vero
3398 1129 3596 1199 ipsum,

2021 1220 2166 1292 quod
2195 1219 2407 1277 hostem
2433 1220 2789 1287 indicaverat,
2820 1221 3125 1277 manumitti
3148 1237 3164 1289 ;
3190 1221 3335 1294 quod
3368 1236 3499 1277 vero
3519 1221 3616 1278 do-

2022 1312 2236 1369 minum
2266 1312 2602 1383 prodiderat,
2627 1326 2760 1368 saxo
2790 1312 3023 1386 Tarpeio
3044 1313 3203 1386 dejiei
3233 1316 3488 1372 consules
3517 1314 3616 1371 de-

2022 1414 2336 1463 creverunt.
2410 1406 2615 1463 Marius
2690 1405 2928 1477 fugiens,
2975 1423 3100 1464 cum
3168 1410 3612 1481 persequentium

2024 1498 2282 1555 instantia
2320 1498 2720 1571 circumseptus
2758 1507 2927 1565 esset,
2970 1498 3015 1532 "
3054 1500 3108 1555 in
3161 1500 3616 1557 Minturnensium

2022 1589 2311 1662 paludibus
2337 1604 2460 1647 sese
2490 1589 2716 1655 abdidit,
2753 1592 2995 1661 equibus
3021 1589 3318 1648 infeliciter
3345 1593 3456 1649 luto
3478 1593 3619 1649 obli-

2024 1692 2134 1752 tus,
2173 1684 2642 1756 ignominioseque
2673 1692 2999 1756 protractus,
3033 1686 3171 1757 turpi
3200 1693 3380 1743 autem
3408 1699 3621 1759 specta-

2022 1776 2148 1833 culo
2172 1775 2476 1833 Minturnas
2497 1775 2780 1843 deductus,
2800 1787 3195 1850 contrusnsque
3219 1778 3273 1835 in
3305 1795 3577 1837 carcerem
3602 1797 3618 1849 ;

318 1870 689 1927 Mithridatem
723 1872 777 1926 in
809 1870 994 1927 Asiam
1024 1884 1146 1925 cum
1174 1869 1416 1926 exercitu
1449 1869 1781 1939 profecturo,
1811 1866 1831 1898 ⁶
1853 1866 1905 1923 in
1939 1878 1988 1939 Β
2016 1884 2388 1940 percussorem
2416 1869 2482 1925 ad
2506 1885 2564 1926 se
2584 1871 2804 1926 missum
2822 1872 2938 1927 solo
2969 1872 3117 1928 vultu
3141 1875 3425 1931 extetruit.
3460 1876 3647 1932 Dein-~

315 1964 612 2037 Campania
648 1975 829 2021 tamen
861 1975 1090 2036 propter
1116 1963 1338 2021 socialis
1360 1962 1491 2019 belli
1513 1962 1766 2033 reliquias
1790 1977 1913 2017 con-

317 2060 573 2128 sistente,
604 2058 878 2121 all‘ectavit
901 2060 1195 2131 septimum
1236 2059 1602 2128 consulatum,
1627 2068 1680 2114 et
1710 2057 1912 2114 bellum

319 2156 601 2227 suscipere
642 2153 1086 2221 Mithridaticum,
1115 2169 1225 2225 quo
1271 2153 1416 2212 Sulla
1468 2153 1709 2225 cognito,
1743 2152 1915 2224 impa«

320 2248 464 2304 tiens
500 2263 692 2305 revera
744 2248 961 2319 juvenis
998 2248 1464 2320 intemperataqtte
1512 2248 1590 2303 ira
1644 2249 1912 2319 percitus,

321 2357 443 2397 cum
461 2324 711 2412 quatuor
738 2340 1047 2413 legionibus
1079 2342 1309 2410 primum
1330 2352 1460 2397 ante
1491 2340 1688 2396 Urbem
1723 2356 1917 2396 consc-

331 2435 431 2504 dit,
478 2435 568 2492 ubi
598 2432 966 2503 7Gratidium,
1004 2435 1157 2492 Marii
1202 2436 1460 2507 legatum,
1490 2435 1644 2508 quasi
1686 2436 1910 2508 primam

322 2528 598 2586 victimam
655 2527 782 2584 belli
846 2529 1025 2585 civilis
1084 2529 1305 2601 occidit,
1363 2544 1489 2585 mox
1539 2529 1739 2587 Urbem
1789 2544 1911 2585 cum

323 2621 566 2679 exercitu
598 2621 812 2693 irrupit,
839 2621 985 2678 faces
1016 2621 1085 2678 ad
1117 2621 1554 2679 inﬂammandam
1586 2622 1786 2680 Urbem
1818 2640 1915 2695 po-

323 2715 519 2786 poscit.
551 2713 813 2772 Omnibus
841 2724 988 2772 tnetu
1023 2715 1244 2780 abditis,
1276 2732 1373 2788 per
1402 2716 1623 2773 Sacram
1663 2718 1804 2774 viam
1838 2718 1916 2775 ci-

314 2817 441 2882 _tato
463 2810 678 2882 agmine
719 2811 772 2867 in
805 2811 979 2867 lorum
1009 2809 1177 2884 35.2
1201 2811 1371 2868 venit.
1404 2811 1604 2869 Matius
1635 2829 1760 2870 cum
1790 2829 1915 2887 per-

2017 1963 2085 2020 de
2108 1964 2292 2034 lapsus
2315 1978 2346 2019 e
2366 1963 2618 2029 vinculis,
2647 1964 2701 2019 in
2753 1963 2995 2021 Africani
3014 1968 3321 2041 transfugit,
3355 1970 3398 2001 ιδ
3422 1969 3629 2028 sollici-

2017 2066 2237 2131 tatoque
2264 2073 2331 2116 ex
2381 2057 2532 2115 Utica
2562 2058 2698 2128 tilio,
2730 2060 2772 2102 ’δ
2803 2062 2894 2117 ubi
2918 2061 2973 2117 in
3020 2062 3264 2120 custodia
3294 2064 3620 2122 observaba-

2018 2162 2127 2223 tur,
2174 2153 2434 2208 continuo
2483 2151 2710 2209 Romam
2758 2168 3061 2226 regressus,
3096 2156 3139 2189 "
3189 2157 3379 2214 Ciunte
3407 2161 3618 2217 consuli

2016 2247 2278 2304 societate
2303 2247 2571 2304 scelerum
2596 2246 2914 2320 conjunctus
2934 2260 3038 2306 est.
3058 2249 3220 2322 Igitur
3245 2251 3310 2306 ad
3326 2251 3620 2324 proﬂigan.

2017 2341 2142 2419 dam
2163 2339 2325 2415 343
2353 2343 2662 2400 universam
2684 2336 3102 2414 rempublicam,
3124 2344 3165 2375 "
3186 2347 3488 2403 exercitum
3512 2347 3639 2404 sibi.

2022 2438 2077 2495 in
2108 2449 2341 2510 quatuor
2385 2447 2569 2511 partes
2593 2438 2920 2497 diviserunt.
2950 2439 3088 2497 Tres
3129 2440 3403 2512 siquidem
3436 2440 3613 2512 legio-

2020 2546 2121 2589 nes
2146 2532 2316 2589 Mario
2337 2531 2502 2599 datte,
2531 2532 2670 2605 parti
2702 2534 2981 2604 cupiarum
3010 2531 3111 2588 Cn.
3142 2533 3321 2590 Carbo
3352 2536 3621 2606 praeposi-

2022 2633 2108 2681 tus
2154 2634 2263 2694 est,
2298 2625 2343 2657 ¹⁸
2378 2632 2589 2696 partem
2633 2623 2913 2682 Sertorius
2963 2626 3178 2696 accepit
3211 2643 3228 2680 :
3263 2626 3356 2684 ille
3393 2627 3608 2685 scilicet

2018 2719 2317 2788 Sertorius,
2352 2717 2525 2789 "iam
2552 2717 2680 2775 hinc
2708 2719 2887 2776 civilis
2908 2720 3035 2776 belli
3069 2723 3322 2777 incentor
3354 2731 3410 2777 et
3449 2721 3618 2797 parti-

2017 2827 2170 2885 ceps,
2215 2812 2309 2885 qui
2347 2812 2508 2870 etiam
2541 2814 2643 2869 hoc
2673 2812 2855 2883 linito,
2902 2813 3046 2870 aliud
3078 2825 3199 2886 post
3240 2815 3294 2871 in
3338 2815 3601 2888 llispauia

1609 2929 2058 2987 IIAVERCAMPI
2097 2927 2328 2988 ΝΟΤΑΞ.

394 3044 529 3100 Car.
575 3040 720 3101 XIX.
769 3043 825 3100 l.
860 3041 1011 3097 Anno
1039 3040 1104 3096 ab
1159 3040 1303 3098 Urbe
1355 3040 1563 3099 condita
1602 3056 1809 3099 neutr.-
1839 3041 1915 3099 Ita

324 3123 576 3187 nutrierat
614 3116 847 3187 Eutrop.
879 3114 974 3170 lib.
1007 3129 1060 3187 v7.
1093 3113 1231 3187 Aliis
1259 3125 1345 3171 est
1378 3131 1553 3172 annos
1582 3130 1779 3180 pcexv,
1806 3130 1916 3187 quo

325 3185 392 3247 L.
418 3185 706 3258 Cornelius
732 3185 904 3255 Sulla,
929 3194 986 3243 et
1022 3186 1088 3254 Q.
1118 3186 1410 3258 Pompeius
1453 3187 1624 3243 [lnt'us
1660 3185 1918 3244 consules

325 3262 565 3316 luerunt.
589 3257 761 3315 Fann.
1160 3297 1174 3308 .

396 3330 453 3385 2.
498 3327 913 3386 Mithridaticum
946 3327 1158 3385 bellum.
1193 3328 1368 3386 Abest
1394 3344 1498 3386 vox
1540 3328 1815 3399 posterior
1849 3326 1919 3386 ab

326 3402 682 3474 ed.iAugust.
714 3402 839 3458 Mox
881 3404 1105 3474 primum
1135 3402 1187 3458 in
1218 3401 1345 3459 edd.
1393 3406 1568 3474 prima
1608 3412 1665 3459 et
1696 3402 1921 3460 Venetis

325 3473 691 3531 desideratur.

399 3547 453 3602 5.
482 3545 588 3600 Alii
618 3560 759 3613 xxx,
779 3544 874 3603 alii
902 3561 994 3617 xu.
1028 3543 1087 3602 Si
1111 3562 1140 3600 a
1172 3546 1319 3604 Sulla
1349 3554 1403 3602 et
1439 3544 1702 3617 Pompeio
1728 3561 1921 3602 nume-

324 3632 417 3674 res
447 3617 515 3673 ad
546 3617 795 3673 Pisonem
823 3627 877 3672 et
904 3615 1206 3674 Messallam
1231 3618 1512 3682 consules,
1535 3615 1734 3688 quibus
1765 3618 1923 3673 Pom-

329 3689 482 3759 peius
525 3689 776 3745 conlecto
816 3688 964 3744 bello
1001 3689 1372 3746 Mithridatico
1423 3686 1806 3757 triumphavit,
1839 3689 1921 3746 iu-

323 3758 515 3816 venies
551 3776 725 3821 annos
763 3774 935 3816 xxvtt.
965 3758 1076 3816 Sed
1104 3760 1301 3817 Florus
1344 3761 1485 3816 libro
1532 3775 1611 3825 ιιι,
1642 3762 1820 3830 capite
1862 3761 1917 3824 5,

323 3832 541 3897 scribit,
569 3832 933 3888 Mithridatem
973 3833 1134 3887 annis
1169 3848 1239 3888 χι.
1279 3832 1546 3888 restitisse
1588 3847 1603 3886 :
1643 3831 1921 3901 Appianus

323 3904 383 3959 iu
401 3903 760 3961 Mithridatico
785 3904 859 3975 ait
882 3903 985 3959 hoc
1004 3903 1206 3975 bellum
1230 3912 1440 3975 gestum
1458 3902 1616 3975 annis
1641 3918 1767 3958 xui.
1788 3903 1916 3959 Fac.

322 4036 329 4043 τ
400 3979 454 4030 4.
482 3975 754 4045 Refernnt.
788 3974 883 4031 Sic
909 3974 1091 4030 scribo
1111 3992 1181 4030 ex
1201 3974 1333 4032 niss.
1370 3974 1545 4031 tribus
1574 3974 1745 4043 Lugd.
1776 3976 1917 4031 Batt.

324 4047 473 4103 Coll.
503 4047 747 4103 Gronov.
780 4054 941 4116 atque
965 4046 1055 4101 ed.
1091 4047 1325 4117 August.
1354 4046 1550 4117 Vulgo,
1581 4047 1829 4117 referant.

398 4118 455 4174 5.
489 4117 552 4173 Et
582 4127 780 4174 contra.
807 4117 1077 4190 Copulam
1101 4116 1263 4190 hanc,
1294 4116 1479 4175 invitis
1501 4116 1922 4188 tnss.’ncglcxc-

324 4198 459 4246 runt
483 4191 728 4246 dumdum
753 4189 876 4246 edtl.
929 4190 1060 4244 vett.
1418 4211 1431 4229 ι

401 4262 456 4318 6.
490 4260 557 4316 In
580 4262 871 4331 Campania
920 4271 1112 4316 tamen.
1138 4261 1283 4317 Nola
1322 4260 1734 4332 pertinacissime
1770 4276 1920 4316 arma

324 4334 609 4400 retinebat,
666 4334 994 4404 exercituque
1042 4333 1195 4389 llam.
1251 4333 1606 4390 obsidebatur.
1657 4332 1916 4390 Velleius.

254 4424 269 4440 ·
325 4404 496 4463 Faue.
1342 4432 1346 4437 -

402 4480 456 4533 ’1.
504 4476 820 4553 Gratidiani,
865 4476 1299 4553 Mariilegatuut.
1330 4475 1704 4553 Gratidiumgs
1734 4476 1920 4553 Mario

325 4548 566 4620 legatum
597 4548 822 4604 missum
847 4549 913 4605 ad
935 4548 1613 4620 Sullam,accipiendarum
1644 4548 1917 4617 legionum

326 4635 519 4686 causa,
549 4622 745 4675 milites
773 4621 1132 4691 trucidarunt,
1165 4620 1286 4677 Val.
1321 4621 1414 4676 lib.
1447 4635 1525 4685 ts,
1549 4635 1673 4691 cap.
1704 4620 1759 4684 7,
1792 4620 1918 4675 Plit-

330 4700 436 4747 lar.
464 4684 516 4747 in
547 4691 717 4748 Mario
752 4684 966 4757 scribit.
1000 4684 1196 4751 missos
1238 4692 1308 4747 ab
1339 4693 1457 4760 ipso
1486 4684 1634 4747 duos"
1669 4692 1917 4748 tribunos

2023 3041 2324 3107 nominavi,
2356 3040 2471 3101 Cic.
2500 3052 2602 3113 pro
2627 3040 2821 3100 Sextio
2847 3052 2901 3100 et
2924 3041 2976 3099 in
3009 3036 3287 3103 Pisonem.
3312 3042 3481 3107 FABR.

2098 3115 2188 3171 M.
2225 3113 2645 3187 sollicitamque.
2680 3114 2785 3171 Ed.
2825 3114 2992 3187 Aug.,
3022 3113 3330 3187 Solsitoque.
3379 3121 3622 3178 l’rtelero

2026 3194 2207 3242 tamen
2240 3186 2544 3256 Vulgatam,
2575 3202 2700 3245 nam
2744 3188 2798 3243 in
2838 3186 3011 3244 libera
3046 3186 3295 3247 custodia
3334 3190 3502 3248 fuisse
3540 3194 3623 3250 in-

2024 3273 2193 3331 nuere
2220 3257 2436 3314 videtur
2461 3257 2687 3331 verbum
2716 3257 3113 3327 observabatur;
3143 3270 3405 3331 praeterea
3436 3259 3618 3322 Sexti-

1949 3348 1995 3413 ρ
2028 3330 2247 3413 lius,_cu
2279 3339 2524 3413 tempore
2551 3327 2753 3413 {africae
2784 3341 3010 3413 praeter,
3041 3327 3155 3413 nec:
3189 3333 3406 3413 amicus
3448 3336 3620 3392 Mario

2030 3416 2129 3459 nec
2153 3403 2325 3459 hostis
2352 3401 2522 3458 fuisse
2548 3400 2774 3457 dicitur.
2805 3400 2986 3470 Quare
3017 3404 3150 3460 nihil
3190 3404 3457 3463 violenter
3487 3424 3618 3463 con-

2026 3480 2110 3527 tra
2143 3473 2376 3547 Marium
2409 3470 2685 3547 seniorem
2714 3473 2972 3547 cgit,sed
2999 3490 3222 3547 egresso
3250 3477 3304 3533 in
3335 3477 3484 3535 littus
3524 3480 3620 3537 iic-

2025 3552 2222 3618 torem!
2240 3543 2423 3618 Amisit
2442 3544 2690 3618 obviam,
2714 3544 2824 3618 qui“
2848 3543 3090 3618 jubere't,
3138 3550 3412 3618 provincia
3462 3550 3622 3608 dece-

2024 3614 2342 3693 dere.A\_'_ide
2368 3614 2646 3673 Plutarch.
2680 3614 2741 3693 in
2766 3615 2885 3672 Vita
2916 3616 3067 3674 Marii
3086 3614 3151 3693 Ap.
3179 3620 3479 3693 4729.,Ergo
3504 3624 3613 3679 sol.

2024 3701 2153 3745 vere
2184 3688 2355 3744 lilium
2400 3702 2470 3744 ex
2512 3687 2759 3747 custodia
2803 3704 2910 3744 non
2949 3687 3142 3757 potuit.
3191 3691 3388 3748 Marius
3413 3687 3610 3750 'autem

2022 3758 2167 3815 titius
2218 3760 2341 3833 ipse
2369 3773 2401 3815 e
2438 3757 2690 3833 custodia
2719 3759 2860 3833 clam
2889 3760 3161 3833 aufugisse
3207 3762 3444 3820 videtur.
3477 3764 3609 3821 Nam

2024 3830 2382 3904 quomodoin
2413 3844 2476 3887 re
2503 3831 2683 3886 subita
2711 3842 2768 3886 et
2808 3829 3094 3904 imparaia,
3121 3834 3257 3888 ultra
3296 3848 3445 3891 mare
3476 3850 3613 3892 nun-

2025 3901 2242 3977 tiosatl
2270 3902 2632 3977 lilium‘pater
2657 3901 2903 3973 captivus
2939 3905 3230 3977 Minturnis
3264 3908 3483 3977 mittere
3520 3924 3617 3977 po-

2026 3973 2168 4047 tuit?
2198 3973 2420 4047 Marium
2439 3972 2847 4047 juniorent’una
2865 3988 2983 4029 cum
3009 3974 3246 4046 Cethego
3273 3976 3392 4047 luga
3422 3972 3614 4047 perve-

2020 4046 2169 4102 nisse
2193 4046 2263 4101 ad
2284 4060 2468 4116 regem
2497 4044 2766 4101 Nutnitlizc
2794 4045 3154 4117 Hiempsalem
3179 4044 3366 4104 scribit
3398 4044 3615 4106 Plutar-
3672 4048 3679 4054 ’

2021 4117 2165 4190 chus
2185 4120 2235 4172 iu
2260 4117 2430 4173 Mario
2460 4132 2514 4190 ρ.
2542 4117 2671 4190 428A.
2697 4117 3120 4190 Maudrestalem
3154 4120 3393 4190 appellat
3420 4120 3610 4178 Numi-

2019 4189 2123 4263 dia!
2152 4187 2315 4263 istum
2348 4189 2597 4263 regulum
2614 4188 2951 4263 AAppltllltn.
2997 4189 3123 4263 588,
3154 4187 3321 4263 aquo
3353 4203 3613 4262 quantum

2022 4259 2221 4317 deinde
2250 4261 2549 4335 periculum
2584 4261 2767 4335 Mariis
2791 4270 2847 4315 et
2878 4259 3406 4335 Marianis_creatutit
3426 4264 3606 4335 fuerit,

2020 4347 2318 4403 eorumque
2341 4332 2520 4403 fugam
2552 4331 2854 4387 mirabilem
2892 4344 3013 4401 pete
3036 4347 3103 4389 ex
3138 4333 3446 4390 Plutarcho.

2094 4404 2181 4460 15.
2214 4402 2317 4460 Ubi
2343 4402 2676 4458 incustoditi.
2703 4402 2797 4459 Sic
2819 4413 2970 4460 recte
2991 4406 3251 4461 scribitur
3275 4407 3327 4462 in
3359 4405 3607 4465 Floreat.

2026 4489 2111 4548 pr.
2142 4484 2198 4531 et
2230 4482 2356 4532 tert.
2380 4484 2516 4548 utet
2540 4474 2835 4548 cod_.ll_leo.
2863 4475 2933 4529 At
2955 4476 3042 4531 ed.
3078 4480 3215 4548 ang.
3248 4477 3407 4534 habet
3433 4480 3520 4534 ubi
3562 4481 3608 4536 is

2020 4545 2363 4674 iubcttstodia,
2391 4547 2572 4618 vulgg.
2596 4545 2684 4601 ubi
2709 4546 2755 4601 is
2791 4548 3047 4603 custodia.
3079 4545 3327 4605 Perizon.
3362 4565 3487 4606 mox
3510 4568 3618 4608 scr-

2020 4636 2079 4674 va
2115 4628 2253 4674 atur.

2020 4628 2253 4675 cabatur.

2096 4691 2182 4747 16.
2213 4689 2394 4746 Cinttre
2416 4688 2638 4745 consuli.
2666 4688 2728 4745 L.
2749 4688 3039 4747 Cornelius
3058 4690 3231 4748 Cinna
3258 4694 3449 4750 consul
3470 4711 3597 4752 cum

328 4742 1918 4837 siluistis.“is“sistatiiia'aa'pstéa.;‘ausint:
1949 4742 1997 4802 D
2023 4742 2392 4837 animus;
2420 4742 3613 4837 in;"pos?sui;basiata}:sibi};
3700 4788 3707 4793 ν

329 4834 518 4891 litibus
548 4835 885 4892 interfectos.
914 4836 1079 4892 lina.

404 4909 460 4962 8.
488 4906 819 4963 Attentasset.
850 4908 1022 4979 Lugd.
1057 4909 1196 4963 Batt.
1229 4912 1345 4979 tres
1365 4921 1487 4979 cum
1509 4905 1649 4962 Coll.
1674 4904 1917 4979 Gronov.

330 4986 599 5036 tentasset.
649 4980 825 5051 Supra
869 4976 968 5051 pro
1012 4981 1230 5051 denique
1274 4976 1403 5033 edd.
1452 4986 1584 5034 vett.
1643 4977 1920 5033 nonnullae

327 5051 540 5107 deinde.
979 5067 982 5070 '

402 5124 458 5196 9.
488 5122 873 5196 Nequidquam
894 5138 1181 5196 repugnare
1206 5138 1388 5179 ausus.
1421 5118 1522 5178 Ed.
1557 5121 1725 5193 Attg.,
1761 5135 1925 5192 neque

329 5194 615 5269 quidquam
630 5194 1155 5269 repugnare—ausus:
1536 5263 1551 5269 _
1609 5262 1660 5269 __
1700 5218 1735 5269 __‘

408 5262 495 5326 ω’.
532 5267 638 5325 Sed
664 5262 790 5321 cuni
812 5282 890 5323 eo.
925 5266 1096 5338 Lugd.
1126 5268 1266 5324 Batt.
1299 5262 1917 5338 quatuoﬂetholl.Gro-

333 5353 491 5408 nov.,
521 5344 614 5394 sed
642 5353 761 5393 cum
788 5339 843 5394 in
868 5356 1005 5396 euut.
1040 5340 1164 5397 Mox
1188 5353 1451 5396 servorum
1471 5338 1660 5409 iidem,
1691 5345 1921 5407 excepto

329 5410 575 5466 secundo
606 5426 710 5466 ms.

406 5483 494 5539 11.
538 5481 848 5556 Sulpicius,
896 5482 1058 5539 Marii
1102 5483 1322 5556 collega.
1349 5482 1437 5556 MP.
1477 5479 1636 5556 Sulp.
1665 5477 1922 5556 tribunus

332 5556 507 5628 plebis
537 5549 708 5624 legem
741 5555 958 5623 tulerat,
993 5568 1051 5611 ιιι
1079 5549 1254 5611 Mariti
1275 5554 1477 5628 bellum
1497 5549 1921 5628 Mithridaticum

333 5622 747 5689 decerneretur,
775 5622 1157 5695 atqtteanctor
1190 5626 1479 5682 seditionis
1507 5623 1635 5695 fuit.
1660 5622 1785 5695 Liv.
1810 5622 1920 5695 lib.

334 5712 541 5767 Lxxvu,
575 5696 769 5753 Vellei.
803 5693 863 5760 tt,
898 5695 1075 5755 Valer.
1112 5697 1205 5752 lib.
1232 5712 1309 5760 vt,
1332 5712 1383 5751 c.
1413 5700 1467 5764 5,
1501 5693 1733 5767 Appian.
1754 5693 1858 5767 lib.
1882 5707 1918 5748 ι.

333 5770 483 5828 Plut.
508 5764 562 5823 in
600 5767 770 5823 Mario
798 5778 856 5825 et
879 5770 1050 5836 Sulla,
1072 5768 1191 5825 Cic.
1220 5768 1274 5824 iu
1304 5768 1493 5838 Bruto,
1532 5765 1718 5822 etalii.
1746 5764 1921 5823 Fsaa.

413 5840 504 5895 12.
532 5839 668 5895 Suo.
700 5839 867 5896 Abest
886 5856 915 5895 a
940 5841 1188 5898 Perizon.

416 5913 504 5969 15.
534 5908 601 5968 In
631 5908 1069 5971 Minturnensium
1096 5916 1206 5988 ραι.
1239 5908 1382 5989 Lege
1408 5920 1608 5987 prteter
1634 5923 1759 5982 eos,
1783 5924 1925 5987 quos

1696 6190 1723 6207 κ

2026 4832 2226 4908 bellum
2249 4834 2618 4908 __Octavianu_m
2647 4843 2977 4908 commotum
3020 4846 3126 4908 est,
3156 4836 3314 4908 cujus
3358 4832 3616 4894 meminit

2026 4906 2221 4978 Cicero
2248 4904 2408 4978 lib._tt
2434 4904 2503 4960 de
2530 4902 2652 4978 Nat.
2688 4904 2848 4960 Deor.
2882 4905 3025 4976 Lege
3041 4902 3321 4965 Plutarch.
3354 4909 3409 4964 in
3429 4908 3605 4978 Sulla,

2027 4975 2280 5050 AppianL
2309 4975 2403 5032 lib.
2438 4990 2478 5043 ι,
2531 4975 2854 5050 Liv.__t.\xt.x
2886 4984 2956 5033 et
3005 4992 3269 5049 Lxxxvm,
3324 4975 3614 5050 Velleiuut',

2031 5044 2209 5114 Flor.,
2240 5046 2496 5118 Eutrop,
2529 5055 2585 5101 et
2608 5047 2764 5103 alios.
2797 5048 2960 5103 FABR.

2102 5119 2192 5192 l7.
2227 5117 2537 5192 Exercitum
2564 5118 2684 5173 sibi.
2725 5119 2896 5190 Lugd.
2930 5120 3069 5176 Batt.
3101 5135 3187 5192 pr.
3228 5128 3284 5178 et
3314 5130 3438 5179 tert.
3482 5135 3610 5180 cum

2028 5187 2172 5266 Coll.
2213 5188 2471 5266 Gronov.
2500 5193 2776 5266 exercitum
2810 5187 2889 5247 sic
2921 5192 2975 5266 in
3002 5187 3227 5266 quatuor
3260 5204 3455 5266 partes,
3501 5203 3610 5252 etc.

2028 5263 2149 5320 Mox
2179 5277 2276 5335 pro
2303 5262 2553 5335 siquidem
2582 5262 2671 5319 ed.
2696 5264 2838 5334 Aug.
2880 5262 3109 5335 quidem.

2023 5406 2037 5421 θ
2098 5335 2188 5419 ιβ.
2231 5332 2758 5421 Partemnb‘ertorius.
2790 5332 2979 5404 ‘De'Q.
3009 5334 3259 5393 Sertorio
3288 5335 3616 5395 Plutarchus

2022 5404 2688 5562 ﬂjfilii8.l¥tit‘taitt'tl:i‘¢ilir'itit'lis
2716 5477 2858 5545 belli,
2901 5488 3007 5536 etc.
3045 5479 3318 5562 [levocavi
3352 5479 3615 5562 pttlcbere

2025 5551 2223 5607 rimam
2263 5550 2403 5623 banc
2445 5551 2731 5623 lectionem
2771 5566 2842 5608 ex
2881 5565 3012 5606 mss.
3045 5549 3218 5622 Lugd.
3251 5549 3397 5608 Ball.
3428 5566 3513 5623 pr.
3560 5561 3619 5609 et

2027 5624 2193 5679 tertio
2220 5637 2342 5678 cum
2370 5622 2508 5678 Coll.
2538 5622 2806 5696 Granum,
2834 5623 3155 5696 quibuscum
3187 5633 3322 5680 vett.
3355 5622 3483 5681 edd.
3510 5626 3621 5696 ple-

2028 5709 2210 5766 ratque
2237 5697 2579 5767 conspirant.
2607 5695 2793 5765 Vulg.,
2814 5698 2929 5767 jam
2954 5693 3059 5760 hic,
3086 5698 3241 5752 nauci
3272 5712 3380 5752 non
3410 5693 3522 5752 est;
3544 5700 3619 5753 De

2028 5765 2267 5824 Antonio
2305 5765 2558 5822 similiter
2589 5765 2831 5838 loquitur
2854 5766 3105 5823 Lucanus
3126 5767 3221 5824 lib.
3248 5785 3301 5835 ν,
3320 5783 3465 5826 vers.
3486 5772 3625 5826 478:

2182 5855 2371 5924 Ductor
2393 5859 2505 5924 erat
2523 5850 2903 5924 eunetis_audai_
2915 5855 3152 5924 Antonius
3173 5857 3341 5924 armis,

2187 5918 2296 5971 tam
2323 5926 2430 5973 tum
2446 5918 2580 5973 civili
2599 5919 2866 5974 meditatus
2880 5919 3110 5977 Leucada
3132 5919 3290 5975 bello.
