4060 6344
528 299 633 359 967
1227 311 1237 321 '
1868 299 2071 360 PAULI
2122 323 2123 341 ι

2231 302 2353 363 DSll
2771 304 2788 313 ’
3700 312 3792 371 968

526 414 730 472 bellum
763 414 1222 488 excitavithquod
1266 430 1364 488 per
1404 414 1606 472 mullos
1651 429 1826 472 annos
1864 418 2118 473 maximis
2147 422 2194 481 Α
2223 421 2390 476 etiam
2418 435 2542 477 cum
2566 417 2765 479 belluis
2799 422 2974 493 pietas
3004 429 3058 481 et
3085 425 3396 483 reverentia
3424 433 3647 497 uatum,
3671 430 3791 500 quod

523 505 899 563 Romanorum
927 507 1173 564 cladibus
1217 508 1401 565 traxit.
1432 508 1641 564 Caetera
1678 523 1811 564 vero
1847 509 2141 565 exercitus.

527 602 708 674 portio
742 602 970 659 Cinnam
998 611 1186 658 secuta
1217 609 1320 657 est.
1375 602 1544 657 Porro
1589 613 1767 658 autem
1814 599 1917 657 Cn.
1968 602 2128 658 l‘om-

528 696 709 766 peius,
740 696 831 767 qui
858 710 888 750 a
917 707 1108 751 senatu
1131 709 1253 751 cum
1295 695 1546 751 exercitu
1574 695 1896 764 arcessitus,
1928 706 1985 750 ut
2014 697 2123 752 rei-

530 787 758 858 publieae
803 786 1186 859 opitularetur,
1240 797 1293 844 et
1334 787 1424 843 diu
1464 802 1591 844 sese
1628 803 1893 844 novarum
1942 805 2123 845 rerum

529 882 895 951 aucupatioae
941 872 1323 951 suspenderat,
1370 893 1720 954 contemptus
1763 899 1792 938 a
1839 883 2009 939 Mario
2039 886 2124 940 vel

531 970 726 1039 Cinna,
756 973 820 1027 ad
849 974 1152 1040 Octavium,
1181 974 1413 1030 alterum
1446 976 1750 1042 consulem,
1780 990 1903 1032 sese
1931 984 2126 1033 contu.

534 1065 617 1134 lit,
645 1075 701 1122 et
721 1081 843 1122 mox
862 1082 983 1122 cum
1011 1066 1259 1125 Sertorio
1288 1068 1555 1125 conflixit.
1592 1070 1867 1126 Infelicem
1893 1086 2125 1142 pugnam

531 1160 870 1217 interrentus
916 1164 1091 1218 noctis
1132 1163 1372 1220 diremit.
1415 1164 1461 1196 ²⁰
1494 1164 1754 1221 Sexcenti
1796 1181 1861 1220 ex
1901 1175 2128 1237 utraque

532 1265 691 1326 parte
719 1256 920 1311 milites
942 1256 1195 1312 trucidati
1224 1268 1373 1313 sunt.
1418 1258 1647 1313 Postera
1674 1268 1853 1313 autem
1887 1256 1977 1314 die
2006 1273 2127 1313 cum

535 1349 843 1421 permixtim
873 1365 1108 1421 corpora
1157 1351 1225 1407 ad
1264 1353 1601 1424 sepulturam
1639 1352 2125 1421 discernerentur,

534 1444 692 1500 miles
722 1443 1092 1516 Pompeianus
1116 1446 1161 1477 “
1195 1444 1385 1501 fratris
1413 1447 1520 1514 sui,
1561 1460 1721 1518 quem
1754 1446 1873 1517 ipse
1900 1444 2127 1501 interfe-

531 1546 705 1606 cerat,
743 1553 935 1610 corpus
966 1539 1205 1612 agnovit.
1253 1540 1311 1595 lu
1350 1554 1618 1597 concursu
1664 1540 1810 1597 enim
1834 1542 1878 1572 "
1912 1541 2131 1612 utrique

534 1632 908 1704 cognitionem
969 1636 1152 1692 vultus
1196 1635 1382 1707 galea,
1434 1636 1932 1692 considerationem
1984 1637 2133 1693 furor

534 1726 816 1782 ademerat
849 1746 863 1781 :
891 1728 1149 1799 quamvis
1174 1744 1364 1799 parum
1397 1728 1467 1784 sit
1494 1731 1669 1800 culpae
1695 1731 1845 1786 circa
1872 1731 2130 1801 ignoran-

2229 527 2368 568 unus
2399 513 2719 583 perimeado
2747 530 2813 571 ac
2840 516 3120 586 pereundo
3155 518 3459 587 commisit,
3495 520 3621 590 quia
3661 520 3709 577 in
3743 537 3796 579 se

2229 606 2312 678 agi
2345 617 2552 677 posset,
2583 607 2889 675 intremuit,
2940 624 3175 681 seseque
3205 612 3275 665 ab
3319 610 3624 682 huiusmodi
3667 613 3798 671 inec-

2229 706 2345 768 pto,
2372 701 2709 756 conscientia
2738 700 2942 768 victus,
2976 704 3217 758 removit
3245 720 3259 758 :
3289 703 3429 771 Quin
3463 704 3643 776 potius
3662 707 3799 763 annis

2230 793 2343 850 fere
2385 794 2746 866 quadraginta
2787 796 3276 865 consequentibus,
3318 798 3371 852 in
3400 807 3607 853 tantum
3649 801 3802 857 conti-

2235 896 2397 942 nuata
2430 897 2557 967 sunt
2590 886 2732 944 bella
2765 889 2968 954 civilia,
3007 900 3062 945 ut
3089 890 3408 960 magnitudo
3440 891 3635 958 laudis,
3663 894 3705 925 ’⁷
3728 908 3803 965 ap-

2229 981 2511 1054 pendeuda
2541 997 2610 1039 ex
2644 984 3021 1055 magnitudine
3051 985 3275 1040 sceleris
3298 994 3592 1055 putaretur.
3623 985 3803 1043 Omnes

2229 1074 2373 1130 enim
2420 1083 2543 1145 post
2574 1074 2681 1131 tale
2710 1075 3102 1132 documentum
3134 1077 3182 1109 ’⁸
3209 1077 3261 1132 in
3294 1078 3384 1133 tali
3418 1078 3609 1134 militia
3647 1078 3800 1148 parri-

2230 1170 2499 1226 cidiorum
2544 1170 2786 1242 pericula
2836 1169 3189 1241 refugissent,
3233 1171 3334 1227 nisi
3380 1170 3674 1240 parricidia
3705 1172 3804 1243 ipsa

2232 1263 2558 1319 voluissent.
2609 1262 2777 1333 igitur
2821 1262 3019 1318 Marius
3047 1264 3092 1296 ’θ
3124 1261 3397 1318 coloniam
3433 1262 3731 1319 Ostiensem
3763 1265 3805 1320 vi

2233 1355 2531 1426 ingressus,
2583 1354 2761 1409 omnia
2807 1353 2880 1409 ibi
2931 1370 3129 1425 genera
3179 1353 3444 1419 libidinis,
3488 1354 3724 1412 avaritia:
3757 1365 3805 1412 et

2232 1446 2573 1504 crudelitatis
2617 1447 2885 1503 exercuit.
2926 1445 3249 1517 Pompeius,
3296 1446 3524 1503 fulmine
3579 1448 3805 1516 alllatus,

2234 1540 2444 1597 interiit
2476 1557 2491 1595 :
2522 1543 2798 1596 exercitus
2840 1554 2973 1596 vero
3000 1539 3122 1610 ejus
3150 1541 3458 1611 pestilentia
3502 1550 3805 1612 correptus,

2235 1648 2377 1706 pene
2408 1640 2555 1688 totus
2586 1632 2907 1702 absumptus
2939 1640 3042 1688 est.
3078 1631 3212 1688 Nam
3246 1631 3499 1688 undecim
3536 1633 3701 1688 millia
3735 1632 3809 1689 vi-

2238 1740 2421 1780 rorum
2436 1723 2506 1780 de
2523 1723 2720 1780 castris
2735 1722 2978 1794 Pompeii
3004 1731 3241 1790 mortua,
3266 1738 3364 1780 sex
3387 1725 3555 1779 millia
3574 1723 3811 1780 autemde

538 1821 695 1887 tiam,
729 1833 790 1876 ut
818 1820 1067 1876 videatur
1100 1822 1344 1877 nescisse
1373 1822 1441 1877 de
1475 1821 1667 1891 fratre,
1692 1839 1852 1894 quem
1884 1838 1991 1879 non
2018 1838 2134 1878 am-
2168 1821 2211 1882 Β
2238 1816 2401 1891 345
2425 1827 2576 1888 varie
2596 1816 2802 1874 Οοωνὶί
2826 1819 3069 1874 COIISlIUS
3085 1818 3438 1876 “JCSideﬂIm
3467 1820 3813 1876 sunt-Marius

537 1916 742 1987 bigitur
771 1916 941 1973 scisse
960 1916 1029 1973 de
1064 1916 1208 1973 cive.
1240 1916 1429 1988 Itaque
1460 1917 1636 1973 victor
1661 1918 1806 1972 victo
1837 1917 2131 1985 infelicior,

537 2011 632 2066 ubi
659 2018 716 2066 et
746 2010 930 2066 fratris
959 2025 1163 2081 corpus
1191 2011 1438 2081 agnovit,
1474 2018 1531 2067 ct
1564 2010 1916 2081 parricidium
1950 2026 2128 2068 suum.

535 2103 584 2135 ³³
611 2114 931 2159 exsecratus
957 2102 1097 2158 bella
1121 2103 1324 2167 civilia,
1356 2103 1507 2159 illico
1539 2116 1727 2173 pectus
1755 2119 1912 2158 suum
1937 2104 2132 2175 gladio

536 2195 1021 2261 transverberatis,
1071 2195 1342 2267 simulque
1394 2195 1664 2268 lacrymas
1712 2204 1767 2251 ct
1804 2198 2129 2266 sanguinem

535 2284 794 2354 fundens,
827 2302 993 2357 super
1034 2286 1333 2343 fraternum
1364 2301 1487 2343 sese
1536 2286 1769 2344 cadaver
1807 2288 2030 2359 ahjccit.
2068 2278 2132 2345 Et

548 2379 677 2450 quid
709 2378 813 2435 hoc
837 2378 1044 2449 profuit
1071 2376 1119 2412 “
1140 2380 1208 2434 ad
1239 2378 1613 2435 confusionem
1642 2379 1882 2435 crudelis
1910 2380 2131 2451 incepti,

537 2469 679 2540 quod
711 2470 765 2525 in
797 2469 971 2541 primo
994 2471 1174 2525 statim
1206 2470 1473 2526 bellorum
1504 2469 1745 2526 civilium
1776 2471 2005 2527 exordio
2048 2472 2133 2528 iu-

538 2559 696 2616 l'amis
739 2560 880 2618 fama
920 2560 1085 2635 3M
1118 2563 1459 2633 percrebuit,
1504 2565 1855 2619 concurrisse
1911 2564 2136 2635 ignaros

540 2656 763 2727 quidem
787 2654 1009 2719 fratres.
1033 2655 1128 2712 sed
1151 2657 1405 2711 conscios
1426 2654 1575 2712 cives
1600 2675 1614 2711 :
1641 2655 1862 2726 petiisse
1887 2656 2132 2725 fratrem,

547 2750 759 2812 scelere
781 2751 1067 2818 victorem,
1115 2750 1289 2822 spolia
1334 2751 1518 2807 fratris
1544 2752 1708 2807 occisi
1737 2771 1751 2806 :
1780 2767 1844 2807 ac
1870 2767 1994 2807 mox
2020 2762 2137 2808 tan-

536 2852 606 2900 ιω
651 2844 1001 2900 immanitatis
1044 2860 1230 2912 reum,
1277 2844 1471 2900 eodem
1507 2843 1689 2915 gladio
1728 2856 1892 2916 atque
1930 2844 2119 2900 cadent

536 2952 699 2993 manu
727 2951 822 3009 per
838 2951 991 2991 suam
1027 2951 1215 2992 necem
1250 2935 1619 3007 parricidium,
1642 2936 1784 3008 quod
1814 2936 2131 3006 admiserat,

535 3029 877 3085 vindicasse?
918 3030 965 3061 ”
1010 3027 1281 3100 Numquid
1320 3028 1561 3100 aliquem
1605 3028 1661 3085 in
1704 3037 1974 3085 tantarum
2014 3031 2136 3086 ani-

536 3121 790 3178 mositate
812 3121 1048 3191 partium
1072 3131 1182 3176 tam
1210 3121 1365 3177 triste
1394 3121 1564 3177 movit
1584 3121 1935 3193 exemplum?
1963 3122 2129 3180 Num-

2237 1911 2280 1945 ³¹
2297 1913 2515 1968 Antium
2540 1919 2597 1967 et
2617 1911 2843 1967 Aritiam
2870 1911 3119 1968 civitates
3140 1911 3417 1968 hostiliter
3446 1912 3669 1984 irrupit,
3699 1927 3813 1968 cun.

2236 2013 2461 2075 ctosque
2504 2002 2558 2059 in
2606 2003 2691 2059 his
2735 2012 2937 2074 printer
2984 2003 3296 2075 proditores
3341 2003 3655 2071 interfecit,
3686 2004 3811 2060 bona

2237 2097 2348 2153 suis
2377 2096 2679 2169 diripienda
2711 2099 2975 2167 permisit.
3012 2098 3138 2153 Post
3164 2096 3338 2153 Cinna
3380 2098 3572 2154 consul
3605 2112 3721 2154 cum
3748 2097 3812 2155 le-

2235 2190 2523 2261 gionibus,
2573 2196 2630 2244 et
2673 2189 2874 2245 Marius
2922 2205 3046 2245 cum
3084 2189 3328 2261 fugitivis
3352 2189 3552 2248 Urbem
3580 2191 3812 2262 ingressi,

2236 2282 2284 2315 ³⁸
2315 2283 2692 2341 nobilissimos
2729 2299 2974 2357 quosque
3002 2301 3032 2342 e
3062 2295 3286 2356 senatu,
3327 2296 3381 2341 et
3406 2286 3680 2357 plurimos
3701 2302 3815 2343 con-

2237 2378 2448 2435 sulares
2476 2378 2627 2435 viros
2674 2376 3082 2435 interfecerunt.
3126 2378 3238 2436 Sed
3265 2425 3279 2448 ,
3307 2392 3469 2450 quota
3503 2380 3625 2436 haec
3658 2379 3817 2451 portio

2236 2482 2523 2530 amentatae
2561 2472 2800 2529 miseria:
2843 2482 2962 2539 est,
3015 2488 3125 2528 uno
3149 2472 3320 2530 verbo
3348 2473 3611 2530 definisse
3633 2473 3816 2530 ccedam

2236 2564 2506 2622 honorum
2533 2606 2550 2632 ,
2599 2564 2754 2637 cujus
2799 2563 2899 2620 fuit
2930 2572 3077 2621 tanta
3109 2566 3498 2629 numerositas,
3533 2574 3681 2622 tanta
3710 2569 3817 2622 diu-

2237 2656 2489 2725 turnitas,
2522 2664 2668 2713 tanta
2696 2647 3025 2721 crudelitas.
3073 2664 3327 2729 tantaque
3372 2658 3701 2714 diversitas?
3726 2656 3818 2715 Ve-

2238 2759 2545 2810 rumtamen
2583 2752 2794 2824 aequius
2819 2760 2933 2818 est,
2967 2767 3054 2808 me
3092 2752 3297 2822 aliquid
3330 2754 3586 2808 utilitatis
3619 2754 3821 2810 subtra-

2235 2849 2381 2905 xisse
2411 2862 2592 2904 causa:
2617 2892 2633 2919 ,
2678 2862 2841 2919 quam
2884 2857 3094 2903 tantum
3124 2848 3374 2904 horroris
3412 2850 3710 2921 ingessisse
3735 2866 3820 2905 no-

2236 2941 2374 2998 titize
2396 2984 2410 3009 ,
2439 2942 2558 2999 sive
2593 2942 2788 3013 peritis
2830 2941 2949 2999 lucc
2972 2986 2990 3014 ,
3024 2943 3139 2999 sive
3178 2944 3451 3016 imperitis
3480 2945 3818 3016 objiciautur.

2238 3035 2314 3092 De
2343 3036 2515 3106 patria
2545 3035 2842 3106 siquidem,
2865 3033 2936 3091 de
2960 3035 3192 3105 civibus,
3221 3044 3278 3092 et
3302 3035 3371 3092 de
3396 3037 3694 3106 majoribus
3729 3052 3817 3092 no-

2235 3129 2363 3184 stris
2404 3127 2526 3183 hazc
2570 3127 2875 3199 loquimur:
2919 3127 3011 3199 qui
3052 3128 3138 3183 his
3182 3128 3440 3200 exagitati
3492 3131 3694 3200 malis,
3721 3137 3818 3183 tam

535 3216 666 3288 quid
690 3216 832 3289 apud
859 3231 1184 3286 quemquam
1213 3216 1515 3286 periculum
1543 3215 1765 3272 sceleris
1793 3216 1993 3287 repulit
2022 3229 2129 3274 ter-
2157 3207 2204 3272 C
2236 3221 2598 3278 abominanda
2622 3231 2943 3294 gesserunt,
2973 3220 3044 3278 de
3073 3221 3269 3293 quibus
3291 3221 3456 3278 etiam
3496 3222 3699 3278 auditis
3737 3235 3821 3293 po-

534 3328 628 3370 ror
656 3314 968 3372 erroris?"
1003 3313 1277 3387 Numquid
1328 3314 1467 3382 haec,
1516 3330 1637 3387 qum
1683 3314 1993 3372 communis
2041 3327 2128 3373 est

2232 3315 2368 3374 steri
2412 3315 2865 3387 perhorrescant;
2895 3313 2986 3387 qui
3023 3312 3273 3389 profecto
3311 3314 3506 3373 uolunt
3536 3315 3640 3374 ista
3670 3312 3821 3371 nimis

1818 3453 2269 3515 IIAVERCMIPI
2312 3452 2546 3513 NOTAE.

603 3570 695 3627 20.
741 3564 1005 3628 sexcenti.
1047 3570 1208 3626 Solus
1237 3565 1454 3635 Co!ou.,
1482 3565 1772 3623 sexcenteni
1804 3580 1870 3622 ex
1899 3568 2126 3625 historia

528 3646 738 3713 Integrc
768 3643 983 3710 scripsit
1021 3656 1118 3711 pro
1155 3642 1403 3713 sexcenti.
1438 3639 1694 3696 LAUT-—
1716 3637 1837 3693 Mox
1869 3641 2128 3713 codtl’e-

529 3711 729 3779 rizou.,
769 3714 1001 3780 mixtim;
1047 3713 1218 3785 Lugd.
1260 3712 1403 3768 Batt.
1437 3728 1519 3785 pr.
1563 3719 1620 3766 et
1660 3720 1790 3766 tert.
1829 3726 1957 3767 cum
1985 3711 2126 3769 Coll.

530 3788 799 3858 Gronov.)
831 3787 1107 3858 permixta.

596 3859 688 3914 2|.
730 3853 941 3913 Fratris
977 3858 1080 3911 sui.
1124 3856 1326 3915 Lucan.
1358 3855 1455 3911 lib.
1485 3868 1585 3920 vn,
1612 3853 1717 3910 550
1748 3871 1762 3908 :

688 3959 780 4012 ille
803 3958 940 4011 locus
962 3958 1143 4010 fratres
1165 3957 1359 4022 habuit,
1381 3955 1517 4008 locus
1540 3954 1627 4007 ille
1654 3960 1906 4020 parentes.

598 4069 692 4125 22.
726 4066 966 4139 Utrique.
986 4066 1115 4122 Mss.
1137 4064 1357 4139 quidam
1378 4063 1607 4139 et_edd.,
1632 4062 1927 4139 utrimque;
1951 4059 2123 4133 Lugd.

531 4140 653 4197 Bal.
684 4156 793 4212 pr._.
820 4135 877 4193 at
896 4135 1318 4212 concursu'enim
1348 4135 1602 4206 utrimque
1625 4137 1785 4206 facta.

600 4207 698 4269 25.
736 4210 1072 4266 Exsecratus.
1117 4209 1215 4263 Ed.
1244 4207 1497 4278 August.,
1526 4221 1818 4262 αδεσπ-ωηο.

596 4285 691 4340 24.
730 4282 813 4338 Ad
850 4282 1227 4354 confusionem.
1268 4279 1455 4354 Altera
1483 4278 1704 4354 additur
1741 4278 1908 4339 lcetio
1942 4284 1994 4339 in
2023 4284 2115 4340 ed.

529 4354 853 4426 Attgust._ad
875 4350 1266 4426 confessionem.
1297 4350 1406 4426 Sed
1430 4351 1609 4426 proba.
1630 4356 1719 4404 est
1739 4363 1892 4426 vetus
1912 4367 1965 4410 et
1988 4355 2128 4412 Oro-

531 4420 704 4483 siuna.
740 4423 858 4481 Non
884 4420 1085 4494 profuit
1111 4423 1285 4492 inquit
1317 4421 1532 4494 publice
1560 4420 1731 4489 pietas
1764 4425 1993 4491 privata,
2024 4443 2120 4482 nc-

531 4513 644 4570 que
677 4492 922 4553 confudit
957 4494 1251 4570 Romanos,
1279 4503 1337 4570 ut
1364 4492 1599 4547 vitarent
1633 4497 1879 4565 exempla
1922 4499 2122 4555 similia

531 4564 589 4624 et
616 4569 946 4624 desisterent
974 4583 1002 4619 a
1035 4564 1180 4619 bello
1208 4564 1498 4619 scelerato.

602 4640 694 4694 25.
742 4638 1005 4708 Numquid
1032 4634 1553 4710 aliquem._0rosi_um
1585 4649 1688 4690 una
1717 4651 1849 4710 voce
1877 4639 2122 4710 locuple.

533 4712 732 4767 tiorem
765 4707 999 4782 reddidit
1022 4709 1146 4762 cod.
1178 4708 1438 4782 l‘eriz-ui.‘
1458 4707 1834 4764 interserendo
1861 4707 2114 4782 aliquem.

532 4781 904 4852 Necessarium
930 4781 1075 4852 illam
1096 4794 1219 4835 esse
1248 4778 1467 4848 negabit
1487 4792 1670 4852 nemo,
1692 4791 1816 4852 cum
1840 4778 2120 4852 sequatur,

531 4855 587 4909 Ν
592 4851 807 4927 nmquid
824 4850 978 4927 apud
1006 4859 1465 4927 quemquant,_etc.
1498 4848 1670 4919 Lugd.
1706 4851 1852 4927 Batt.
1881 4848 2116 4927 quatuor

530 4936 586 4983 et
636 4921 774 4983 Ul'tr.
824 4921 1038 4994 legunt,
1094 4921 1362 4995 Numquid
1384 4921 1720 4995 interiturum
1763 4921 2119 4982 animositates

529 4999 774 5071 partium.
805 4992 1003 5051 Exstat
1027 4995 1162 5071 ead.
1197 4992 1358 5049 lectio
1383 4992 1435 5048 in
1468 4992 1733 5049 Florentt.
1767 5009 1851 5064 pr.
1891 5004 1947 5051 et
1975 5011 2115 5069 sec.,

529 5068 625 5127 sed
658 5070 709 5125 in
745 5082 861 5124 sec.
901 5068 1211 5137 corrigitur.

596 5142 690 5197 26.
733 5138 1007 5211 Numquid
1027 5134 1136 5192 litae
1152 5151 1288 5207 quat,
1308 5144 1426 5211 etc._
1440 5134 1580 5191 Puto
1600 5149 1724 5192 esse
1742 5136 2106 5211 scribendum,

525 5210 673 5268 Num
695 5212 829 5283 quis,
859 5208 991 5277 hinc,
1024 5224 1139 5283 qua:
1167 5208 1453 5283 communis
1494 5216 1590 5283 est,
1631 5218 1747 5283 etc._
1773 5208 1912 5283 Num
1949 5212 2069 5282 quis
2089 5251 2107 5279 ,

529 5278 1154 5354 inquit,iotremuith:cc
1178 5280 1215 5335 i.
1249 5294 1301 5335 e.
1324 5279 1395 5354 ad
1426 5278 1580 5354 haec?
1604 5281 1750 5354 quod
1782 5278 2000 5338 firmant
2024 5278 2111 5338 illa

524 5352 648 5426 qua:
679 5362 1008 5425 sequuntur,
1046 5352 1347 5426 seseqztelub
1375 5352 1671 5426 huiusmodi
1707 5356 1933 5424 incepto,
1977 5371 2109 5409 con-

524 5421 739 5480 scientia
760 5421 945 5490 uictus,
974 5421 1228 5479 removit?
1262 5424 1379 5479 Non
1408 5421 1553 5477 enim
1584 5421 1769 5495 video,
1802 5421 1926 5495 quo
1944 5427 2110 5482 modo

523 5497 685 5554 aliter
708 5497 839 5553 satis
866 5506 995 5567 apte
1020 5495 1123 5551 sibi
1153 5495 1317 5549 verba
1344 5495 1681 5550 cohaereant.
1717 5494 1842 5563 Vel,
1888 5507 2110 5567 recepta

522 5568 902 5625 emendatione
931 5568 1051 5623 cod.
1081 5567 1355 5631 Pcrizon.,
1400 5566 1513 5635 qui,
1549 5580 1645 5633 pro
1673 5568 1993 5621 conscientia
2024 5566 2109 5622 tti-

517 5650 653 5709 ctus,
687 5641 816 5711 legit
839 5638 1156 5711 conscientia,
1178 5641 1347 5711 victa,
1366 5636 1515 5711 locus
1545 5637 1646 5692 hac
1665 5637 2112 5707 interponetione

511 5707 784 5783 juva‘ndu's
811 5707 1042 5783 videtur.
1077 5707 1347 5783 Numquid
1382 5709 1520 5783 hac,
1556 5723 1674 5779 qua:
1715 5712 2009 5783 communis
2039 5719 2115 5765 est

514 5778 671 5854 etiam
704 5797 820 5838 cum
853 5780 1039 5837 belluis
1076 5780 1206 5854 (vel
1236 5778 1443 5854 bellule,
1488 5778 1674 5835 deleto
1708 5794 1849 5854 cum,
1896 5788 1955 5835 ut
1984 5781 2114 5839 facit

516 5851 799 5928 Pcrizon.)
830 5855 991 5927 pietas
1031 5851 1391 5913 «reverentia
1427 5858 1653 5920 natum,
1684 5851 1829 5925 quod
1858 5869 1994 5922 unus
2021 5869 2113 5929 pe-

2239 3567 2474 3624 rimendo
2502 3580 2565 3620 ac
2590 3564 2871 3639 pereunda
2895 3563 3322 3639 reminisit,_quia
3346 3565 3400 3618 in
3428 3579 3485 3618 se
3513 3564 3607 3636 agi
3630 3572 3816 3639 posset,

2240 3639 2539 3704 intremuit,
2583 3636 2794 3710 seseque
2818 3637 2883 3690 ab
2912 3636 3215 3707 ltujusmodi
3266 3637 3474 3707 incepto
3515 3637 3816 3691 conscientia

2236 3715 2371 3767 victu
2399 3709 2653 3764 removit?

2305 3784 2397 3838 2‘7.
2440 3779 2818 3852 Appendenda.
2841 3778 2961 3852 Meo
2984 3777 3225 3850 periculo
3252 3777 3377 3848 hoc,
3408 3794 3510 3852 pro
3538 3776 3816 3852 appetenda

2233 3862 2414 3910 textus
2435 3849 2684 3922 recipiat,
2710 3860 2787 3916 et,
2813 3851 2916 3906 nisi
2946 3849 3005 3906 ut
3022 3866 3211 3906 verum
3231 3851 3456 3922 verbum
3479 3849 3629 3918 dem,
3655 3852 3817 3922 actio-

2234 3942 2357 3981 Item
2396 3921 2717 3993 injuriarum
2752 3938 2780 3976 a
2812 3931 3045 3992 prtctore
3085 3922 3345 3990 postulet.
3394 3921 3819 3978 Laeta—Erui-

2233 4013 2354 4053 mus
2399 3995 2537 4051 ltane
2578 3996 2867 4050 lectionem
2910 4002 3032 4064 post
3069 3993 3320 4049 Lautium
3352 4008 3420 4050 ex
3455 3994 3611 4049 libris
3653 4007 3810 4058 mss.,

2230 4070 2320 4138 qui
2353 4067 2467 4125 fere
2492 4081 2682 4123 omnes
2714 4070 2785 4120 ita
2820 4065 3025 4138 legunt,
3058 4065 3143 4121 vel
3167 4067 3239 4120 ita
3263 4066 3547 4138 legendum
3575 4079 3700 4138 esse
3727 4079 3813 4118 su-

2231 4136 2591 4211 perscriptum
2637 4137 2861 4193 habent.
2884 4136 3068 4211 ’ango
3096 4137 3408 4211 appetenda,
3448 4136 3607 4211 quod
3625 4151 3817 4211 nequa-

2230 4208 2395 4281 quam
2426 4208 2650 4266 alterius
2678 4209 2946 4265 venustati
2992 4224 3090 4278 par
3132 4208 3239 4263 est.
3283 4208 3641 4280 Appendenda
3679 4208 3812 4281 enim

2230 4280 2498 4354 significat
2531 4284 2890 4354 aequationem
2922 4280 3094 4335 laudis
3130 4290 3189 4354 et
3219 4282 3474 4354 sceleris;
3509 4294 3674 4349 quam
3708 4280 3813 4354 lau-

2227 4349 2351 4409 dém
2386 4369 2494 4409 non
2525 4349 2657 4408 dicit
2682 4352 2910 4408 Orosius
2949 4362 3071 4409 esse
3098 4351 3420 4421 simpliciter
3458 4349 3809 4421 appetendam

2226 4440 2291 4481 es
2326 4424 2694 4496 magnitudine
2720 4424 2966 4491 sceleris,
3003 4423 3097 4478 sed
3129 4422 3531 4496 aestimandam,
3571 4422 3814 4496 similitu-

2227 4496 2356 4553 dine
2383 4493 2807 4566 a'lancibustet
2834 4496 2998 4551 rebus
3026 4509 3148 4566 qua:
3170 4494 3225 4549 in
3254 4494 3445 4549 iisdem
3496 4493 3814 4566 appendun-

2229 4576 2336 4635 tnr,
2361 4569 2666 4638 desumpta.
2697 4565 2849 4622 Flor.
2882 4580 2968 4638 pr.
3000 4564 3265 4638 praeterea
3295 4566 3421 4638 legit
3461 4564 3531 4620 ad
3557 4565 3813 4638 magnitu-

2226 4641 2395 4695 dinem
2425 4639 2649 4694 sceleris.

2294 4713 2386 4767 28.
2432 4713 2498 4765 In
2544 4710 2638 4766 tali
2677 4710 2882 4764 militia.
2926 4709 3056 4764 Mss.
3090 4718 3147 4766 et
3188 4708 3315 4765 edd.
3361 4707 3600 4781 quidam,
3635 4706 3806 4763 intuli

2225 4784 2428 4837 malitia
2446 4823 2467 4854 ,ν
2494 4791 2549 4837 et
2580 4796 2705 4854 mox
2723 4783 3040 4854 ,fugissent.

2151 4889 2198 4949 υ
2230 4942 2242 4949 -
2727 4848 3039 4949 eteae;
3055 4852 3192 4949 1'93
3227 4848 3416 4949 seu
3444 4850 3682 4923 Αννίιιη·
3705 4849 3800 4905 ιη’·

2228 4942 2267 4990 ι.
2310 4926 2453 4981 Plut.
2482 4926 2534 4979 in
2562 4926 2734 4992 Sulla,
2761 4925 2876 4980 Liv.
2901 4924 2994 4979 lib.
3020 4939 3204 4979 Lxxtx.
3234 4923 3398 4979 FABR.

2298 4999 2389 5054 '50.
2433 4994 2739 5051 Desiderata
2784 5006 2923 5050 sunt.
2978 4995 3247 5059 Peritum,
3300 4995 3470 5051 deleta
3512 5003 3655 5051 sunt.
3709 4996 3813 5054 Sed

2225 5078 2337 5125 tres
2363 5067 2532 5138 Lugd.
2565 5067 2707 5122 Bttt.
2737 5081 2861 5122 cum
2908 5067 3048 5121 Coll.
3075 5066 3339 5138 Gronov.,
3382 5068 3612 5138 siderum
3653 5080 3812 5123 sunt:

2221 5140 2377 5212 quasi
2406 5134 2671 5212 dicerent,
2702 5151 2876 5212 pravo
2900 5138 3081 5196 sidere
3101 5150 3231 5212 sunt
3252 5137 3454 5212 afflatu.
3494 5134 3549 5193 In
3575 5137 3800 5211 August.

2220 5209 2437 5283 quoque
2466 5211 2545 5267 sie
2568 5209 2766 5274 editur,
2795 5210 3043 5270 siderum.
3075 5211 3168 5265 alii
3196 5209 3461 5265 debilitata
3481 5218 3621 5265 sunt.
3673 5209 3691 5211 ⁷

2290 5283 2382 5339 51.
2421 5282 2632 5337 Antium
2660 5292 2709 5336 et
2744 5282 2983 5336 Aritiam.
3010 5279 3202 5339 Ἀντίου
3241 5286 3329 5339 καὶ
3355 5283 3686 5340 Ἀοικέανικαε
3707 5294 3751 5339 Λ

2367 5323 2382 5339 .
2421 5297 2632 5337 mutum
2660 5297 2709 5336 ει
2744 5297 2983 5336 armum.
3012 5297 3202 5339 “⁷Αντιον
3241 5297 3329 5339 καὶ
3361 5297 3686 5341 ’Λραιανθκαὶ
3707 5297 3811 5341 Λπ-

2291 5303 2382 5339 ῢῑ.
2421 5303 2632 5337 artuum
2660 5303 2708 5336 ει
2744 5303 2983 5336 antrum.
3037 5303 3202 5339 Αντιον
3241 5303 3329 5339 και
3362 5303 3572 5363 Ἀρικιαν

2216 5356 2419 5411 eodem
2450 5354 2679 5423 Appian.
2714 5352 2879 5409 FABR.
3577 5406 3582 5417 ,

2290 5426 2379 5482 52.
2425 5424 3073 5497 Nobilissimosquosque.
3101 5425 3159 5483 In
3190 5425 3276 5483 his
3308 5424 3526 5497 fuerunt
3550 5433 3664 5482 tres
3693 5441 3812 5483 ora-

2220 5506 2387 5563 tores,
2422 5500 2493 5563 ρ.
2521 5495 2762 5563 Catulus,
2796 5495 2877 5551 Μ.
2908 5495 3165 5553 Antonius
3189 5540 3204 5565 ,
3231 5496 3292 5554 (Σ.
3315 5496 3492 5552 Julius
3517 5498 3711 5562 Ctesar,
3742 5499 3810 5553 de

2224 5569 2425 5641 quibus
2467 5567 2660 5624 Cicero
2686 5570 2765 5641 lin
2811 5568 3000 5624 Bruto.
3048 5568 3183 5625 Tum
3226 5582 3441 5641 quoque
3479 5569 3735 5624 Octavius
3757 5576 3811 5641 et

2222 5640 2427 5712 Merula
2473 5653 2622 5696 coss.
2671 5639 2903 5712 Crassus
2952 5647 3110 5708 pater
3152 5650 3209 5696 et
3235 5639 3397 5708 filius,
3427 5641 3694 5712 multique
3718 5640 3807 5696 alii

2222 5711 2533 5783 interfecti:
2583 5712 2653 5767 de
2682 5711 2898 5783 quibus
2937 5712 3216 5782 Appianus
3264 5712 3360 5769 lib.
3400 5726 3438 5781 t,
3488 5710 3616 5769 Liv.
3637 5727 3805 5783 Lux,

2220 5781 2425 5842 Lucan.
2460 5782 2553 5841 lib.
2585 5797 2647 5856 tt,
2680 5781 2921 5841 Velleius
2949 5793 3008 5841 et
3027 5781 3140 5840 alii.
3167 5783 3333 5842 Fasti.
