4096 6350
285 297 393 356 9⁸13

1333 278 1814 373 Ηιδτοιὶιωυη
1845 312 2050 376 LIBER
2090 313 2155 370 v.
2197 313 2351 373 CAP.
2395 314 2539 374 xxu.

3475 320 3577 379 974

284 414 487 485 toginta
510 415 795 474 hominum
819 419 947 489 fuit,
976 421 1031 478 in
1061 423 1258 492 quibus
1295 438 1528 499 quatuor
1558 431 1874 490 consulares
1905 444 1953 505 Α
1980 446 2190 501 eorum,
2218 435 2260 466 ¹⁷
2281 449 2402 489 cum
2424 432 2677 490 Telesino
2699 439 2881 489 mutua
2904 441 3078 491 morte
3092 437 3389 492 concurrit.
3410 436 3574 492 Dum-

278 515 455 576 eraut,
488 505 688 577 Carbo,
719 510 941 582 Marius,
961 512 1269 586 Norbanus,
1302 529 1358 578 et
1392 524 1632 595 Scipio,“
1656 535 1711 582 et
1736 527 1877 584 inter

276 615 371 657 eos
395 601 688 672 Sertorius,
721 612 850 664 tunc
882 610 1120 668 maxime
1146 614 1637 684 pertimescendus.
1674 622 1717 653 ¹⁰
1747 621 1877 679 Item

273 697 378 754 alia
401 714 523 756 cum
554 702 870 776 quingentis
902 708 1211 766 nominibus
1241 713 1517 783 proposita
1564 727 1669 786 est,
1716 734 1876 788 quam

271 806 394 848 cum
424 792 654 863 Lollius,
689 798 889 870 quippe
922 817 1147 860 securus
1180 805 1426 879 nihilque
1466 809 1569 867 sibi
1600 812 1872 883 conscius,

271 887 499 961 legeret,
527 891 618 948 ubi
667 908 826 951 suum
855 906 1084 967 repente
1115 915 1318 957 nomen
1349 902 1596 970 oll‘endit,
1633 906 1761 961 dum
1813 922 1874 964 se

269 983 541 1052 trepidus,
566 985 831 1057 adeperto
861 991 1058 1061 capite,
1092 992 1212 1050 foro
1239 994 1528 1068 subtrahit,
1556 1000 1873 1058 interfectus

265 1088 372 1132 est.
408 1079 515 1136 Sed
545 1096 614 1136 ne
640 1082 692 1138 in
721 1083 855 1154 ipsis
885 1087 1105 1157 quidem
1136 1089 1332 1147 tabulis
1359 1091 1493 1149 ﬁdes
1519 1108 1581 1150 ac
1610 1094 1733 1151 linis
1758 1110 1877 1154 ma-

265 1167 447 1227 lorum
462 1172 814 1231 videbatur.“
832 1176 1077 1251 Namque
1090 1180 1392 1255 alios,quos
1412 1188 1867 1259 proscripserant.

258 1261 614 1336 jugulabant;
637 1269 775 1328 alios
799 1282 1001 1343 autem,
1020 1284 1305 1347 postquam
1322 1278 1728 1353 jugulaverant,
1747 1297 1872 1355 pro-

261 1358 603 1417 scribebant.
634 1361 746 1420 Nec
778 1365 949 1435 ipsius
972 1368 1165 1424 mortis
1184 1377 1306 1425 erat
1335 1370 1420 1425 via
1473 1373 1726 1444 simplex,
1774 1385 1869 1431 aut

263 1463 371 1504 una
397 1452 666 1525 conditio,
701 1464 760 1512 ut
807 1457 859 1512 in
885 1470 1022 1516 nece
1050 1459 1250 1517 civium
1289 1461 1481 1519 saltem
1503 1464 1595 1535 jus
1627 1465 1864 1522 hostium

259 1553 606 1612 servaretur,
633 1548 726 1618 qui
772 1549 906 1604 nihil
937 1565 968 1606 a
1000 1551 1159 1608 victis
1196 1563 1398 1624 praeter
1424 1556 1587 1612 vitam
1619 1558 1862 1630 exigunt.

268 1633 314 1667 “
342 1635 418 1692 Μ.
460 1637 690 1697 Marium
740 1642 1031 1714 siquidem,
1064 1644 1134 1701 de
1161 1647 1350 1717 caprili
1380 1664 1508 1704 casa
1533 1658 1860 1719 extractum,

264 1728 459 1788 vinciri
490 1733 640 1790 Sulla
660 1734 854 1806 jussit;
890 1737 934 1771 “
963 1737 1297 1812 ductumque
1343 1749 1494 1798 trans
1531 1742 1770 1800 Tiberim
1793 1746 1862 1802 sd

1982 539 2087 596 que
2105 527 2389 583 violentius
2412 527 2529 598 ipse
2549 527 3085 584 minconcurreutem
3110 544 3300 585 manus
3323 532 3363 562 ³9
3388 530 3575 600 adigit,

1979 620 2120 675 circa
2151 635 2305 676 suum
2333 621 2526 676 vulnus
2551 636 2768 676 manum
2794 621 3144 693 percutientis
3172 622 3464 679 hebetavit.
3501 622 3577 677 lta

1978 727 2046 768 eo
2075 714 2362 772 interfecto
2384 757 2398 782 ,
2452 716 2568 787 ipse
2598 715 2789 771 leviter
2830 716 3182 781 vulneratus,
3234 716 3281 747 ²⁰
3307 715 3575 772 cervicem

1978 819 2137 862 servo
2167 822 2265 863 suo
2292 808 2542 879 praebuit.
2567 807 2906 864 Carrinatem
2932 816 3220 878 prtetoretn
3243 807 3389 863 Sulla
3412 810 3577 879 jugu-

1978 899 2127 957 lavit.
2159 901 2288 958 inde
2319 902 2598 960 Prstaeste
2631 902 2903 972 prolectus
2927 945 2940 967 ,
2974 917 3165 959 omnes
3187 902 3445 959 Mariana:
3474 903 3576 959 mi-

1976 991 2111 1049 litiae
2126 994 2417 1065 principes,
2445 994 2549 1051 hoc
2566 1003 2649 1051 est
2668 995 2897 1066 legatos,
2917 1004 3239 1067 quatstores,
3265 994 3572 1065 praefectos,

1974 1096 2030 1144 et
2076 1088 2320 1146 tribunos
2344 1088 2506 1159 jussit
2533 1088 2726 1145 occidi.
2789 1089 3079 1160 Pompeius
3108 1088 3409 1146 Carbonem
3450 1090 3492 1129 εί
3540 1105 3573 1145 a

1975 1177 2208 1237 Cossura
2237 1182 2417 1238 insula
2444 1181 2499 1239 in
2528 1182 2823 1255 Egyptum
2856 1182 3043 1255 fugere
3068 1193 3379 1252 conantem,
3409 1183 3463 1240 in
3487 1183 3574 1240 Si-

1981 1274 2161 1330 ciliam
2192 1276 2263 1332 ad
2290 1290 2349 1333 se
2371 1285 2661 1333 retractum
2682 1317 2699 1344 ,
2728 1284 2784 1333 et
2807 1280 3116 1349 complures
3144 1293 3267 1334 cum
3298 1293 3365 1334 eo
3396 1279 3572 1334 sucini

1973 1369 2093 1439 ejus
2132 1370 2351 1426 occidit.
2395 1371 2543 1427 Sulla
2570 1371 2801 1428 dictator
2825 1380 3042 1428 creatus
3069 1382 3187 1440 est,
3237 1384 3297 1428 ut
3323 1373 3572 1429 domina-

1975 1462 2139 1519 tionis
2169 1472 2224 1519 et
2249 1464 2592 1520 crudelitatis
2618 1463 2805 1529 libido,
2838 1464 3052 1521 honesti
3082 1464 3450 1537 praecipuique
3477 1479 3574 1521 no-

1974 1555 2136 1611 minis
2161 1557 2462 1614 reverentia
2484 1569 2537 1614 et
2560 1566 2868 1613 armaretur
2891 1567 2947 1615 et
2972 1558 3262 1614 velaretur.
3287 1557 3576 1629 Pompeius

1972 1648 2025 1703 in
2060 1648 2297 1705 Africam
2324 1658 2718 1721 transgressus,
2750 1651 3033 1721 eruptione
3061 1650 3204 1706 circa
3227 1649 3436 1706 Uticam
3465 1650 3574 1706 [aco

1972 1748 2048 1805 ta,
2074 1744 2122 1774 “
2152 1743 2340 1799 decem
2369 1753 2424 1799 et
2452 1755 2577 1798 Octo
2604 1743 2770 1799 millia
2798 1742 3080 1799 hominum
3111 1743 3404 1799 interfecit.
3452 1743 3573 1810 Quo

256 1822 598 1882 Lutatinrum
629 1829 961 1901 sepulcrum,
991 1831 1205 1888 ell'ossls
1243 1834 1438 1902 oculis,
1489 1838 1861 1910 membrisque
1892 1846 1941 1913 Β
1970 1834 2118 1892 bello
2154 1836 2441 1908 Domitius,
2472 1837 2576 1892 dux
2602 1837 2896 1905 Marianus,
2920 1836 3046 1893 dum
3071 1836 3119 1869 ³³
3141 1837 3282 1892 inter
3310 1836 3574 1907 primores

266 1918 585 1976 minutatim
634 1922 890 1992 desectis,
941 1927 1025 1983 vel
1077 1929 1238 1983 etiam
1303 1929 1507 1997 fractis,
1574 1932 1858 1988 trucidari.

254 2012 391 2070 Post
420 2014 564 2073 hunc
593 2016 636 2049 “
662 2017 725 2074 P.
769 2018 1058 2087 Laetorius,
1108 2031 1440 2095 senatarque
1473 2024 1517 2056 ¹⁸
1561 2023 1859 2083 Venuleios

253 2107 418 2183 351
439 2112 629 2168 occisi.
657 2113 727 2169 Μ.
750 2114 902 2169 Marii
930 2115 1149 2187 caput,“
1171 2116 1449 2174 Prmneste
1479 2120 1729 2186 missum:
1751 2135 1860 2191 quo

254 2204 400 2275 viso,
426 2205 489 2261 (Ξ.
518 2205 717 2263 Marius
742 2207 930 2264 ultima
960 2209 1341 2281 desperatione
1369 2221 1675 2283 correptus,
1707 2214 1797 2270 ubi
1826 2229 1858 2269 a

252 2294 511 2355 Lucretio
539 2299 928 2369 obsidebatur,
978 2318 1046 2358 ne
1082 2302 1134 2359 in
1161 2318 1354 2361 manus
1384 2304 1646 2361 incideret
1680 2306 1857 2362 inimi-

1974 1939 2266 2002 repugnat,
2309 1934 2524 1987 occisus
2567 1941 2670 1986 est.
2728 1931 2983 2002 Idemque
3022 1929 3310 2002 Pompeius
3341 1929 3387 1961 “
3418 1929 3573 1986 llier-

1972 2034 2114 2094 tam,
2149 2026 2411 2080 Numidia:
2444 2040 2625 2093 regem
2648 2064 2663 2092 ,
2696 2034 3044 2094 persecutus,
3074 2024 3122 2056 "
3149 2022 3443 2094 fugientem
3473 2068 3485 2089 ,
3537 2039 3569 2077 a

1969 2118 2191 2190 Bogudc
2217 2117 2417 2175 Bocchi
2447 2120 2754 2174 Maurorum
2789 2119 2935 2189 regis
2963 2117 3107 2185 lilio,
3156 2117 3379 2188 spoliari
3406 2116 3569 2189 352

1970 2214 2223 2271 Omnibus
2242 2214 2414 2285 copiis
2432 2213 2501 2269 let
2518 2213 2588 2267 it:
2617 2228 2778 2283 quem
2801 2213 3062 2269 continuo
3083 2211 3130 2243 ³⁸
3152 2210 3361 2267 Bullsm
3389 2225 3566 2265 rever-

1970 2307 2320 2377 sum,tradito
2346 2307 2447 2363 sibi
2476 2306 2705 2377 Oppido,
2736 2305 3026 2364 interfecit.

1536 2524 1994 2586 HAVERCAMPI
2033 2527 2268 2585 NOTAE.

324 2715 384 2769 9.
413 2711 477 2785 Et
503 2713 639 2768 inter
664 2729 767 2768 eos.
803 2713 879 2768 Ita
911 2727 1042 2769 mss.
1076 2723 1291 2785 names,
1328 2724 1459 2785 non,
1488 2713 1723 2785 interque
1749 2730 1857 2770 eos.

323 2787 420 2842 10.
448 2784 583 2840 Item
614 2784 744 2839 alia.
778 2786 878 2841 Ed.
911 2788 1047 2856 Aug.
1089 2784 1238 2839 addit
1267 2784 1464 2839 tabula.

324 2856 673 2929 H.7Naatque
695 2857 846 2913 alios.
873 2856 931 2911 In
954 2855 1061 2912 uno
1083 2866 1176 2910 aut
1196 2857 1372 2911 altero
1399 2855 1570 2927 Lugd.
1587 2856 1707 2913 Bat.
1728 2857 1862 2929 legi-

249 2939 364 2985 tur:
386 2928 625 3001 Namque
644 2929 797 2995 alios,
814 2945 941 2998 quos
962 2944 1064 2982 non
1088 2928 1857 3001 proscripserautjugulabaat:

250 3001 387 3055 alios
416 3000 608 3071 autem,
660 3011 931 3071 postquam
972 3000 1375 3071 juguluuct'ant,
1441 3000 1852 3070 prescribcbanl.

246 3070 375 3128 Mox
404 3089 440 3126 a
467 3066 612 3127 uictis
645 3066 858 3127 exsulat
898 3086 927 3126 a
959 3066 1280 3141 quibusdam
1318 3066 1488 3138 iussi;
1519 3072 1611 3126 alii
1644 3073 1854 3144 simpli-

257 3145 403 3202 citer
432 3146 580 3201 uictis
608 3144 874 3200 scribunt.

323 3216 416 3273 i2.
471 3216 549 3271 M.
608 3216 861 3271 Marium.
926 3213 998 3269 Μ.
1038 3214 1272 3269 Marium
1298 3223 1574 3282 praetorem
1605 3218 1858 3272 nominat

249 3287 501 3344 Valerius
530 3288 669 3342 libro
721 3303 794 3351 ιχ,
830 3287 1018 3359 cap.2
1050 3306 1065 3359 :7
1101 3284 1331 3359 Marium
1366 3286 1515 3359 ducis
1545 3286 1713 3359 ipsius
1742 3288 1853 3359 fru-

249 3369 405 3489 gem.
438 3359 649 3415 Florus.
679 3358 758 3415 De
790 3358 997 3415 crudeli
1022 3358 1137 3429 ejus
1173 3357 1398 3413 interitu
1427 3357 1631 3415 Lucan.
1661 3357 1756 3415 lib.
1789 3372 1849 3415 tt.

293 3448 425 3489 ns.

293 3448 425 3489 All.

1967 2715 2121 2805 έεξφτξι
2145 2711 2763 2805 Ηεέτέίςεῐοτξιξξνενέιὲοι(
2784 2715 2994 2805 eteius
3017 2717 3120 2805 .tlt-
3154 2718 3340 2805 Marii)-
3357 2722 3563 2805 ειιρριί-

1966 2787 2104 2839 cium
2134 2788 2388 2840 exanimis
2426 2786 2707 2852 ceciderat,
2740 2786 2986 2843 continuo
3011 2786 3079 2842 ibi
3100 2786 3340 2846 mactavit
3362 2809 3383 2857 ;
3405 2786 3565 2851 nouns

1963 2860 2175 2931 punitor
2211 2857 2605 2931 misericordiae,
2635 2859 2777 2928 apud
2804 2875 2956 2925 quem
2988 2861 3167 2931 iniquo
3194 2864 3370 2919 animo
3392 2868 3564 2922 scelus

1961 2929 2177 3007 intueri,
2204 2930 2380 3007 scelus
2398 2928 2669 2985 admittere
2692 2931 2809 3007 fuit.
2834 2928 3086 3007 Errnreui
3109 2948 3344 3005 quoque,
3372 2952 3438 2991 ct
3457 2953 3566 3007 quo

1964 3001 2206 3072 triumvir
2233 3000 2338 3056 huc
2368 3002 2676 3072 importune
2707 2999 3003 3072 inﬂuxerit,
3036 2999 3310 3062 detexisse
3330 2999 3419 3063 ἐχ
3471 2999 3564 3064 co-

1962 3070 2083 3147 dice
2110 3088 2230 3128 meo
2258 3072 2465 3147 videor.
2488 3071 2767 3147 Reperiin
2789 3087 2858 3128 eo
2878 3070 3041 3129 verba
3058 3076 3171 3142 illa,
3189 3076 3359 3133 Marci
3377 3079 3559 3147 Marii,

1958 3143 2041 3199 sic
2067 3155 2311 3211 exarata,
2345 3145 2514 3217 πείνρί
2542 3143 2729 3209 Marii,
2754 3143 2910 3217 itaut
2943 3148 3062 3201 πᾶν
3094 3147 3289 3205 lineam
3316 3150 3488 3217 ﬁniat,
3517 3143 3568 3207 ci

1957 3229 2156 3271 novam
2188 3217 2427 3274 inchoet.
2456 3215 2534 3272 lta
2565 3232 2687 3271 eum
2720 3217 2770 3271 in
2800 3215 2921 3272 aliis
2949 3234 3076 3273 mss.
3102 3220 3289 3276 itidem
3315 3215 3565 3279 videatur

1955 3286 2123 3341 fuisse
2151 3289 2440 3357 scriptum,
2459 3285 2776 3344 facillimum
2800 3302 3043 3344 errorem
3067 3303 3412 3349 correctores
3440 3312 3559 3349 sus-

1956 3358 2145 3436 tulisse
2175 3359 2274 3415 sibi
2298 3361 2403 3436 visi
2432 3370 2578 3436 sunt,
2616 3359 2865 3436 ponendo
2894 3361 3143 3436 uivirpro
3174 3365 3292 3419 axir
3310 3375 3363 3421 et
3390 3364 3443 3419 Μ
3462 3380 3559 3436 pro

1957 3433 2025 3495 ci,
2052 3430 2174 3501 dein
2199 3432 2355 3486 occisi
2385 3430 2622 3501 migrare
2646 3430 2800 3501 jussu
2832 3434 3124 3500 postmvir.

324 3505 414 3559 15.
447 3503 797 3587 Quctumque.
829 3503 964 3559 Tres
996 3500 1167 3573 Lugd.
1195 3501 1363 3569 Batt.,
1386 3516 1513 3557 cum
1534 3502 1675 3559 Coll.
1709 3501 1848 3559 Gro-

325 3591 407 3627 ν..
442 3584 780 3627 υιηοιωηαιιε.

2031 3500 2406 3559 16.Prameste
2430 3500 2662 3558 missum.
2690 3500 2833 3558 Editi
2856 3502 3189 3560 intersernnt
3210 3516 3304 3574 est,
3320 3510 3414 3563 sed
3436 3522 3561 3565 con-

1964 3581 2037 3627 tra
2064 3590 2257 3627 omnes
2288 3589 2420 3627 mss.

248 3586 380 3633 nov.
393 3618 407 3641 ,
442 3576 780 3645 vincturaque.

323 3647 414 3703 14.
446 3645 513 3700 Ρ.
540 3647 813 3701 Lwturius.
844 3645 994 3702 llunc
1023 3654 1150 3715 puto
1176 3659 1299 3701 esse
1330 3645 1479 3700 illum
1499 3658 1657 3715 quem
1691 3645 1844 3701 Sulla

247 3719 445 3777 consul
486 3734 608 3773 cum
641 3717 810 3773 Mario
835 3719 1054 3773 seniore
1085 3717 1424 3786 proscripsit,
1446 3732 1715 3788 quemque
1734 3716 1848 3788 Ap—

249 3792 449 3866 pianus
480 3792 760 3866 Λαιτώριιίν
793 3790 1051 3866 nominat.
1092 3789 1225 3845 Esse
1256 3800 1436 3866 autem
1468 3787 1844 3866 scribentium

248 3858 556 3925 Lmtorium,
581 3858 688 3915 un'n
710 3859 1021 3927 Laetorium,
1042 3860 1393 3930 cognoscitur
1416 3876 1479 3915 ex
1518 3859 1670 3914 libris
1690 3858 1845 3930 Grie-

248 3948 442 3989 eorum
491 3943 546 3987 et
597 3933 835 4003 antiquis
880 3929 1228 4003 Latinorum;
1270 3933 1521 4003 itemque
1549 3946 1622 3986 ex
1668 3929 1846 4003 Fastis

248 4003 597 4080 gapitolinis:
644 4005 705 4080 _i_n
735 4001 1146 4080 ﬁnibus-anno
1189 4001 1350 4059 Urbis
1387 4018 1598 4080 cnxcvt,
1623 4010 1728 4080 est,
1763 4002 1841 4056 Μ.

249 4072 512 4131 Lrétorius
541 4073 615 4129 Μ.
636 4072 703 4129 F.
728 4072 799 4131 illi.
830 4075 902 4129 N.
938 4073 1281 4136 Planciauus.
1317 4076 1577 4145 magister
1602 4074 1844 4145 equitum

250 4161 375 4204 cum
426 4146 691 4202 dictatore
734 4147 800 4216 Q.
842 4148 1073 4216 Ogulnio
1102 4146 1281 4203 Gallo.
1320 4144 1499 4200 Val’er.
1534 4144 1675 4200 Max.
1704 4147 1845 4202 hunc

251 4234 360 4275 non
386 4217 452 4273 P.
480 4217 783 4287 Laterium,
816 4216 911 4275 sed
942 4217 1019 4273 Μ.
1050 4216 1360 4273 Ριωιθνὶιιηι
1407 4217 1669 4282 nominat,
1698 4227 1754 4272 et
1790 4218 1843 4272 in

250 4290 535 4346 nonnullis
550 4289 725 4346 Urosii
754 4291 908 4346 libris
926 4290 1133 4346 Lwtorii
1153 4304 1463 4360 prmnomen
1482 4304 1601 4343 eum
1627 4289 1845 4360 nomine

252 4362 372 4434 ipso
394 4362 655 4434 jungitur.
682 4361 856 4434 FABR.
888 4391 961 4434 -τ
994 4362 1056 4419 Ρ.
1091 4361 1362 4434 Lacterius
1394 4362 1443 4416 in
1477 4361 1749 4434 Perizon.,
1772 4359 1838 4416 P.

260 4430 532 4489 Vestorius
564 4436 614 4487 in
646 4433 784 4501 Meo,
812 4434 876 4488 L.
913 4433 1167 4487 Lictorius
1198 4433 1251 4487 in
1280 4433 1451 4502 Lugd.
1479 4432 1594 4487 Bat.
1632 4448 1715 4500 pr.

332 4504 756 4577 15..Vcnuleius.
797 4506 969 4577 Lugd.
1004 4506 1144 4559 Batt.
1190 4511 1322 4560 tres.
1368 4502 1695 4577 Bclnulcius.
1724 4502 1847 4559 Fuit

255 4576 400 4647 inter
413 4587 713 4647 quaestores
729 4575 1005 4633 Ciceronis
1028 4585 1271 4645 tempore
1290 4577 1506 4645 quidam
1530 4575 1841 4640 Venuleius,

253 4646 420 4718 hujus
448 4650 585 4704 forte
617 4648 781 4706 (ilius.
810 4647 1102 4703 Triumviri
1133 4648 1368 4717 dignitas
1413 4655 1532 4701 erat
1574 4649 1745 4714 prima
1778 4647 1843 4701 ad

256 4718 516 4783 honores,
539 4720 789 4775 videlicet
811 4734 1001 4775 eorum
1031 4721 1118 4789 qui
1136 4728 1367 4774 monetae
1398 4718 1677 4789 signandis
1710 4733 1847 4787 prie-

256 4803 432 4854 erant,
464 4792 709 4858 adeoque
737 4795 823 4846 vix
850 4788 1280 4846 commemoratu
1308 4790 1499 4860 digna;
1543 4788 1683 4844 unde
1736 4806 1843 4844 non

257 4864 425 4919 credo
448 4862 753 4935 appositam
782 4863 849 4919 ab
871 4863 1063 4917 Oresio
1095 4862 1281 4935 fuisse,
1319 4861 1415 4935 sed
1463 4860 1844 4935 emendatione

2008 3587 2037 3627 a
2064 3590 2257 3630 omnes
2288 3589 2420 3630 lllSS.

2024 3644 2113 3717 Π.
2145 3643 2275 3701 Cum
2310 3645 2566 3717 Telesino.
2619 3644 2766 3700 Idem
2812 3655 2896 3701 est
2937 3646 2988 3700 in
3024 3646 3272 3717 Epitnmn
3304 3649 3553 3709 Liviana.

1949 3712 2171 3794 §ed_a_lii
2197 3719 2352 3794 aliter
2373 3719 2440 3772 de
2463 3716 2622 3771 Marii
2646 3727 2821 3772 morte
2842 3712 3200 3787 scripserunt,
3227 3728 3285 3776 ut
3307 3731 3391 3777 est
3412 3727 3551 3794 apud

1954 3785 2242 3844 Velleium.
2277 3787 2445 3845 an.

2024 3862 2109 3914 18.
2136 3857 2201 3915 In
2217 3859 2952 3927 concurrentem.Lugd..Bat.
2979 3876 3059 3929 pr.
3075 3862 3150 3926 ,in
3174 3864 3548 3923 incurrentem.

2023 3930 2114 3986 l9.
2156 3933 2350 4000 Adigit.
2392 3932 2467 3988 lta
2516 3934 2731 4000 reposui
2777 3947 2845 3987 ex
2893 3932 3211 3989 melioribus
3256 3949 3388 3991 mss.
3427 3936 3547 3991 [τιο-

1948 4012 2114 4058 rentt.
2144 4001 2381 4077 duobus,
2416 4003 2533 4057 Meo
2559 4011 2613 4056 et
2639 4001 2888 4057 Pcrizon.
2919 4001 3075 4075 Vulg.
3097 4006 3293 4077 adegit,
3328 4019 3550 4075 practer-

1949 4088 2108 4143 quatn
2140 4074 2195 4129 in
2226 4074 2315 4129 ed.
2347 4075 2576 4141 August.

2019 4146 2110 4217 20.
2139 4147 2413 4201 Cet-vicem.
2442 4147 2496 4202 ιη
2521 4145 2774 4200 omnibus
2801 4161 2932 4201 mss.
2961 4155 3321 4217 praeterquam
3350 4150 3402 4204 in
3428 4150 3546 4208 Meo

1948 4225 2004 4271 et
2036 4216 2312 4283 Perizou.,
2337 4218 2558 4273 cervices
2590 4218 2792 4271 inveni.

2019 4287 2110 4343 Si.
2146 4290 2210 4344 A.
2240 4286 2464 4361 Cossura
2496 4285 2694 4361 insula.
2725 4287 2968 4354 Cossum,
3000 4306 3105 4343 non
3138 4288 3359 4361 Cossyra
3381 4305 3463 4347 est
3495 4295 3546 4348 in

1950 4362 2330 4432 manuscriptis
2360 4360 2591 4416 duobus.
2644 4358 2777 4413 Nam
2818 4362 2870 4413 in
2914 4376 3022 4432 uno
3050 4358 3310 4417 mendose
3335 4363 3547 4419 Corsica

1946 4430 2166 4500 legitur,
2193 4430 2333 4487 sicut
2353 4432 2407 4486 in
2432 4432 2673 4497 Epitoma
2699 4446 2924 4501 Luxu,
2953 4431 3202 4503 Corcyra.
3233 4436 3541 4499 Appianus:

1948 4505 2193 4579 Κάρϐωγα
2223 4502 2335 4560 δ’ἐκ
2361 4504 2554 4579 ᾼιϐύης
2582 4504 2632 4579 ἐς
2660 4504 2871 4559 Σικιλίαν
2899 4506 3030 4579 μετὰ
3051 4502 3248 4559 «enim
3275 4507 3547 4579 ἐπιφανῶν,

1947 4575 2339 4662 καίιόιτςάὐτῶν,
2368 4578 2419 4637 ic
2447 4575 2718 4662 [σο-αἰόλοαέ
2745 4576 3305 4662 νῆσοῙΙὺποφιύχονῖα,
3335 4575 3548 4651 τὲἐμψας

1946 4653 2083 4719 τινάς
2110 4647 2139 4704 ὁ
2163 4653 2420 4719 Πομπήϊος
2453 4645 2815 4719 συπλᾷμϐανε.
2850 4645 2920 4719 _ltl
2950 4645 3078 4701 est:
3121 4645 3412 4719 Carbonem
3428 4645 3465 4714 ,’
3488 4666 3553 4705 επ

1948 4718 2128 4791 Africa
2154 4720 2209 4791 in
2232 4716 2474 4774 Siciliam
2506 4716 2680 4791 multis
2720 4716 2977 4791 nobilibus
3020 4717 3352 4782 comitatum,
3402 4730 3553 4791 atque

1946 4788 2070 4861 inde
2094 4793 2148 4844 in
2173 4789 2781 4861 Cossuramfngientem,
2813 4788 3114 4861 Pompeius,
3144 4791 3411 4846 submissis
3443 4788 3551 4861 qui-

1947 4860 2194 4926 busdam,
2240 4859 2667 4931 comprchendit;
2692 4858 2747 4913 In
2777 4858 3043 4931 lapidibus
3071 4861 3304 4931 Capitol.
3333 4858 3552 4918 exstant

258 4948 421 5005 egere
448 4926 648 4996 loc-um.
673 4947 725 4992 et
755 4935 912 5005 plane
949 4948 1071 5005 esse
1101 4932 1445 5005 scribendum
1488 4933 1660 5005 prouti
1692 4931 1743 4986 in
1777 4931 1842 4987 ἢ·
1874 4938 1921 4998 D
1948 4933 2167 5005 llavales
2197 4926 2452 5005 triumphi
2476 4932 2606 5005 Ser.
2628 4926 3237 5005 FulviiNobilioris,'et
3268 4933 3335 4987 Μ.
3380 4932 3549 5005 (Επιιὶ-

256 5003 500 5063 dissimis
528 5003 856 5063 membranis
885 5004 1017 5062 meis
1048 5013 1245 5071 exstat,
1276 5004 1551 5067 videlicet,
1587 5003 1841 5059 Senator-

255 5094 355 5149 que
387 5076 668 5134 Venuleius
684 5079 857 5133 occisi.
883 5077 1172 5149 Laetorium
1202 5077 1351 5149 illum
1384 5086 1687 5149 senatorem
1711 5089 1846 5149 quo:

257 5144 364 5220 que
391 5160 553 5205 vocat
581 5150 857 5221 Appianus
885 5150 1068 5221 libro‘t
1117 5148 1249 5221 Bell.
1279 5145 1469 5221 Civil.,
1496 5162 1549 5216 p.
1579 5144 1715 5221 $867;
1732 5144 1845 5201 sed

257 5216 365 5276 non
394 5216 649 5276 videntur
670 5216 808 5275 mihi
842 5220 988 5292 loqui
1014 5219 1082 5275 dc
1107 5218 1297 5274 eodem
1331 5218 1549 5292 homine
1570 5216 1848 5287 Appianus

260 5300 320 5349 et
355 5293 616 5358 Orosius;
649 5290 930 5349 Lzetorius'
955 5293 1126 5355 enim,
1172 5306 1295 5346 cum
1347 5290 1519 5345 Mario
1547 5293 1765 5345 seniore
1794 5300 1849 5345 et

265 5364 415 5420 Sulla
446 5364 802 5434 proscriptus,
820 5363 985 5419 Marci
1018 5377 1325 5434 praenomen
1350 5363 1536 5433 gessit.
1555 5361 1696 5432 Ergo
1715 5360 1851 5417 Plae-

265 5435 388 5492 torii
422 5433 616 5493 nomen
646 5433 734 5492 hic
762 5435 933 5506 magis
967 5433 1259 5490 convenire
1289 5435 1522 5506 videtur.
1551 5444 1605 5487 et
1638 5446 1851 5506 proco

265 5509 409 5577 quod
442 5509 622 5580 vulgg.
654 5503 915 5580 hactenus
961 5506 1285 5580 habuerunt,
1319 5503 1446 5580 Post
1476 5504 1613 5558 hunc
1638 5503 1704 5560 P.
1740 5504 1854 5580 La:—

267 5576 432 5635 tert'us
457 5576 978 5646 scn'ator,Venttleius
1004 5578 1260 5642 triumvir,
1283 5576 1455 5646 occisi,
1483 5576 1853 5645 reponendum

267 5651 476 5723 integre
519 5645 973 5721 esse,Pltetorius
1000 5658 1308 5723 senatorquc
1358 5645 1622 5723 Venelei‘us
1675 5647 1858 5723 occisi,

267 5665 476 5723 tntegre
519 5667 661 5721 esse,
698 5665 973 5705 rttetortus
1000 5665 1209 5705 senator
1249 5665 1308 5702 ne
1360 5665 1622 5702 veneratus
1675 5665 1858 5712 occisi,

267 5723 475 5780 omisso
501 5724 555 5780 in
579 5732 808 5793 utroque
836 5665 1451 5846 prmnomineﬂglmtorii
1480 5720 1627 5773 enim
1655 5717 1859 5774 cirdem

267 5795 576 5846 crudelitati
608 5794 774 5846 Sulla:
806 5793 857 5846 in
893 5792 1132 5846 Marcum
1219 5791 1392 5846 arium
1420 5791 1696 5846 exercitae.
1732 5805 1859 5845 mox

266 5795 576 5853 crudelitati
608 5791 774 5852 Sulla:
806 5791 857 5848 in
893 5792 1132 5849 Marcum
1165 5791 1392 5846 Marium
1420 5791 1696 5852 exercitia,
1732 5805 1859 5845 mox

266 5868 545 5940 subjungit
578 5866 828 5922 Valerius
852 5865 1116 5921 Maximus
1145 5863 1283 5919 libro
1313 5879 1388 5929 Ix,
1412 5878 1535 5933 cap.
1564 5863 1600 5917 ἃ
1628 5880 1641 5914 :
1675 5863 1739 5916 At
1776 5861 1867 5916 ille

1948 5002 2006 5057 lii
2032 5003 2181 5058 Pauli
2200 5004 2267 5058 de
2282 5001 2683 5057 Cossurensibus
2712 5013 2761 5056 et
2781 5001 2985 5056 Paeueis
3007 5018 3136 5061 ann.
3151 5018 3361 5059 coxeux.
3382 5002 3547 5060 Fusa.

2018 5078 2108 5128 22.
2136 5073 2328 5147 Decem
2355 5082 2401 5130 et
2428 5081 2544 5129 octo
2574 5070 2763 5128 millia.
2795 5073 2969 5143 Lugd.
3001 5075 3118 5133 Bat.
3148 5091 3257 5147 pr.,
3289 5077 3461 5130 decem
3501 5086 3550 5129 et

1950 5162 2129 5200 novem
2149 5146 2337 5201 millia.

2022 5218 2114 5290 2.3.
2165 5215 2313 5290 Inter
2341 5216 2608 5290 primores.
2653 5215 2800 5290 Meus
2836 5226 2891 5272 et
2919 5216 3163 5272 Florent.
3201 5225 3327 5272 tert.
3351 5258 3366 5284 ,
3418 5218 3555 5271 inter
3600 5273 3604 5277 ,

1954 5287 2323 5360 primosMox
2343 5287 2405 5343 'in
2441 5304 2506 5360 eo
2532 5288 2668 5342 idem
2698 5288 2893 5358 legitur
2922 5304 3018 5360 pro
3039 5290 3289 5358 idemque.

2024 5359 2116 5415 24.
2145 5359 2408 5426 Hiertam,
2439 5359 2701 5433 Numidia
2729 5375 2918 5433 regem.
2948 5358 3185 5414 Iiiertam
3212 5360 3410 5415 habent
3439 5374 3555 5433 om-

1956 5447 2052 5487 nes
2078 5432 2196 5488 libri
2213 5432 2585 5502 manuseripti,
2613 5431 2970 5502 eutudemquc
2994 5435 3249 5501 antiquus
3276 5446 3425 5502 meus
3449 5431 3559 5487 Eu-

1959 5505 2167 5571 tropius
2217 5501 2470 5573 Hierdam
2494 5501 2788 5566 nominat,
2834 5501 2956 5557 cum
3004 5502 3249 5573 impressi
3280 5501 3554 5571 Hierbaut,

1960 5573 2237 5652 Plutarch.
2269 5572 2486 5652 Ἰάρφαν,
2516 5574 2763 5652 ξξρίιοςηδ
2790 5573 3009 5628 Hieram
3036 5572 3181 5652 edat.
3225 5573 3391 5630 ann.

2032 5647 2127 5702 25.
2158 5645 2487 5717 Fugientem.
2519 5646 2645 5702 Mss.
2677 5646 2787 5701 fere
2815 5660 3026 5717 omnes,
3059 5646 3458 5717 fugientemque.

2036 5718 2131 5773 20'.
2155 5714 2395 5773 Bullam.
2428 5717 2593 5775 Urbis
2626 5720 2785 5787 hujus
2814 5714 3399 5780 Numiditefvoeantes
3430 5714 3564 5771 Bul-

1969 5789 2074 5845 lam
2094 5791 2312 5862 regiam,
2343 5791 2707 5846 meminerunt
2733 5787 2939 5845 Plinius
2961 5788 3053 5846 lib.
3086 5803 3118 5845 ν
3137 5803 3260 5861 cap.
3286 5790 3320 5846 ὅ
3337 5830 3353 5857 ,
3378 5796 3434 5846 et
3467 5789 3576 5847 An-

1976 5861 2148 5918 tonini
2180 5861 2548 5920 ltinerariutn.
