4060 6344
539 315 647 378 975

1143 431 1371 492 CAPUT
1406 432 1577 490 XXII.

534 529 810 587 Dictorum
840 529 977 583 velut
1014 527 1276 599 epilogum
1312 528 1489 599 recitat
1524 530 1734 583 Auctor.
1776 528 1856 586 Dc
1882 546 2012 586 novo
2051 539 2136 587 tu-

921 598 1090 656 multu
1116 598 1205 669 per
1225 598 1481 673 Lepidum
1510 601 1750 657 excitato.

613 723 629 753 ¹
665 720 871 778 Creatis
920 718 1101 788 itaque
1142 715 1204 773 P.
1237 716 1472 773 Servilio
1518 725 1573 773 et
1601 716 1705 789 Ap.
1736 716 1963 774 Claudio
2006 733 2137 775 ron-

539 811 749 871 salibus
772 852 788 877 ,
814 813 835 843 ²
864 809 1014 866 visus
1042 817 1127 866 est
1154 807 1370 865 tandem
1395 807 1543 865 Sulla
1572 810 1832 880 privatus.
1887 810 1999 866 lloc
2027 809 2135 867 line

540 905 796 963 conclusa
822 911 950 960 sunt
968 902 1075 959 duo
1097 902 1237 959 bella
1263 902 1652 970 funestissima,
1671 904 1869 961 sociale
1890 904 2132 962 Italicum

538 1009 597 1056 et
639 998 794 1055 civile
820 996 1122 1054 Sullanum.
1184 997 1313 1054 Haec
1350 1012 1446 1068 per
1490 1011 1665 1053 annos
1701 997 1887 1053 decem
1933 1007 2130 1065 tracta,

540 1090 663 1162 plus
690 1105 851 1162 quam
893 1099 1109 1144 centum
1141 1088 1533 1160 quinquaginta
1570 1090 1735 1145 millia
1764 1088 2132 1147 Romanorum

537 1192 993 1255 consumpserunt
1016 1225 1031 1251 ,
1080 1192 1399 1256 tantumque
1436 1184 1854 1242 lectissimorum
1893 1185 2136 1241 virorum

536 1276 1065 1348 vernaculorumque
1092 1275 1321 1332 militum
1348 1275 1519 1333 Roma
1549 1276 1653 1334 hoc
1679 1277 1823 1333 civili
1846 1278 1988 1334 bello
2014 1293 2136 1350 per-

536 1369 696 1439 didit,
728 1378 991 1441 quantum
1015 1371 1068 1427 in
1093 1386 1157 1427 ea
1186 1371 1468 1440 superiore
1495 1380 1757 1442 tempore,
1790 1386 1912 1428 cum
1942 1386 2001 1428 se
2026 1373 2134 1442 jam

536 1462 798 1521 adversus
831 1462 1197 1520 Alexandrum
1229 1462 1479 1535 Magnum
1510 1464 1979 1536 circumspiceret,
2032 1466 2053 1498 ³
2082 1465 2135 1522 in

537 1554 788 1611 discretis
812 1554 1060 1611 aetatibus
1084 1569 1281 1611 census
1305 1553 1529 1611 invenit.
1557 1557 1827 1613 Praeterea
1848 1556 1995 1612 viros
2016 1572 2140 1613 con-

537 1648 749 1703 sulares
775 1647 797 1678 it
847 1648 1034 1719 viginti
1066 1656 1298 1719 quatuor
1322 1691 1337 1716 ,
1389 1649 1673 1718 praetorios
1699 1663 1793 1703 sex
1820 1691 1835 1715 ,
1886 1648 2139 1704 sedilitios

535 1740 837 1812 sexaginta.
870 1750 1150 1796 senatores
1180 1740 1294 1796 fere
1320 1740 1584 1797 ducentos
1610 1782 1625 1807 ,
1658 1741 1865 1813 absque
1893 1742 2138 1798 innume-

1958 315 2165 379 PAULI
2203 273 2428 379 onosu
3720 319 3808 381 9n

2161 438 2214 498 Α
2242 433 2458 507 populis
2487 434 2657 490 creati
2685 441 2742 489 et
2770 431 3050 503 instructi;
3082 431 3199 490 haec
3236 432 3397 503 bella,
3434 440 3684 506 quantum
3723 451 3811 493 ex-

2241 530 2411 587 ternis
2432 530 2925 601 proxima,tantum
2956 529 3251 601 longinqua
3284 528 3557 595 civilibus,
3578 530 3693 599 quid
3723 530 3810 587 nisi

2237 622 2456 678 socialia
2487 621 2606 692 jure
2636 622 2962 687 vocitantur,
2993 636 3115 677 cum
3142 621 3244 692 ipsi
3275 621 3504 677 Romani
3526 636 3595 677 ne
3616 621 3813 679 Sertorii

2238 715 2478 785 quidem,
2507 725 2600 773 aut
2643 716 2955 785 Perpernae,
3012 716 3058 750 ιο
3104 725 3198 772 aut
3243 716 3415 784 Crixi,
3462 726 3555 771 aut
3598 716 3814 787 Spartaci

2237 808 2397 879 bella,
2446 809 2629 866 civilia
2671 811 2879 882 uspiam
2927 811 3294 867 nominarint?
3320 810 3376 867 ln
3408 811 3499 867 tali
3527 825 3653 882 ergo
3678 811 3717 843 "
3744 812 3816 868 vel

2237 900 2484 971 defectu,
2536 903 2618 958 vel
2666 903 3041 974 perduellione
3093 905 3389 974 sociorum,
3435 904 3646 960 minore
3689 920 3818 963 nunc

2238 995 2427 1066 utique
2474 994 2679 1051 invidia
2725 996 3025 1065 laboraret,
3066 998 3112 1054 si
3159 996 3409 1054 fortassis
3455 1000 3707 1055 existeret
3745 998 3820 1054 vel

2236 1087 2416 1157 gravis
2436 1104 2636 1160 pugna,
2666 1090 2750 1146 vel
2771 1099 2995 1146 cruenta
3024 1090 3281 1147 victoria.
3316 1091 3693 1148 Verumtamen
3712 1106 3820 1149 cum

2239 1180 2284 1213 ⁵⁸
2308 1180 2364 1236 in
2391 1180 2543 1239 hisce
2572 1183 2910 1255 temporibus
2947 1183 3130 1239 omnia
3170 1184 3295 1256 plus
3333 1182 3675 1240 necessitatis
3709 1182 3823 1240 alie-

2236 1282 2356 1329 rant
2395 1282 2449 1329 et
2489 1275 2669 1331 minus
2698 1275 2950 1346 pudoris;
2985 1276 3090 1333 hoc
3116 1286 3201 1333 est
3228 1290 3412 1345 causa,
3442 1291 3642 1349 pugna,
3673 1276 3822 1334 victo-

2238 1369 2355 1435 ria;
2398 1369 2487 1425 vel
2530 1384 2630 1440 pro
2676 1369 3073 1440 exstinguenda
3125 1370 3415 1427 insolentia
3467 1380 3822 1443 tyrannorum,

2238 1460 2322 1516 vel
2348 1475 2445 1531 pro
2462 1461 2770 1519 cohibenda
2790 1464 3063 1519 sociorum
3085 1462 3322 1531 defectu,
3347 1464 3432 1520 vel
3458 1478 3556 1536 pro
3584 1463 3825 1520 inurendo

2237 1556 2463 1612 ultionis
2511 1557 2785 1628 exemplo,
2835 1557 2924 1614 cui
2971 1558 3190 1614 tandem
3238 1558 3464 1613 dubium
3509 1565 3615 1626 est,
3643 1566 3826 1628 quanto

2240 1666 2386 1706 nunc
2435 1650 2643 1719 mitius,
2683 1661 2995 1722 quantoque
3027 1650 3353 1708 clementius
3381 1652 3616 1709 excitata
3648 1651 3668 1724 (
3681 1659 3734 1706 ut
3758 1651 3827 1707 di-

2239 1744 2391 1817 cunt)
2423 1743 2564 1801 bella
2594 1745 2771 1801 civilia
2801 1755 3089 1816 geruntur,
3131 1746 3299 1801 immo
3337 1747 3707 1816 reprimuntur
3744 1760 3827 1814 po-

536 1834 615 1891 ris
669 1835 836 1890 totius
889 1834 1056 1890 Italiae
1112 1835 1328 1905 populis
1351 1874 1367 1901 ,
1432 1834 1524 1906 qui
1581 1834 1781 1905 passim
1831 1835 1950 1891 sine
2003 1850 2136 1892 con-
2167 1828 2216 1890 B
2245 1836 2351 1892 tius
2388 1852 2548 1908 quam
2589 1837 2886 1909 geruntur?
2922 1838 3055 1905 Quis
3082 1839 3229 1894 enim
3256 1855 3425 1895 unum
3454 1839 3617 1895 civile
3647 1839 3829 1895 bellum

536 1926 865 1985 sideratione
915 1926 1080 1983 deleti
1131 1937 1302 1997 sunt,
1361 1927 1383 1959 ⁵
1432 1942 1570 1999 quos
1597 1936 1756 1999 neget
1804 1928 2131 2000 quisquam,

533 2019 581 2075 si
636 2019 817 2087 valet,
885 2018 1012 2090 quin
1070 2018 1263 2076 eodem
1327 2018 1526 2074 damno
1580 2034 1678 2075 suo
1718 2020 1739 2051 ⁸
1794 2019 1984 2075 vicerit
2030 2022 2139 2076 lio-

541 2129 628 2171 ma
659 2155 674 2180 ,
729 2129 837 2186 quo
864 2113 1041 2170 amisit
1068 2114 1238 2169 Italia.
1270 2114 1289 2145 ⁷
1340 2114 1484 2169 Proh
1529 2114 1740 2184 pudor!
1792 2113 1930 2169 Num
1979 2114 2139 2186 quid-

533 2220 662 2262 nam
690 2208 712 2239 ⁸
738 2215 795 2263 et
818 2205 908 2263 hic
929 2207 1337 2279 comparatione
1363 2206 1612 2277 ambigua
1659 2218 1820 2279 egent
1847 2217 2090 2279 tempora
2115 2208 2139 2262 ?

542 2299 715 2357 Immo
745 2343 761 2369 ,
818 2302 904 2357 vel
947 2302 1224 2370 maxime,
1279 2302 1550 2373 inquiunt.
1612 2301 1748 2359 Nam
1784 2302 1913 2375 quid
1959 2306 1981 2336 θ
2029 2314 2136 2360 tam

538 2405 666 2467 apte
691 2437 706 2461 ,
757 2410 918 2466 quam
960 2394 1120 2451 bellis
1156 2393 1407 2451 civilibus
1435 2394 1578 2451 bella
1609 2394 1786 2451 civilia
1816 2410 2139 2467 comparan-

539 2487 676 2543 tur?
742 2486 827 2543 An
888 2485 1025 2543 forte
1056 2487 1098 2519 ¹⁰
1144 2487 1390 2554 dicetur,
1441 2487 1606 2543 etiam
1656 2486 1711 2543 in
1759 2487 1847 2544 his
1883 2488 2140 2559 tempori-

533 2580 640 2640 bus
669 2579 831 2653 353
862 2579 1000 2635 bella
1041 2578 1221 2635 civilia
1262 2594 1372 2633 non
1413 2577 1614 2636 fuisse?
1658 2580 1868 2649 Quibus
1908 2597 1937 2636 a
1983 2581 2141 2641 nobis

533 2671 979 2743 respondebitur,
1006 2669 1046 2703 υ
1068 2669 1505 2742 iustius-quidem
1529 2670 1752 2728 socialia
1777 2672 1961 2729 vocari
1982 2688 2143 2746 opor-

536 2774 695 2822 tere:
726 2764 769 2796 ¹⁹
799 2763 893 2820 sed
945 2763 1099 2819 nobis
1144 2761 1433 2833 proﬁcere,
1457 2762 1504 2819 si
1543 2764 1721 2819 civilia
1765 2765 2132 2822 nominentur.

536 2858 674 2915 Cum
697 2858 842 2913 enim
857 2855 1091 2912 causis”
1116 2855 1394 2911 vocabulis
1415 2869 1479 2912 ac
1491 2855 1683 2912 studiis
1706 2856 1853 2925 paria
1878 2856 2144 2914 docentur

534 2952 740 3019 omnia,
772 2960 883 3006 tum
912 2948 1018 3005 sibl
1046 2949 1098 3004 in
1131 2949 1214 3004 his
1242 2956 1392 3004 tanto
1419 2949 1543 3020 plus
1572 2950 1809 3006 vindicat
1834 2953 2142 3015 reverentia

536 3046 865 3104 Christianae
909 3044 1209 3117 religionis,
1259 3055 1462 3115 quanto
1505 3036 1686 3101 minus
1734 3049 2145 3118 praesumpserit

538 3142 589 3177 ιι
610 3147 852 3209 potestas
872 3139 1003 3194 irata
1027 3137 1269 3201 victoris.
1290 3136 1419 3192 Nam
1441 3152 1562 3192 cum
1579 3137 2141 3212 plerumqueimprobi

2241 1947 2339 2002 per
2361 1931 2548 1987 decem
2577 1947 2752 1989 annos
2781 1933 2864 1988 his
2903 1934 3238 2003 temporibus
3275 1934 3535 2005 agitatum
3577 1933 3830 1990 audierit?

2240 2024 2370 2091 Quis
2394 2040 2501 2079 uno
2523 2024 2666 2081 bello
2690 2035 2905 2082 centum
2929 2026 3316 2099 quinquaginta
3343 2029 3511 2084 millia
3543 2027 3826 2095 hominum,

2241 2116 2323 2171 vel
2373 2117 2607 2173 hostium
2648 2122 2717 2174 ab
2744 2118 3014 2189 hostibus,
3045 2128 3102 2175 ut
3131 2134 3240 2176 non
3270 2120 3448 2178 dicam
3478 2120 3677 2178 civium
3704 2137 3733 2178 a
3757 2123 3829 2178 ci-

2242 2205 2420 2276 vibus,
2453 2223 2594 2264 cassa
2627 2209 2976 2267 meminerit?
3004 2210 3137 2280 Quis
3166 2212 3339 2281 illam,
3380 2228 3541 2285 quam
3583 2215 3834 2287 explicare

2241 2297 2463 2372 longum
2511 2311 2618 2370 est,
2671 2303 2999 2374 optimorum
3054 2315 3219 2376 atque
3267 2306 3560 2364 illustrium
3611 2309 3833 2365 virorum

2243 2392 2647 2451 multitudinem
2673 2396 2927 2453 trucidari
2953 2397 3009 2453 in
3034 2408 3167 2470 pace
3185 2402 3546 2472 cognoverit?
3570 2402 3835 2460 Postremo

2241 2488 2367 2559 quis
2398 2488 2517 2544 illas
2549 2489 2780 2547 infames
2806 2490 3311 2551 interﬁciendorum
3342 2497 3554 2552 tabulas
3594 2497 3835 2565 timuerit,

2244 2580 2410 2655 354
2440 2583 2485 2617 ¹⁹
2512 2582 2728 2655 legerit,
2757 2584 3030 2642 senserit?
3057 2601 3122 2643 ac
3143 2602 3251 2644 non
3268 2589 3449 2660 potius
3475 2591 3731 2647 omnibus
3755 2605 3839 2646 no-

2244 2678 2356 2726 tum
2384 2672 2477 2741 sit,
2505 2690 2610 2729 una
2643 2684 2867 2732 cunctos
2893 2692 3028 2749 pace
3056 2680 3412 2752 compositos,
3460 2692 3628 2755 atque
3663 2683 3837 2741 eadem

2242 2764 2421 2822 salute
2451 2780 2698 2833 securos,
2727 2764 2902 2826 vietos
2940 2771 3285 2844 victoresque
3325 2774 3531 2845 pariter
3578 2775 3838 2833 communi

2247 2859 2553 2917 exsultasse
2585 2862 2795 2931 ltetitia,
2831 2866 2878 2899 ⁸ο
2899 2880 2963 2922 ac
2982 2867 3145 2922 etiam
3172 2868 3223 2922 in
3251 2869 3415 2925 tantis
3437 2870 3607 2927 totius
3626 2869 3840 2926 Romani

2246 2950 2456 3023 imperii
2487 2955 2806 3024 provinciis,
2839 2958 3061 3015 urbibus
3092 2975 3156 3016 ac
3187 2961 3421 3032 populis,
3454 2964 3497 2994 ’ί
3531 2964 3624 3019 vix
3661 2978 3842 3033 paucos

2242 3047 2538 3118 aliquando
2585 3052 2883 3119 exstitisse,
2914 3068 3052 3123 quos
3077 3054 3219 3124 justo
3253 3057 3387 3112 ultio
3415 3059 3462 3089 “
3493 3058 3670 3114 invito
3691 3059 3840 3115 etiam

2245 3136 2453 3196 victore
2473 3141 2781 3199 damnarit?
2807 3145 2892 3212 Et,
2917 3145 2965 3178 ”
2988 3157 3048 3202 ut
3074 3148 3445 3206 verbisVerba
3470 3165 3584 3206 non
3608 3166 3839 3220 onercm,

535 3231 776 3304 tyranni,
812 3240 1016 3286 temere
1042 3228 1360 3285 invadentes
1402 3229 1814 3301 rempublicam,
1849 3242 2139 3303 usurpato-
2167 3230 2214 3294 C
2245 3247 2353 3289 non
2384 3243 2589 3293 temere
2616 3237 2872 3307 dixerim,
2903 3248 3105 3298 tantam
3137 3243 3220 3299 vel
3254 3243 3306 3299 in
3333 3244 3474 3300 bello
3515 3245 3711 3302 saltem
3752 3259 3842 3301 ex-

535 3339 643 3397 que
668 3325 818 3395 regio
843 3332 1008 3389 statu,
1040 3320 1267 3379 llomani
1296 3322 1511 3393 imperii
1555 3338 1750 3394 corpus
1792 3325 2131 3397 abruperint,

537 3426 704 3490 atque
731 3432 798 3474 ex
827 3431 894 3473 eo
925 3416 1063 3471 bella
1106 3416 1192 3471 vel
1233 3430 1329 3486 per
1368 3429 1427 3471 se
1457 3415 1654 3486 iniusta
1702 3418 2132 3489 importaverint,

538 3510 626 3568 vel
656 3510 713 3566 in
742 3524 800 3566 se
821 3509 967 3581 justa
1007 3508 1422 3580 commoverint,
1458 3510 1502 3541 ¹⁸
1542 3509 1816 3568 Britannis
1864 3512 2141 3587 Gallisque

2240 3327 2492 3385 stiuctam
2527 3330 2689 3387 modo
2720 3331 2885 3389 fuisse
2913 3335 3288 3407 gregariorum
3329 3337 3563 3393 militum
3612 3353 3842 3404 manum,

2241 3431 2441 3494 quanta
2472 3436 2601 3482 tunc
2630 3426 2677 3458 "‘
2717 3442 2859 3483 czesa
2909 3437 2993 3485 est
3038 3429 3092 3485 in
3143 3445 3277 3501 pace
3323 3431 3615 3488 nobilium.
3668 3432 3841 3504 Igitur,

2245 3520 2293 3553 ’⁸
2319 3520 2469 3578 Sulla
2499 3533 2737 3592 mortuo,
2771 3524 3030 3597 Lepidus,
3072 3525 3324 3584 Mariana:
3368 3528 3544 3601 partis
3594 3538 3843 3597 assertor,

1827 3627 2282 3690 llAVERCAMPl
2320 3633 2555 3693 ΝΟΤΔΕ.

611 3720 741 3776 CAP.
775 3714 1300 3774 XXll.—-l.Creatis
1331 3718 1502 3790 itaque
1537 3715 1602 3774 P.
1636 3718 1880 3775 Servilio.
1915 3720 1977 3775 P.
2011 3722 2137 3778 Ser-

536 3788 699 3848 vilius
730 3790 906 3855 Vatia,
937 3799 993 3846 et
1019 3791 1155 3859 App.
1183 3788 1443 3845 Claudius
1473 3789 1706 3845 Pulcher
1733 3792 1989 3848 consules
2021 3795 2141 3849 lue-

537 3875 672 3920 runt
700 3877 845 3917 anno
873 3874 1147 3927 DCLXXlll,
1196 3860 1372 3930 iisque
1406 3861 1721 3918 consulibus
1765 3864 1964 3920 creatis
1991 3866 2139 3921 Sulla

539 3934 815 3992 dictatura
853 3948 915 4005 se
945 3932 1420 4005 ultro_abdicavit.
1460 3933 1739 4003 Appianus
1764 3935 1860 3990 lib.
1909 3951 1967 4005 ι,
2013 3937 2141 3993 Plu-

544 4005 767 4063 tarchus
800 4005 852 4060 in
885 4003 1060 4060 Sulla.
1091 4002 1258 4058 FABR.

608 4077 666 4131 2.
705 4075 861 4130 Visus
892 4082 970 4129 est
1009 4074 1218 4128 tondent
1253 4073 1426 4131 Sulla.
1456 4074 1687 4143 Quidam
1718 4077 1886 4145 visus,
1918 4079 2141 4136 Veneta:

538 4145 917 4219 Edd.,ALucius
940 4145 1094 4219 Sttlla
1122 4146 1329 4219 tandem
1354 4157 1428 4219 est
1450 4149 1706 4219 privatus.

617 4221 672 4276 3.
702 4217 780 4292 lui
792 4217 1034 4292 discretis
1074 4218 1330 4292 (malitias.
1377 4217 1548 4289 Lugd.
1580 4218 1843 4292 Battspr.
1889 4230 1946 4279 et
1982 4231 2133 4292 terl.,

539 4306 667 4367 cum
691 4290 830 4367 coll.
864 4288 1448 4367 Gronov.,indiscrctw
1472 4288 1668 4345 (etatis.
1721 4288 1823 4348 Ed.
1856 4299 2019 4367 Aug.,
2051 4288 2136 4350 iul

542 4362 782 4418 discretis
811 4359 1070 4415 attatiltus.

615 4432 674 4488 4.
707 4432 903 4503 Viginti
924 4438 1167 4500 quatuor.
1195 4428 1370 4487 Unum
1399 4432 1521 4503 plus
1543 4444 1791 4490 numerat
1819 4436 1995 4509 Lugd.
2017 4437 2137 4498 Bat.

545 4513 727 4577 quart.

2245 3724 2376 3782 llsos
2408 3728 2683 3785 Britannis
2708 3739 2765 3786 et
2809 3730 2979 3788 Gallis
3023 3732 3181 3789 dixit.
3225 3733 3425 3791 Verum
3466 3751 3572 3793 ego
3614 3737 3665 3792 in
3705 3736 3845 3793 nullo

2245 3811 2351 3854 ms.
2378 3800 2605 3872 verbum
2634 3802 2812 3869 erecti,
2837 3804 3036 3871 inveni,
3064 3820 3255 3862 omnes
3278 3822 3409 3862 vero
3441 3800 3647 3866 habent
3676 3810 3840 3872 creati,

2248 3879 2302 3923 ut
2326 3880 2379 3925 et
2399 3870 2490 3927 ed.
2519 3873 2768 3945 August.;
2793 3889 2961 3945 quare
2990 3887 3177 3932 contra
3208 3893 3339 3934 mss.
3364 3894 3697 3936 consensum
3726 3870 3844 3935 illud

2246 3945 2405 4024 erecti
2435 3943 2661 4024 retineri
2689 3959 2795 4000 non
2815 3943 2988 4024 posse
3010 3948 3218 4024 judico.
3249 3948 3398 4024 Cod:
3417 3967 3596 4024 meus,
3629 3960 3685 4024 et
3696 3951 3847 4024 creati

2248 4020 2295 4065 et
2333 4016 2593 4088 instructi.
2636 4017 2716 4070 An
2757 4018 2975 4088 scripsit
3010 4016 3273 4077 Orosius?
3298 4039 3330 4076 a
3359 4016 3633 4079 Britannis
3663 4022 3844 4080 Gallis-

2247 4099 2345 4156 que
2376 4087 2581 4156 populis
2611 4096 2657 4141 et
2688 4090 2846 4142 creati
2875 4087 2922 4144 et
2943 4091 3205 4148 instructi.
3480 4130 3489 4138 -

2319 4155 2408 4232 l6.
2448 4158 2553 4232 Aut
2592 4156 2757 4232 Crixi.
2801 4160 2876 4215 De
2914 4158 3071 4218 Crixo
3110 4162 3468 4232 gladiatorum
3522 4166 3668 4224 duce
3718 4165 3842 4221 infra

2245 4229 2572 4310 eapiteaili.
2623 4231 2887 4310 dicemus.
2941 4234 2998 4288 In
3040 4229 3319 4305 impressis
3360 4239 3518 4310 \ulgo
3560 4240 3726 4307 male,
3762 4248 3847 4294 aut

2247 4296 2424 4354 Crassi
2449 4300 2665 4370 legitur.
2696 4300 2863 4361 Faun.

2249 4370 2537 4513 αεῆἰὶαιῖει
2575 4373 2802 4445 defectu.
2845 4375 2937 4433 Sic
2974 4392 3109 4434 mss.
3151 4392 3370 4448 omnes,
3411 4390 3607 4439 contra
3649 4382 3842 4455 vulgg.,

2321 4516 2406 4570 18.
2443 4513 2511 4570 In
2542 4517 2697 4598 hisce.
2733 4517 3004 4579 Florentt.
3043 4530 3175 4590 tres,
3205 4523 3284 4580 Itis
3308 4526 3654 4598 temporibus,
3678 4526 3848 4583 deleto

617 4575 867 4652 5._Quos.
904 4572 1070 4630 Italia:
1096 4573 1319 4652 scilicet
1337 4575 1598 4652 populos,
1640 4593 1764 4633 nam
1791 4579 1988 4652 vitiose
2013 4581 2137 4638 edd.
2169 4568 2222 4629 D
2246 4568 2459 4652 ὶιιίιίοή
2480 4568 2697 4645 ﬁmi--
2735 4568 2758 4574 -
2781 4568 3004 4579 ηψπ--.
3044 4568 3170 4628 -..ηῗ

542 4645 792 4719 quaedam
816 4657 929 4702 vet.
955 4645 1213 4719 quomodo
1238 4645 1323 4702 vel
1352 4649 1517 4719 quod,
1543 4656 1604 4705 ut
1631 4658 1688 4706 et
1714 4650 1837 4708 cod.
1864 4652 2136 4724 Perizon.,

548 4726 922 4862 “inﬁgat.
955 4787 1199 4862 Floreat.
1227 4805 1338 4862 pr.,
1367 4793 1511 4848 vicit.

615 4862 671 4916 7.
708 4860 850 4932 Proh
874 4860 1084 4927 pudor!
1115 4860 1249 4932 Alii,
1279 4862 1421 4917 Proh
1450 4864 1643 4920 dolor!

617 4933 675 5057 ἶ.
714 4931 785 4987 Ει
813 4933 917 4987 hic.
951 4932 1120 5005 Lugd.
1153 4931 1292 4990 Batt.
1320 4949 1403 5006 pr.
1424 4977 1439 5001 ,
1487 4946 1534 4991 et
1562 4938 1689 4992 ltwc.
1726 4938 1969 4996 Floreat.
2000 4953 2140 5007 sec.,

659 5021 766 5057 mc.
1780 5041 1783 5044 μ

543 5012 595 5060 et
623 5007 766 5060 hinc.
1780 5041 1783 5044 ν

620 5075 679 5154 ξ).
711 5076 841 5154 Tant
868 5077 1384 5154 apte._Lug_d.‘Batt.
1417 5077 1559 5143 duo,
1594 5090 1697 5154 tam
1722 5091 1917 5154 aperte.

617 5148 707 5205 10.
740 5147 972 5220 Dicetur.
1006 5147 1177 5220 Lugd.
1202 5148 1345 5204 Batt.
1381 5159 1532 5217 tert.,
1568 5147 1781 5208 dicitur.

616 5220 708 5298 ll.
734 5219 939 5298 lustius
963 5219 1191 5298 quidem.
1239 5220 1408 5292 Lugd.
1442 5221 1562 5278 Bat.
1597 5239 1706 5294 pr.,
1731 5228 1877 5298 juste
1908 5226 2139 5298 quidem.

541 5289 821 5364 Perizon.,
845 5289 1041 5364 justius
1070 5293 1280 5364 quippe.

617 5364 707 5435 12.
744 5362 1035 5435 ξριίηοὺὶδ.
1070 5362 1360 5433 Perperam
1390 5363 1664 5435 Perizon.,
1701 5367 1806 5425 Sed
1835 5385 1960 5423 non.

538 5504 587 5562 ν
614 5434 703 5560 1'5.
745 5433 1042 5491 Vocabulis.
1071 5434 1161 5490 Sic
1190 5449 1319 5491 mss.
1351 5446 1406 5492 et
1433 5436 1524 5492 ed.
1560 5433 1738 5511 Aug;
1785 5441 2148 5512 vocabulisque

592 5521 623 5561 tt
650 5521 734 5562 ac.

592 5521 734 5577 utgg.

612 5576 703 5651 μ.
729 5576 975 5651 Potestas
1003 5578 1137 5633 irata
1162 5578 1388 5634 victoris.
1438 5579 1605 5651 Lugd.
1648 5582 1783 5637 Batt.
1835 5592 1965 5649 tres,
2013 5598 2137 5639 cum

536 5646 680 5721 Coll.
709 5649 971 5721 G_ronov.,
1000 5660 1224 5721 potestas
1254 5651 1376 5705 irati
1403 5646 1632 5707 victoris.
1952 5650 1956 5654 ’

608 5720 700 5775 15.
734 5719 1009 5793 Britannis
1051 5721 1320 5793 Gallisque
1363 5723 1569 5793 p0pulis
1613 5724 1777 5780 erecti
1797 5733 1844 5779 et
1869 5725 2131 5784 instructi.

532 5790 877 5869 Carausium,
925 5790 1676 5869 Allectum,;_Consiauliuum
1723 5796 1968 5869 aliosque
2014 5797 2132 5869 ejus

534 5860 796 5933 temporis
827 5872 1085 5933 tyrannos
1114 5863 1385 5936 intelligit,
1415 5863 1515 5924 hos
1544 5876 1760 5938 erectos,
1791 5867 1843 5924 id
1871 5860 1958 5926 est
1992 5860 2126 5927 cun-

2321 4657 2406 4713 l9.
2429 4656 2659 4744 .Legerit,
2693 4664 2946 4744 senserit?
3099 4665 3261 4738 Aug.,
3284 4669 3532 4737 timuerit,
3564 4669 3848 4744 scripserit,

2244 4735 2482 4814 senserit,
2512 4735 2768 4814 nescierit.
2793 4735 3081 4804 Quomodo
3104 4735 3471 4814 opponuntur,
3502 4735 3595 4810 qui
3620 4735 3848 4814 scripse—

2246 4808 2375 4884 runt
2399 4812 2453 4857 et
2482 4805 2573 4886 qui
2608 4805 2926 4886 timuerunt,
2954 4824 3050 4886 per
3088 4805 3217 4866 suas
3253 4812 3460 4886 scilicet
3505 4805 3684 4886 vices,
3725 4805 3846 4886 item

2245 4879 2335 4955 qui
2368 4879 2640 4955 senserint
2660 4886 2719 4955 _et
2740 4879 3062 4955 nescierint,
3094 4895 3214 4955 cum
3237 4883 3457 4955 scilicet
3484 4892 3541 4939 ct
3564 4883 3759 4953 scripti
3798 4886 3846 4937 in

2246 4948 2397 5026 iisne}
2431 4961 2535 5026 n_on
2568 4948 3112 5026 scriptijnterieriut.
3143 4952 3249 5009 Sed
3282 4954 3426 5008 malo
3451 4948 3752 5026 vulgatam.

2281 5014 2409 5141 ι
2437 5017 2511 5141 sic
2530 5014 2704 5073 etiam'.
2734 5021 2864 5077 Mss.
2894 5024 3133 5093 quidam,
3158 5033 3214 5079 ut
3240 5027 3428 5093 etiam;
3457 5014 3605 5084 fori'e
3632 5026 3846 5094 melius,

2424 5104 2452 5141 e
2477 5104 2599 5141 tam.

2244 5103 2398 5157 atque
2424 5103 2599 5142 errant.

2314 5157 2405 5214 2i.
2451 5157 2549 5214 Via;
2574 5178 2786 5240 paucos.
2817 5163 2991 5238 Lugd.
3019 5167 3130 5223 Bat.
3166 5184 3251 5240 pr.
3283 5178 3339 5225 et
3377 5179 3501 5226 tert.
3545 5186 3677 5228 eum
3717 5169 3844 5226 Coll.

2246 5228 2480 5309 Grppov.
2495 5271 2511 5299 ,
2542 5228 2629 5309 pia:
2658 5228 2963 5309 perpaucos.

2284 5373 2297 5386 θ
2317 5303 2407 5386 22.
2434 5301 2607 5358 Invito
2635 5301 3040 5386 e'iiainrigtore;
3066 5310 3206 5368 Coll.
3251 5311 3514 5379 Gronom,
3540 5331 3653 5369 uno
3682 5314 3849 5368 'ctiant

2245 5377 2435 5458 εἰσίητε
2449 5390 2649 5458 ,1,Inss._
2669 5377 2837 5458 Lugd.
2874 5380 3013 5440 Batt.
3045 5394 3175 5449 tres,
3207 5377 3763 5458 unouetiauiauctorc.

2318 5445 2516 5527 25.111
2545 5448 2708 5527 verbis
2735 5445 2885 5505 uerba
2916 5470 3015 5507 non
3048 5445 3272 5510 onerent.
3303 5456 3438 5512 Tres
3468 5455 3647 5527 Lugd.
3688 5458 3847 5521 Batt.,

2252 5530 2374 5572 cum
2403 5517 2542 5573 Coll.
2570 5518 2837 5593 granum,
2868 5533 2924 5577 ut
2952 5527 3103 5580 verba
3134 5543 3252 5583 cera
3281 5543 3382 5582 non
3407 5517 3642 5583 onerent.
3669 5517 3849 5593 Forte,

2185 5657 2197 5668 ο
2253 5589 2646 5668 utier-adverbis
2678 5608 2777 5668 non
2811 5611 3037 5651 onerem.

2313 5659 2678 5735 εᾶζςςεςςαλεδι
2707 5663 2761 5717 in
2801 5682 2928 5733 pace
2973 5668 3242 5728 nobilium.
3293 5669 3429 5726 Tres
3475 5669 3652 5727 iidem
3698 5684 3847 5735 mss.,

2242 5744 2364 5814 eum
2395 5730 2533 5787 Coll.
2564 5732 2757 5803 Gron.,
2793 5730 2878 5791 hic
2908 5740 3113 5814 legunt,
3143 5758 3277 5797 erasa
3304 5751 3379 5798 est
3407 5753 3452 5796 et
3473 5743 3527 5796 in
3554 5759 3690 5814 pace
3711 5730 3850 5796 nubi;

2240 5801 2406 5863 lium:
2432 5818 2596 5872 supra
2628 5801 2779 5872 vero,
2814 5825 2918 5863 non
2947 5801 3247 5867 Exstinctam
3272 5815 3443 5869 modo.

2308 5874 2398 5931 25.
2434 5872 2590 5932 Sulla
2621 5887 2846 5951 mortuo,
2881 5879 3128 5954 Lepidus.
3171 5884 3244 5941 Μ.
3292 5883 3551 5944 Ᾱζηιίιὶυε
3605 5884 3844 5960 Lepidus
