4096 6350
364 289 467 356 981

1398 285 1873 346 HISTORIABUM
1914 285 2122 344 LlBER
2164 286 2228 343 V.
2268 284 2423 343 CAP.
2466 284 2658 344 XXIV.

366 405 522 464 selim
570 402 806 473 evertit,
854 400 1126 477 Corycum
1177 401 1340 460 diruit
1370 444 1386 470 ,
1446 404 1488 437 ’⁷
1538 403 1700 460 Tauri
1754 417 1971 474 quoque
1996 408 2049 467 Α
2077 403 2282 475 rapinis
2302 446 2315 473 ,
2343 401 2655 475 stuprisque
2682 400 2869 459 omnia
2898 401 3220 471 miscerent,
3248 412 3271 447 ⁸
3300 404 3358 461 in
3381 405 3660 478 exsequiis

362 499 532 574 359
558 498 760 554 montis
789 496 963 554 latera
994 496 1049 552 in
1078 494 1327 567 Ciliciam
1358 498 1633 568 vergentia
1658 505 1967 568 perscruta-
2069 496 2297 565 captivm
2319 504 2609 561 matronae,
2640 510 2760 565 quas
2786 510 2846 553 se
2873 495 3066 551 dolore
3092 495 3277 552 violati
3307 497 3534 568 pudoris
3569 513 3664 555 ne-

365 602 473 661 tus,
517 591 736 648 lsauros
784 589 930 647 bello
982 590 1206 657 fractos,
1239 592 1287 623 ’⁸
1324 592 1379 647 in
1412 591 1679 648 ditionem
1709 592 1963 663 redegit:

367 685 574 757 primus
600 685 974 742 Romanorum
1006 698 1102 755 per
1130 684 1370 741 Taurum
1418 684 1580 741 duxit
1630 685 1958 753 exercitum,

364 792 431 834 ac
462 777 687 833 limitem
719 777 928 833 itineris
958 774 1110 833 fecit.
1144 776 1405 833 Triennio
1433 791 1679 849 emenso,
1707 792 1814 849 quo
1841 774 1959 833 bel-

365 868 478 925 lum
509 877 719 941 gestum
752 878 858 932 est,
893 868 1114 925 lsaurici
1155 884 1354 925 nomen
1406 869 1721 940 assumpsit.
1751 872 1795 904 ’θ
1826 868 1961 926 Cos-

362 959 554 1017 conius
584 960 913 1031 proconsule
942 959 1171 1016 sortitus
1203 960 1502 1034 lllyricum.
1556 962 1785 1032 protrita
1833 962 1964 1018 sub-

363 1061 594 1123 actaque
631 1052 922 1116 Dalmatia.
971 1052 1221 1116 Salonas.
1276 1055 1462 1111 urbem
1494 1053 1958 1119 ﬂorentissimam,

363 1154 489 1217 post
510 1146 794 1203 biennium
820 1145 1043 1203 tandem
1071 1149 1404 1218 expugnavit
1425 1157 1482 1205 et
1505 1150 1671 1220 cepit.

937 1281 1164 1341 CAPUT
1204 1281 1398 1340 XXIV.

362 1373 443 1432 De
460 1375 593 1432 bello
614 1374 952 1449 fugitivorum
977 1392 1067 1433 seu
1092 1375 1472 1450 gladiatorum,
1498 1387 1547 1434 et
1568 1380 1802 1436 cladibus
1825 1382 1955 1453 ejus.

434 1512 449 1542 ¹
477 1510 636 1566 Anno
661 1512 731 1567 ab
758 1510 906 1569 Urbe
935 1512 1155 1569 condita
1196 1516 1595 1572 sexcentesimo
1623 1533 1811 1584 Lxxtx,
1847 1518 1953 1575 Lu-

357 1603 502 1662 cullo
529 1612 586 1661 et
606 1604 803 1673 Cassio
829 1605 1171 1672 consulibus,
1202 1606 1223 1636 ⁸
1247 1608 1584 1679 gladiatores
1610 1613 1956 1682 septuaginta

357 1708 416 1754 et
435 1709 671 1769 quatuor
700 1695 897 1768 Capua:
926 1714 956 1753 a
990 1698 1120 1754 ludo
1139 1699 1308 1773 360
1335 1701 1434 1757 Cn.
1476 1700 1695 1757 Lentuli
1725 1703 1953 1776 diffuge-

2068 596 2309 657 caverat,
2345 602 2537 643 munus
2567 586 2929 659 gladiatorum
2959 604 3027 644 ex
3048 588 3465 661 quadringentis
3496 591 3667 662 capti-

2068 680 2170 745 vis,
2203 679 2434 745 scilicet,
2465 677 2557 750 qui
2604 679 2884 749 spectandi
2934 679 3175 747 fuerant,
3221 682 3542 751 spectaturi,
3580 689 3665 736 ut-

2073 781 2198 844 pote
2219 772 2450 840 lanistas,
2474 772 2833 844 gladiatorum
2863 772 3040 844 potius
3068 790 3228 844 quam
3255 775 3486 830 militum
3515 776 3664 845 prin-

2068 868 2243 938 cipes,
2265 866 2575 923 ediderunt.
2599 867 2802 924 Deinde
2822 868 3078 925 consules
3100 868 3308 925 Gellius
3330 879 3382 924 et
3405 869 3669 926 Lentulus

2064 960 2326 1017 adversus
2352 973 2447 1015 eos
2472 975 2592 1016 cum
2621 962 2897 1018 exercitu9
2919 962 3095 1028 missi,
3130 976 3364 1033 quorum
3382 963 3424 993 ¹⁰
3448 962 3659 1019 Gellius

2063 1049 2308 1119 Crixum,
2359 1052 2629 1109 acerrime
2676 1062 3046 1124 pugnantem,
3090 1055 3298 1123 rprzelio
3351 1054 3661 1126 oppressit,

2064 1145 2348 1213 Lentulus,
2379 1161 2407 1200 a
2433 1146 2696 1216 Spartaco
2720 1158 3032 1219 superatus,
3066 1148 3292 1217 aufugit.
3324 1148 3459 1202 Post
3488 1147 3656 1203 etiam

2066 1238 2280 1296 collatis
2312 1237 2516 1294 frustra
2550 1239 2708 1294 ambo
2742 1240 2998 1296 consules
3025 1240 3228 1310 copiis,
3261 1247 3479 1310 accepta
3511 1239 3659 1310 gravi

2063 1331 2238 1398 clade,
2284 1331 2557 1403 fugerunt.
2597 1331 2803 1388 Dehinc
2853 1332 2914 1387 C.
2968 1332 3217 1389 Cassium
3275 1334 3657 1403 proconsulem

2066 1424 2253 1481 “idem
2268 1423 2565 1495 Spartacus
2580 1439 2901 1495 Oppressum
2918 1426 3060 1482 bello
3075 1426 3562 1499 interfecit.ltaqne
3576 1442 3665 1483 ex-

2065 1519 2251 1574 territa
2272 1515 2503 1574 Civitate
2527 1533 2635 1574 non
2650 1520 2857 1575 minore
2885 1520 3275 1590 propemodum
3301 1531 3474 1588 metu,
3498 1537 3661 1592 quam

2063 1610 2165 1666 sub
2178 1610 2444 1666 Annibale
2456 1610 2596 1666 circa
2615 1623 2797 1681 portas
2820 1612 3086 1670 fremente
3102 1614 3489 1684 trepidaverat,
3503 1629 3663 1671 sena-

2069 1701 2418 1760 tusCrassum
2434 1719 2555 1759 cum
2572 1704 2878 1773 legionibus
2891 1706 2931 1737 ¹²
2946 1708 3230 1762 consulum
3246 1722 3505 1779 novoque
3524 1723 3662 1774 sup-

356 1801 483 1849 runt
507 1808 521 1847 :
545 1792 636 1863 qui
660 1792 948 1859 continuo,
970 1791 1200 1848 ducibus
1224 1792 1244 1824 ³
1268 1791 1433 1850 Crixo
1451 1805 1503 1850 et
1525 1794 1807 1851 (Enomao
1830 1796 1953 1853 Gal-
1989 1799 2031 1858 Β
2059 1797 2333 1867 plemento
2374 1796 2533 1869 361
2556 1797 2785 1852 militum
2803 1799 2966 1854 misit.
3007 1798 3054 1854 ls
3077 1816 3200 1855 mox
3229 1810 3286 1855 ut
3316 1799 3661 1871 fugitivorum

358 1888 445 1954 lis,
475 1898 530 1943 et
553 1887 820 1958 Spartaco
847 1888 1085 1957 Thrace,
1115 1885 1406 1944 Vesuvium
1449 1897 1689 1946 montem
1716 1905 1953 1961 occupa-

353 1989 581 2047 verunt;
616 1980 761 2037 unde
788 1992 1167 2053 erumpentes,
1191 1979 1214 2039 ‘P
1234 1981 1411 2039 Clodii
1441 1985 1714 2054 praetoris,
1746 1986 1837 2056 qui
1858 2001 1953 2042 eos

350 2075 642 2131 obsidione
676 2076 946 2144 cinxerat,
980 2086 1159 2133 castra
1186 2086 1612 2148 expugnarunt:
1647 2079 1876 2149 ipsoque
1900 2081 1953 2136 in

354 2171 536 2244 fugam
568 2179 712 2239 acto,
745 2180 940 2227 cuncta
972 2172 1025 2227 in
1056 2171 1295 2243 praedam
1322 2172 1344 2203 ⁵
1366 2182 1667 2228 verterunt.
1696 2172 1829 2229 lude
1862 2190 1956 2242 per

353 2265 704 2321 Consentiam
747 2276 802 2319 et
846 2264 1220 2335 Metapontum
1275 2266 1656 2335 circumducti,
1712 2268 1955 2337 ingentia

357 2359 509 2415 brevi
531 2361 743 2432 agmina
770 2362 1132 2433 collegerunt.
1159 2362 1295 2420 Nam
1321 2365 1482 2420 Crixo
1503 2364 1694 2420 decem
1722 2366 1955 2422 millium

358 2453 684 2521 multitudo,
717 2455 981 2525 Spartaco
1019 2464 1197 2513 autem
1252 2457 1457 2528 triplex
1518 2468 1646 2514 tunc
1694 2472 1956 2515 numerus

360 2544 527 2602 fuisse
557 2547 578 2579 ⁸
604 2547 857 2608 refertur.
885 2549 1201 2607 (Enomaus
1226 2551 1373 2608 enim
1394 2552 1506 2623 jam
1538 2553 1557 2583 ⁷
1581 2552 1635 2610 in
1666 2554 1955 2624 superiore

360 2637 506 2695 bello
535 2640 711 2697 fuerat
738 2640 975 2698 occisus.
1005 2641 1190 2713 itaque
1218 2657 1343 2699 cum
1364 2644 1631 2711 caedibus,
1659 2643 1950 2713 incendiis,

2061 1906 2291 1962 pugnam
2320 1890 2459 1960 iniit,
2478 1906 2571 1947 sex
2598 1893 2762 1948 millia
2801 1908 2988 1948 eorum
3017 1894 3315 1960 interiecit,
3360 1907 3661 1966 nongentos

2059 2002 2189 2041 vero
2212 1987 2375 2057 cepit.
2392 1987 2519 2043 inde
2545 1988 2696 2057 prius
2723 2004 2884 2059 quam
2903 1990 3074 2060 ipsum
3088 1990 3409 2061 Spartacum
3428 1993 3549 2048 “ad
3575 2008 3665 2049 ca-

2060 2088 2155 2152 put
2182 2079 2345 2137 Silari
2375 2080 2616 2138 llutninis
2631 2093 3130 2157 castrametantem,
3160 2088 3304 2142 bello
3335 2072 3664 2159 aggredere-

2062 2180 2168 2240 tur,
2192 2171 2374 2228 Gallos
2404 2171 2448 2203 ”
2471 2174 2823 2231 auxiliatores
2849 2177 2968 2245 ejus
2997 2176 3411 2250 Germanosque
3436 2195 3666 2249 supera-

2063 2266 2177 2331 vit,
2229 2282 2259 2320 e
2298 2266 2495 2336 quibus
2550 2267 2766 2339 triginta
2814 2270 2981 2324 millia
3025 2272 3303 2326 hominum
3354 2288 3476 2329 cum
3532 2273 3664 2343 ipsis

2062 2358 2289 2416 ducibus
2317 2361 2853 2419 occidit.Novissime
2878 2365 3053 2434 ipsum
3085 2365 3400 2436 Spartacum
3427 2365 3664 2437 disposi-

2063 2460 2113 2506 ta
2139 2453 2258 2508 acie
2277 2468 2649 2524 congressum,
2668 2456 3046 2530 maximasque
3071 2474 3195 2517 cum
3214 2476 3282 2517 eo
3307 2460 3662 2532 fugitivorum

2060 2544 2249 2614 copias
2283 2534 2688 2614 perculit.Nam‘
2708 2547 2753 2579 ¹⁸
2775 2550 3054 2621 sexaginta
3081 2566 3270 2607 eorum
3303 2552 3469 2607 millia
3497 2568 3659 2619 caesa,

2058 2653 2156 2694 sex
2199 2639 2365 2695 millia
2408 2650 2564 2711 capta
2604 2640 2947 2698 referuntur:
2983 2642 3086 2700 tria
3118 2644 3285 2700 millia
3314 2645 3514 2702 civium
3551 2646 3658 2701 lto-

1659 2845 1797 2903 HAV
1806 2844 2108 2903 ERCAMPI
2144 2842 2373 2901 NOTAE.

366 2984 446 3039 Ad
493 2983 774 3057 Olympum
810 2991 963 3057 atque
1009 2980 1354 3057 Phaselida;
1386 2983 1564 3057 item,_
1591 2983 1659 3037 ad
1709 2981 1966 3057 (Ionicum

365 3058 530 3121 dixit,
560 3053 787 3112 auctore
817 3053 987 3112 Prisc.
1030 3056 1122 3112 lib.
1157 3072 1249 3111 xv.
1300 3056 1492 3111 Cicero
1521 3055 1677 3110 Verr.
1706 3070 1738 3107 v
1774 3074 1787 3110 :
1817 3053 1965 3108 Pha-

367 3127 489 3183 selis
514 3129 610 3182 illa
633 3143 787 3199 quam
809 3130 941 3197 cepit
974 3129 1039 3184 P.
1065 3127 1343 3199 Servilius,
1368 3145 1471 3181 non
1494 3132 1664 3199 fuerat
1694 3125 1816 3181 urbs
1844 3134 1965 3181 ante

367 3198 767 3271 Cilicumjtque
796 3200 1122 3268 pradonum,
1149 3212 1257 3255 etc.
1281 3198 1448 3255 FABB.

435 3271 528 3329 27.
572 3269 731 3326 Tauri
754 3288 956 3343 quoque
984 3272 1189 3343 montis.
1232 3271 1407 3335 Meus,
1454 3269 1618 3343 Tauri
1647 3287 1848 3343 quoque
1876 3270 1958 3325 la-

364 3353 496 3399 tera.
530 3344 700 3414 Lugd.
733 3340 880 3398 Batti
909 3354 1041 3407 trcs.
1074 3342 1331 3414 Taurique
1359 3343 1553 3414 montis
1580 3340 1772 3399 latera.

432 3416 525 3471 ss.
569 3402 640 3469 Ιιῖ
659 3414 909 3470 ditionem
934 3402 1145 3485 redegit.
1190 3402 1266 3471 ui
1296 3414 1467 3471 edidit
1495 3413 1799 3481 Fabricius,
1832 3428 1954 3469 cum
1984 3402 2030 3467 C

363 3498 489 3542 ante
517 3486 665 3542 illum
691 3486 815 3543 edd.
853 3502 1046 3543 omnes
1078 3486 1344 3542 haberent
1371 3486 1425 3541 in
1455 3487 1774 3541 deditionem
1817 3487 1963 3539 rede-

363 3560 462 3631 git,
495 3560 646 3631 quod,
667 3569 752 3614 est
773 3569 1052 3631 receptum
1086 3558 1340 3628 loquendi
1368 3573 1560 3629 genus,
1592 3559 1684 3631 ubi
1716 3560 1783 3631 de
1808 3556 1962 3613 hoste

364 3628 459 3696 qui
479 3628 812 3686 deditionem
838 3629 988 3697 facit,
1021 3631 1221 3700 agitur,
1248 3628 1411 3700 atque
1434 3629 1711 3685 invenitur
1737 3629 1793 3684 in
1824 3644 1958 3683 mss.

364 3694 536 3772 Lugd.
567 3701 709 3761 Batt.
733 3694 986 3773 quatuor,
1020 3694 1268 3756 Pcrizon.
1305 3694 1362 3756 et
1386 3702 1540 3766 Meo,
1571 3700 1850 3757 scribente
1881 3708 1962 3755 ta-

369 3790 491 3846 men
525 3773 664 3838 Meo,
692 3776 746 3827 in
774 3773 1089 3846 deditionem
1117 3774 1325 3846 recepit.
1360 3773 1468 3846 Pro
1501 3773 1733 3846 Fabricii
1783 3784 1961 3846 tamen

366 3845 603 3901 lectione
635 3854 742 3900 stat
773 3845 896 3900 cod.
930 3844 1210 3914 Longob.,
1230 3844 1299 3900 'et
1327 3844 1492 3900 simili
1525 3844 1687 3899 modo
1720 3846 1774 3897 in
1805 3844 1965 3899 ditio-

368 3933 481 3988 nem
525 3916 695 3971 venire
723 3916 856 3972 dixit
889 3916 1220 3988 Pomponius
1245 3916 1314 3972 de
1358 3916 1577 3988 Origine
1617 3915 1961 3988 ac‘Success.

365 3987 665 4072 blitgistrat.
697 4003 817 4115 02p.
862 3988 952 4056 l8,
989 4003 1043 4071 p.
1075 3987 1203 4057 9.75,
1252 3988 1361 4072 ed._
1392 3986 1705 4070 “apertius.
1736 3988 1804 4073 tle
1835 3987 1956 4069 tiri-

365 4075 491 4115 tttne
537 4075 705 4115 tum:
777 4069 901 4115 apta
929 4060 1113 4114 deinde
1142 4059 1416 4115 Sardinia.
1446 4077 1565 4115 mox
1597 4059 1802 4115 Stctlta.
1840 4066 1956 4113 item

365 4060 491 4131 gina
530 4059 705 4128 juris:
734 4059 901 4131 Capta
929 4060 1113 4114 deinde
1142 4059 1416 4125 Sardinia,
1446 4077 1565 4116 mea;
1597 4059 1802 4131 Sicilia,
1840 4060 1964 4113 item

368 4129 652 4203 Hispania,
676 4129 861 4205 deinde
888 4131 1243 4205 Narbonensis
1262 4133 1527 4205 provincia
1550 4147 1568 4186 :
1593 4129 1807 4205 totidem
1831 4144 1966 4201 pra:-

369 4201 525 4274 tore‘s.
558 4212 682 4274 quot
704 4202 980 4270 provincia:
1008 4204 1061 4258 in
1086 4201 1307 4258 ditiones
1331 4211 1602 4268 venerant,
1635 4201 1794 4255 creati
1818 4209 1960 4274 sunt.

376 4272 638 4345 itaqueita
663 4275 915 4329 ditionem
942 4274 1157 4345 redegit,
1188 4273 1526 4331 tantumdem
1555 4282 1659 4341 est,
1691 4287 1756 4328 ae
1780 4273 1963 4343 populi

374 4343 605 4416 Rot'nani
634 4347 963 4416 provinciam
988 4343 1136 4401 fecit.

440 4415 532 4472 29.
558 4414 839 4473 Cosconius
866 4434 1106 4487 procons.
1140 4417 1214 4473 De
1248 4418 1412 4474 rebus
1442 4433 1471 4473 a
1501 4414 1773 4473 Cosconio
1802 4416 1969 4486 gestis

370 4487 665 4558 Eutropius
690 4490 828 4545 libro
855 4505 932 4556 vt,
952 4490 1040 4546 tibi
1069 4489 1194 4545 libri
1224 4490 1274 4545 ei
1303 4488 1426 4545 Cnei
1458 4504 1770 4562 prmnomen
1803 4487 1965 4562 dant,

373 4575 680 4629 perperam,
734 4571 793 4617 ut
840 4562 1074 4630 opinor:
1106 4570 1191 4616 est
1239 4562 1384 4616 enim
1419 4558 1506 4616 hic
1533 4560 1596 4617 C.
1644 4558 1963 4625 Cosconius,

372 4630 531 4703 cujus
579 4632 775 4688 litteris
822 4635 1037 4702 planum
1071 4631 1271 4687 factum
1307 4633 1434 4697 fuit,
1467 4633 1736 4703 legionem
1787 4645 1909 4686 esse
1938 4646 1966 4684 a

373 4701 547 4776 Balbo
574 4701 918 4776 sollicitatam
954 4704 1006 4760 in
1038 4703 1275 4776 Illyrico,
1306 4714 1365 4758 ut
1390 4701 1623 4760 testatur
1651 4701 1843 4759 Cicero
1872 4715 1970 4772 pro

373 4774 651 4830 Cluentio.
683 4775 849 4832 FABB.

1035 4848 1183 4900 Anno
1233 4845 1297 4901 ab
1348 4844 1475 4902 Urb.
1506 4846 1660 4901 cond.
1718 4809 2050 4902 nouum!)

376 4916 639 4987 Eutropio
692 4919 782 4975 hic
811 4935 983 4973 annus
1012 4928 1097 4974 est
1124 4933 1427 4983 ncnxxvm;
1481 4919 1604 4973 aliis
1632 4933 1830 4984 ncxxx,
1863 4932 1972 4988 quo

376 4993 632 5045 consules
683 4993 907 5047 luerunt
955 4991 1026 5047 bl.
1060 4990 1358 5047 Terentius
1386 4989 1558 5045 Varro
1607 4989 1864 5045 Lucullus
1915 5000 1971 5044 et

377 5060 444 5115 C.
482 5061 723 5118 Cassius.
756 5061 923 5120 FABR.

446 5131 505 5186 ἓ.
546 5131 879 5191 Gladiatores
926 5149 1106 5192 Lxxw.
1152 5132 1418 5189 Eumdem
1458 5147 1746 5188 numerum
1801 5130 1972 5187 habet

377 5200 672 5279 Liviustet
704 5207 1023 5279 Eutropius;
1055 5204 1331 5279 Appianus
1352 5246 1365 5268 ,
1395 5202 1977 5279 possitquae-itidem-

376 5293 560 5354 uorsa;
601 5275 954 5354 ΡΙιιΙιιιᾯΙιεξὶη
976 5279 1202 5344 Crussn,
1235 5275 1543 5351 dydoriitovra
1573 5275 1712 5334 duoiv
1737 5275 1969 5354 δέονειέας.

382 5345 638 5422 FannL—
658 5349 830 5422 Lugd.
860 5352 973 5407 Bal.
1002 5345 1488 5422 quart._ntiuierat,
1520 5365 1674 5416 xuv;
1697 5348 1795 5422 sed
1821 5355 1973 5413 tert.,

377 5431 503 5474 eum
524 5417 666 5478 Coll.
697 5417 866 5478 Gron.
891 5432 948 5477 et
973 5417 1133 5476 codd.
1161 5420 1300 5485 illeo,
1329 5420 1581 5476 Perizon.
1611 5435 1677 5476 ac
1703 5419 1971 5475 Florenti.

380 5490 588 5565 tribus,
606 5497 889 5565 sexaginta,
908 5505 955 5547 et
980 5505 1203 5565 quatuor
1232 5501 1519 5565 numerant
1545 5492 1658 5547 sive
1679 5490 1948 5565 scribunt.

453 5564 507 5616 5.
549 5562 705 5620 Crixo
736 5562 783 5619 Et
812 5562 1106 5622 mutando.
1147 5563 1227 5619 lla
1268 5564 1368 5618 hos
1400 5564 1566 5619 duces
1616 5562 1977 5618 nominandos

382 5645 506 5688 esse
537 5650 643 5690 non
678 5636 841 5692 modo
866 5638 1169 5707 Appianus,
1205 5651 1391 5691 verum
1425 5635 1590 5690 etiam
1624 5633 1753 5689 libri
1780 5633 1977 5689 vetusti

385 5707 636 5775 probant.
679 5708 847 5764 FABR.

455 5775 509 5851 ᾧ.
556 5777 728 5851 Clodii
775 5780 1034 5851 praetoris.
1078 5776 1354 5851 Claudium
1402 5776 1979 5851 f’ulchrumjesalum

388 5843 555 5905 habet
584 5843 941 5909 Livius'libro
964 5867 1087 5908 xcv.
1112 5849 1355 5906 Clodium
1387 5849 1643 5906 Glabrum
1692 5843 1888 5905 Florus
1919 5848 1983 5904 li-

2069 2981 2168 3108 liiro
2210 2995 2300 3049 ιιι,
2337 2980 2517 3051 capite
2557 2979 2647 3035 20.
2699 2978 2913 3038 nimio.
2952 2983 3257 3059 στρατηγὸν,
3305 2982 3655 3042 Plutarchus.

2115 3069 2237 3108 san.

2115 3069 2237 3109 ABR.

2140 3124 2193 3178 5.
2241 3122 2535 3179 Verterunt.
2569 3124 2818 3194 Plerique
2846 3124 3006 3181 codd.
3035 3140 3194 3196 mss;,
3226 3142 3349 3183 cum
3371 3127 3459 3183 ed.
3492 3131 3661 3202 Aug.,

2066 3205 2379 3252 averterunt.

2137 3269 2190 3324 ϐ.
2237 3267 2493 3339 Refertur.
2535 3266 2628 3324 Sic
2649 3268 2895 3323 scribere
2918 3268 3114 3338 jubent
3132 3284 3265 3326 mss.
3297 3271 3413 3327 fere
3443 3287 3658 3342 omnes,

2066 3356 2173 3396 non
2207 3343 2394 3411 fertur.

2134 3409 2295 3484 7,.Ἰη
2336 3412 2623 3478 superiore.
2668 3412 2781 3466 Duo
2831 3422 2885 3468 et
2922 3412 3097 3484 Lugd.
3153 3414 3320 3480 Batt.,
3352 3429 3475 3470 cum
3509 3415 3650 3472 Coll.

2068 3481 2343 3547 Grt'mov.,
2366 3484 2650 3550 superiore,
2684 3484 2865 3539 deleto
2895 3487 2969 3538 in.

2138 3557 2192 3611 8.
2237 3552 2303 3613 In
2335 3555 2588 3635 exsequiis
2636 3556 2872 3635 captivae.
2915 3558 3193 3635 Appianus
3215 3568 3231 3635 ς
3254 3555 3312 3612 ⁸0
3338 3556 3392 3635 δέ
3419 3561 3659 3635 Σπάρτα-

2066 3628 2508 3717 ξοεεθιακοσίογξ
2529 3629 3179 3717 Ῥωμαίων.αεχμαὶτὲιτογσ
3207 3630 3446 3717 irrisas
3471 3628 3653 3705 ιρίξῳ,

2070 3697 2282 3776 ᾷυοδέὶςα
2319 3697 2573 3776 μυριᾴδας
2610 3697 3075 3776 (Perpetietur—ingesta
3104 3702 3156 3761 ἐς
3192 3697 3379 3776 Ῥὠίξηξδ
3411 3697 3658 3776 dini-tyrio.

2070 3770 2358 3839 Spartacus
2374 3769 2458 3823 tibi
2481 3769 2730 3824 trecentos
2747 3772 2978 3840 captivos
2995 3772 3259 3827 Romanos
3272 3769 3426 3827 Crixo
3443 3769 3659 3840 inferias

2067 3843 2229 3906 misit,
2260 3856 2380 3893 cum
2405 3856 2509 3896 cxx
2542 3840 2769 3895 millibus
2802 3843 3030 3911 peditum
3060 3843 3415 3898 Romanorum
3445 3844 3516 3897 ad
3549 3843 3660 3900 Ur-

2065 3913 2175 3968 bem
2199 3913 2483 3987 contendit.
2519 3914 2652 3967 llinc
2681 3912 2877 3987 Florus
2907 3933 2919 3967 :
2948 3914 3331 3983 Defunctorum
3353 3916 3539 3987 prtulio
3561 3918 3661 3971 du-

2070 4000 2186 4039 cum
2213 3987 2397 4052 funera
2424 3984 2767 4058 imperatoriis
2797 3984 3068 4041 celebravit
3093 3984 3368 4058 exsequiis,
3400 3988 3662 4058 captivos-

2070 4072 2179 4129 que
2194 4058 2330 4129 circa
2356 4073 2538 4127 rogum
2560 4057 2716 4129 jussit
2737 4059 2894 4111 armis
2922 4059 3237 4129 depugnare.
3271 4057 3436 4114 Fann.
3455 4060 3665 4115 ——Mox

2079 4128 2526 4201 mallenimunus
2553 4127 2922 4201 gladiatorium
2953 4144 3049 4198 pro
3064 4127 3449 4201 gladiatorum.

2151 4199 2202 4256 9.
2241 4198 2413 4270 Missi.
2458 4198 2592 4270 Mss.
2621 4200 2865 4270 quidam,
2897 4211 3014 4255 sunt
3042 4198 3205 4254 missi.

2144 4271 2230 4328 10.
2274 4268 2474 4325 Gellius
2502 4268 2734 4345 Crixum.
2760 4271 2982 4345 Crixum
3007 4271 3153 4327 circa
3176 4271 3488 4345 Garganum
3511 4288 3669 4329 mon-

2072 4353 2179 4416 tem
2202 4357 2526 4416 oppressum
2555 4343 3059 4416 fuisseLAppianus
3087 4343 3309 4411 scribit,
3337 4360 3368 4400 a
3395 4360 3528 4416 quo,
3558 4354 3615 4402 et
3635 4360 3670 4402 a

2071 4412 2370 4485 Plutarcho
2398 4414 2552 4483 plura
2577 4426 2722 4485 pete.
2747 4412 2912 4471 FABlt.

2146 4486 2233 4541 Η.
2276 4483 2449 4557 idem.
2491 4483 2734 4543 Florent.
2777 4502 2884 4557 pr.,
2914 4487 3126 4542 ibidem.

2146 4559 2232 4613 12.
2276 4555 2583 4612 Consulum.
2625 4555 2799 4614 Abest
2819 4559 2887 4615 ab
2909 4562 2995 4613 ριΙ.
3021 4559 3277 4626 August.,
3305 4559 3399 4616 sed
3426 4560 3675 4617 scribunt

2074 4629 2335 4684 consulem
2365 4637 2476 4683 tres
2499 4628 2667 4698 Lugd.
2693 4631 2835 4685 Bait.
2852 4643 2907 4686 et
2932 4630 3074 4686 Coll.
3099 4629 3268 4686 Gron.
3296 4632 3459 4698 male,
3482 4648 3669 4687 consu-

2073 4700 2203 4769 lum,
2237 4700 2288 4755 id
2324 4708 2411 4754 est
2432 4702 2719 4771 utriusque
2760 4703 3023 4768 consulis,
3060 4703 3182 4756 totis
3212 4703 3420 4771 imperii
3444 4703 3669 4771 viribus,

2074 4783 2131 4846 ut
2159 4772 2395 4843 loquitur
2421 4772 2615 4827 Florus
2644 4774 2737 4846 lib.
2774 4789 2850 4839 ιιι,
2883 4791 3007 4844 cap.
3032 4774 3123 4828 ‘20.
3154 4774 3450 4846 Utriusque
3471 4790 3675 4831 consu-

2076 4843 2145 4899 lis
2179 4853 2304 4898 tunc
2335 4847 2638 4917 exercitum
2672 4844 2925 4900 habuisse
2954 4843 3233 4916 Crassum,
3263 4843 3497 4917 quitum
3529 4862 3677 4913 prae-

2075 4925 2159 4970 tor
2187 4924 2327 4980 erat,
2361 4916 2414 4969 in
2451 4915 2571 4970 Vita
2600 4913 2783 4972 Crassi
2821 4926 3052 4972 teStatur
3082 4913 3413 4976 Plutarchus
3446 4935 3499 4988 p.
3532 4918 3670 4975 548:

2077 4994 2362 5056 postquam
2393 4988 2538 5042 enim
2584 4988 2824 5043 narravit
2874 4998 3166 5057 utrumque
3209 4991 3515 5051 consulem,
3548 4989 3679 5044 Gel-

2078 5058 2209 5114 lium
2244 5068 2303 5114 et
2332 5059 2643 5123 Lentulum,
2678 5070 2870 5115 contra
2905 5061 3160 5131 fugitivos
3208 5063 3435 5116 missum
3483 5060 3678 5129 fuisse,

2077 5131 2250 5197 addit,
2282 5144 2557 5196 senatum,
2580 5133 2901 5187 consulibus
2930 5132 3228 5197 infensum,
3250 5133 3505 5199 jttssissc,
3540 5131 3684 5188 nihil

2081 5218 2180 5328 3m
2208 5202 2442 5273 imperio
2472 5211 2529 5257 ut
2560 5213 2807 5275 agerent,
2838 5216 3002 5274 atque
3032 5203 3234 5259 Crasso
3268 5204 3468 5259 bellum
3519 5218 3679 5258 man-

2119 5288 2261 5328 asse.

2119 5288 2261 5329 asse.

2162 5350 2243 5418 l5.
2272 5345 2352 5399 Ad
2382 5356 2536 5418 caput
2568 5345 2756 5401 Silari.
2792 5348 2868 5402 De
2895 5346 3075 5404 Silaro
3095 5388 3107 5411 ,
3137 5347 3223 5418 qui
3253 5359 3307 5401 et
3330 5346 3523 5402 Silaris
3548 5345 3687 5418 dici-

2082 5426 2190 5482 tur,
2222 5417 2420 5473 Strabo
2448 5417 2598 5472 libro
2625 5434 2656 5472 v
2699 5419 2801 5475 sub
2829 5420 2947 5486 lin.,
2979 5420 3183 5475 Plinius
3211 5417 3307 5472 lib.
3340 5434 3398 5472 ιιι
3425 5433 3545 5488 cap.
3580 5417 3685 5473 l05

2083 5498 2140 5545 et
2162 5488 2254 5544 ltb.
2276 5504 2333 5616 tFu
2361 5504 2479 5560 cap.
2501 5490 2553 5546 5.
2591 5490 2665 5545 De
2691 5506 2918 5547 numero
2947 5491 3350 5546 interiectormn
3375 5490 3559 5545 Livius
3584 5488 3681 5544 lib.

2084 5576 2243 5616 xcvu.
2329 5576 2453 5616 Αιιιι.

2084 5576 2243 5617 XCVII.
2284 5576 2453 5616 [ΑΒΚ.

2159 5631 2243 5687 14.
2322 5634 2671 5689 Αιιιοὶιὶίιιοτεδ
2724 5634 2857 5705 ejus.
2924 5633 3035 5705 Vogx
3103 5634 3377 5704 posterior
3435 5633 3588 5688 abest
3653 5646 3685 5688 a

2086 5704 2333 5760 Perizon.
2383 5706 2507 5761 dein
2561 5708 2709 5761 Meus
2750 5703 2926 5777 legit,
2967 5703 3360 5776 Germanosque
3413 5705 3544 5760 bello
3590 5719 3685 5758 su-

2122 5777 2305 5831 oravit.

2152 5792 2305 5831 ratur.

2088 5792 2248 5903 p815.
2273 5849 2556 5922 Sexaginta
2580 5864 2756 5905 eorum
2783 5847 2969 5905 millia.
3003 5849 3250 5906 Periuon.
3285 5861 3389 5905 XM!
3414 5857 3687 5905 numerat.
