4096 6350
426 288 535 347 985

1832 280 2039 339 PAULI
2077 279 2302 337 OROSII

3618 282 3731 340 981-

421 413 708 459 manorum
735 404 954 469 recepta
983 392 1339 452 sunt.Caeteri
1360 394 1451 467 qui
1478 409 1543 451 ex
1576 394 1678 449 hoc
1707 393 1849 450 bello
1881 393 2017 465 lapsi
2045 396 2099 457 Α
2123 393 2376 449 ardentes
2419 391 2582 448 sudes
2632 392 2809 464 sparsi
2849 400 2975 450 sunt
3008 433 3023 461 ,
3064 394 3343 468 multaque
3372 393 3621 450 incendia
3659 408 3733 449 ex

426 495 778 563 oberrabant,
813 507 910 564 per
935 490 1244 561 complures
1273 490 1439 545 duces
1477 487 1742 560 frequenti
1772 485 2025 559 indagine

425 590 471 623 ³⁸
518 588 688 644 attriti
727 595 874 643 sunt.
930 588 999 640 At
1049 599 1150 656 ego
1200 585 1391 639 iterum
1448 596 1514 639 ac
1557 581 1757 655 sapius
1797 590 2022 653 repeto,

430 687 473 719 ³⁷
488 700 614 741 num
629 682 885 755 quidnam
907 691 963 736 et
992 678 1497 749 hiccomparatione
1508 677 1684 748 aliqua
1709 686 1869 747 egent
1892 687 2026 732 tem-

425 777 587 850 pora?
607 751 761 845 Quis,
777 788 931 845 rogo,
955 771 1143 827 audire
1166 786 1272 827 non
1289 770 1529 832 horreat.
1556 784 1662 825 non
1676 769 1853 826 dicam
1880 768 2024 825 bella
2064 751 2079 770 ⁸

427 872 586 937 talia,
636 869 731 925 sed
779 867 862 922 vel
894 864 1111 922 nomina
1141 865 1185 897 ¹⁸
1224 873 1371 919 tanta
1410 863 1676 919 bellorum
1704 904 1719 928 ,
1762 873 2023 930 externa,

423 964 674 1027 servilia,
706 958 1174 1027 socialia,civilia,
1204 956 1701 1030 fugitivorumquc?
1726 956 1767 989 ¹⁹
1807 971 1927 1028 qua:
1957 968 2027 1011 ne

430 1057 512 1114 sic
559 1054 778 1126 quidem
825 1051 1018 1108 saltem
1049 1065 1191 1117 sese,
1223 1062 1282 1106 ut
1310 1050 1564 1105 commoti
1592 1049 1760 1104 maris
1806 1048 2030 1115 ﬂuctus,

432 1149 482 1181 ¹⁰
497 1147 742 1219 quamvis
762 1144 1000 1200 molibus
1012 1142 1241 1214 magnis,
1256 1151 1576 1215 sequuntur,
1591 1141 1687 1198 sed
1703 1141 1936 1211 undique
1948 1140 2031 1196 di-

428 1240 609 1297 versis
647 1239 858 1306 causis,
887 1236 1186 1303 vocabulis,
1235 1235 1449 1305 formis,
1482 1235 1750 1307 malisque
1772 1235 2027 1303 excitata,

428 1335 475 1368 ”
497 1343 920 1404 coacervataque
942 1340 1295 1388 concurrunt.
1320 1330 1392 1388 Ut
1426 1346 1457 1388 e
1483 1331 1728 1403 proximo
1762 1339 2027 1403 repetam,

429 1438 487 1486 et
510 1428 711 1486 infame
751 1428 881 1484 illud
909 1427 1108 1483 servile
1137 1436 1484 1498 prmteream,
1514 1424 1894 1497 Iugurthinum
1920 1424 2034 1481 bel-

414 1516 544 1579 ‘lum
572 1522 810 1578 nondum
829 1520 1006 1577 adhuc
1028 1520 1098 1576 ab
1121 1519 1308 1575 Africo
1326 1522 1371 1553 “
1389 1519 1734 1590 detonuerat,
1755 1520 1865 1590 jam
1888 1516 2036 1574 Cim-

432 1615 641 1672 bricum
664 1630 695 1670 a
716 1613 892 1670 Circio
917 1613 1338 1669 fulminabat.De
1357 1613 1650 1669 Cimbricis
1675 1614 1782 1669 illis
1803 1613 2035 1669 nubibus

430 1712 610 1767 adhuc
653 1710 781 1766 Γωᾱί
802 1710 1050 1780 vastique
1078 1716 1351 1764 torrentes
1388 1707 1543 1764 ell'usi
1587 1708 1868 1779 sanguinis
1905 1723 2031 1779 age-

2129 499 2236 541 uno
2262 483 2449 541 fomite
2466 483 2820 541 diffuderunt.
2845 484 2976 540 Nam
2998 485 3231 557 Lepidus
3262 496 3319 542 ct
3340 485 3527 557 Scipio
3548 486 3600 541 in
3624 485 3734 542 lla-

2126 582 2238 647 lia,
2284 580 2485 636 Brutus
2536 580 2590 636 in
2635 578 2848 647 Gallia,
2877 580 3169 647 Domitius,
3216 564 3401 637 Cinna:
3452 595 3644 652 gener,
3675 580 3735 637 in

2128 672 2336 742 Africa,
2364 672 2543 729 Carbo
2566 673 2620 729 in
2661 672 2896 731 Cossura
2927 684 2984 731 et
3019 674 3231 743 Sicilia,
3264 674 3542 747 Perperna
3569 675 3624 730 in
3646 673 3743 731 Li-

2127 762 2303 836 guria,
2332 775 2385 821 et
2412 774 2541 837 post
2571 780 2694 822 cum
2717 765 2965 825 Sertorio
2986 767 3039 823 in
3069 768 3354 839 Hispania,
3379 767 3742 840 omniumque

2127 860 2503 918 atrocissimus
2528 860 2806 918 Sertorius
2835 863 2891 918 in
2921 863 3111 920 eadem
3146 863 3427 934 Hispania,
3459 863 3576 919 hzec
3607 875 3740 919 tunc

2130 955 2330 1022 civilia,
2371 955 2458 1012 vel
2482 971 2590 1028 quo
2619 957 2726 1013 alia
2765 956 2998 1014 dicenda
3034 967 3163 1013 sunt
3201 958 3445 1028 nomine,
3470 957 3613 1014 bella
3639 974 3738 1015 ex-

2130 1052 2386 1117 citantes,
2409 1048 2479 1104 de
2500 1064 2610 1107 uno
2632 1050 2824 1120 multa,
2850 1052 2898 1083 ³⁵
2923 1050 2992 1107 de
3016 1065 3182 1122 parvo
3221 1065 3413 1123 magna
3442 1052 3734 1118 fecerunt;

2132 1139 2336 1212 absque
2362 1141 2471 1197 illis
2495 1141 2667 1197 tribus
2680 1142 3003 1198 vastissimis
3028 1143 3206 1209 hellis,
3226 1158 3349 1215 qua:
3370 1151 3741 1200 tuncexterna

2136 1237 2495 1304 vocabantur,
2527 1234 2631 1292 hoc
2655 1245 2760 1305 est,
2796 1236 3165 1310 Pamphyliae,
3198 1236 3548 1294 Macedonico
3572 1248 3745 1308 atque

2141 1328 2466 1399 Dalmatico,
2483 1328 2825 1388 dissimulato
2839 1331 3002 1386 etiam
3028 1330 3332 1402 magnoillo
3352 1329 3741 1399 Mithridatico,

2136 1422 2295 1494 longe
2342 1422 2585 1478 omnium
2629 1422 2676 1454 "
2713 1410 3173 1487 diuturnissimo,
3232 1421 3629 1488 infestissimo,
3679 1437 3751 1479 ac

2136 1517 2679 1574 formidolosissimo:
2706 1517 2928 1587 deinde,
2963 1516 3141 1574 adhuc
3166 1516 3509 1588 Hispaniensi
3550 1516 3750 1575 Serto-

2138 1608 2294 1666 riano
2333 1609 2573 1666 nondum
2605 1609 2779 1676 finito,
2804 1611 2970 1666 immo
3012 1611 3132 1681 ipso
3160 1610 3340 1667 adhuc
3367 1612 3584 1667 vivente
3610 1610 3749 1667 Ser-

2142 1702 2302 1769 torio,
2327 1702 2429 1760 hoc
2457 1702 2830 1775 fugitivorum,
2855 1712 2911 1760 et
2939 1704 2983 1737 ⁸⁷
3015 1713 3075 1760 ut
3104 1704 3284 1760 verius
3310 1703 3510 1769 dicam,
3540 1702 3755 1775 gladia-

432 1808 652 1873 bantur,
683 1807 795 1878 jam
828 1805 1045 1861 socialis
1074 1804 1121 1837 ³³
1150 1804 1274 1859 belli
1305 1804 1469 1876 362
1496 1803 1721 1860 nebulas
1761 1803 1815 1858 in
1841 1817 2033 1874 magna
2066 1799 2111 1859 Β
2143 1800 2337 1855 toriuut
2385 1798 2586 1855 bellum
2628 1797 2932 1864 inhorruit,
2971 1797 3085 1869 jam
3139 1814 3247 1854 non
3305 1799 3353 1831 ³⁸
3390 1798 3752 1869 spectandum

434 1900 694 1957 continuo
718 1898 984 1955 malorum
1020 1896 1200 1954 nubila
1232 1897 1504 1967 coituras,
1529 1897 1723 1953 misera
1750 1895 2039 1952 exhalabat

435 1995 609 2050 Italia.
640 1994 832 2050 Adhuc
856 2008 987 2048 vero
1015 2000 1135 2064 post
1186 1990 1451 2047 infinitam
1483 1991 1845 2062 crebramque
1874 1990 2038 2046 ltalici

435 2086 565 2143 belli
606 2095 982 2156 tempestatem
1030 2084 1263 2141 discurri
1304 2094 1420 2140 tuto
1447 2100 1542 2155 per
1568 2083 1776 2139 italiam
1817 2083 2040 2141 minimc

440 2188 654 2252 poterat
681 2198 695 2235 :
726 2180 799 2234 ita
826 2193 1017 2234 omnes
1047 2178 1251 2249 absque
1281 2176 1388 2232 illis
1418 2175 1896 2246 periculmissimis
1938 2175 2040 2230 ini-

438 2272 703 2329 micarum
754 2271 967 2327 urbium
996 2269 1376 2340 voraginibus,
1421 2268 1682 2323 dissoluta
1728 2283 1791 2322 ac
1829 2265 2040 2322 lubrica

436 2382 575 2439 pace
597 2365 928 2421 titubabattt:
958 2365 1068 2434 jam
1098 2363 1201 2419 sibi
1227 2362 1522 2417 Marianum
1550 2369 1712 2433 atque
1735 2361 2037 2415 Cinnanum

440 2457 614 2512 Roma
643 2455 984 2527 parturiebat
1002 2454 1295 2521 excidium,
1321 2465 1373 2510 et
1396 2453 1545 2510 aliud
1565 2468 1595 2510 e
1617 2454 1833 2510 diverso
1849 2454 2043 2510 Oriens

440 2561 604 2621 atque
641 2550 862 2619 Aquilo,
896 2549 1000 2603 hoc
1029 2557 1113 2603 est
1151 2547 1197 2579 ”
1242 2547 1662 2603 Mithridaticum
1714 2547 2039 2615 minabatur,

442 2642 589 2713 quod
613 2643 831 2714 quidem
878 2640 1301 2696 Mithridaticum
1339 2654 1368 2693 a
1396 2639 1776 2711 superioribus
1804 2651 2042 2713 emptum

445 2752 611 2809 porro
644 2738 697 2793 in
728 2737 987 2792 ulteriora
1023 2736 1335 2807 porrigitur.
1364 2736 1439 2791 De
1469 2735 1708 2791 Mariana
1738 2735 1857 2794 face
1885 2753 2046 2810 rogus

443 2830 680 2887 Sullanae
704 2827 872 2884 cladis
891 2843 1156 2885 accensus
1177 2837 1284 2895 est,
1303 2828 1373 2884 de
1390 2828 1494 2882 isto
1516 2842 1647 2898 rogo
1673 2827 2047 2886 funestissima

445 2925 657 2985 Sullani
683 2936 735 2981 et
763 2923 941 2985 civilis
978 2923 1106 2980 belli
1146 2937 1243 2994 per
1273 2923 1536 2995 plurimas
1567 2936 1835 2980 terrarum
1865 2932 2048 2996 partes

2142 1892 2352 1963 paucis,
2386 1891 2482 1947 sed
2513 1890 2711 1962 ubique
2741 1892 3115 1948 metuendum.
3148 1890 3302 1961 Quod
3334 1890 3458 1963 quia
3487 1890 3753 1961 fugitivo-

2146 1999 2264 2040 rum
2296 1984 2499 2041 bellum
2524 1984 2746 2053 dicitur,
2771 1985 3096 2042 neminivile
3123 1986 3387 2041 habeatur
3409 2001 3477 2040 ex
3503 1985 3751 2042 nomine.

2143 2077 2300 2150 Saepe
2323 2080 2375 2135 in
2399 2095 2462 2134 eo
2484 2079 2683 2151 singuli
2706 2088 2762 2136 et
2787 2079 3080 2151 aliquando
3106 2080 3265 2137 simul
3293 2095 3418 2135 cum
3446 2079 3755 2151 agminibus

2146 2173 2348 2230 frustra
2375 2173 2583 2243 junctis
2612 2173 2775 2229 ambo
2800 2174 3055 2231 consules
3083 2173 3211 2229 victi
3237 2182 3388 2240 sunt,
3422 2173 3757 2243 plurimique

2144 2268 2356 2324 nobiles
2376 2267 2650 2323 trucidati.
2666 2267 2773 2339 Ipsi
2789 2277 2969 2323 autem
2990 2267 3193 2337 fugitivi
3213 2268 3335 2337 plus
3351 2281 3510 2339 quam
3526 2276 3752 2322 centum

2146 2363 2312 2419 millia
2337 2361 2518 2430 fuere,
2551 2362 2642 2434 qui
2680 2363 2807 2419 ctesi
2838 2371 2988 2419 sunt.
3025 2362 3103 2418 Ex
3133 2375 3241 2432 quo
3271 2361 3654 2430 admonemus,
3689 2370 3757 2417 ut

2144 2456 2259 2528 ipsa
2312 2470 2371 2512 se
2420 2456 2730 2512 consoletur
2776 2455 2928 2511 Italia
2959 2455 3027 2511 de
3077 2454 3368 2511 vexatione
3393 2463 3750 2511 externorum

2147 2551 2539 2623 prtesentinm,
2627 2565 2725 2621 per
2818 2548 3258 2606 recordationem
3338 2548 3753 2618 prmtcritorum

2147 2646 2193 2679 ²⁹
2224 2659 2381 2701 exse
2434 2654 2597 2716 atque
2650 2644 2705 2699 in
2771 2658 2874 2710 se;
2933 2653 2987 2699 et
3016 2644 3190 2715 ipsam
3247 2642 3743 2714 seiucomparalii-

2151 2739 2280 2797 liter
2332 2739 2495 2812 363
2541 2738 2817 2796 crudelius
2869 2738 3221 2795 dilaceratam
3263 2739 3478 2795 noverit
3528 2753 3562 2793 a
3607 2738 3754 2792 suis.

2157 2832 2525 2901 Quamobrem
2562 2832 2607 2870 ³ο
2642 2832 2766 2889 huic
2796 2846 2938 2887 nunc
2966 2834 3157 2901 quinto
3184 2831 3444 2888 volumini
3478 2830 3643 2886 finem
3674 2831 3757 2886 fc-

2155 2927 2346 2996 cerim,
2381 2934 2439 2983 ut
2462 2925 2608 2983 bella
2634 2925 2816 2982 civilia
2848 2928 3093 2983 externis
3126 2925 3327 2999 ubique
3355 2923 3640 2998 permixta,
3667 2922 3755 2980 vel

1730 3064 2182 3123 IIAVERCAMPI
2221 3063 2454 3123 NOTE.
2476 3068 2485 3075 ’

524 3192 614 3250 16.
645 3191 821 3246 Attriti
841 3197 979 3245 sunt.
1008 3186 1110 3244 Ed.
1147 3189 1401 3259 August.,
1421 3186 1632 3243 contriti
1663 3196 1806 3242 sunt.

523 3266 613 3321 17.
644 3261 1040 3332 Numquidnam
1071 3266 1119 3314 et
1148 3260 1250 3315 hic.
1282 3259 1452 3330 Lugd.
1485 3259 1604 3315 Bat.
1638 3274 1719 3331 pr.
1755 3259 1887 3331 legit
1911 3259 2045 3327 lucc,

453 3337 607 3393 Meus
629 3334 779 3389 delet
815 3333 1012 3399 aliqua.

527 3409 614 3463 18.
646 3405 836 3460 Tanta.
875 3402 1116 3460 Florent.
1149 3419 1298 3467 sec.,
1332 3412 1617 3457 tantorum.
1661 3402 1805 3469 Mox,
1840 3416 1939 3473 pro
1969 3402 2056 3473 fu-

466 3481 765 3553 gitiuorum,
792 3476 1036 3553 Perizon.
1069 3487 1125 3553 et
1150 3474 1976 3553 Meusr‘ectctfugitivorumque.

531 3551 619 3607 19.
663 3548 790 3616 Quae
829 3564 893 3602 ne
920 3548 995 3601 sic
1037 3546 1283 3618 quidem._
1309 3548 1435 3600 Mss.
1466 3544 1609 3618 fere
1633 3560 1828 3618 omnes
1868 3559 1965 3615 pro
1994 3562 2058 3600 ne

459 3615 709 3679 scribunt
757 3636 893 3686 nec;
922 3628 977 3674 at
1001 3615 1208 3688 quidem
1251 3615 1436 3688 delent
1465 3616 1635 3687 Lugd.
1676 3616 1817 3671 Batt.
1864 3630 2058 3673 omnes

456 3710 581 3751 cum
602 3691 740 3749 Coll.
766 3690 961 3751 Gron..
984 3687 1112 3745 item
1135 3704 1285 3744 meus
1302 3698 1358 3744 et
1377 3687 1627 3743 Perizon.

528 3765 622 3819 2U.
646 3763 907 3829 Quamvis.
942 3760 1113 3831 Lugd.
1145 3760 1261 3814 Bat.
1289 3775 1368 3829 pr.
1381 3801 1407 3831 ,Α
1428 3759 1732 3824 quantist'is.

527 3837 620 3892 21.
651 3829 1077 3902 Coacervataque.
1109 3831 1202 3887 Sic
1230 3829 1602 3902 confidenter,
1646 3831 1762 3885 huic
1804 3829 2058 3887 laudante

457 3907 729 3965 Palmerio
760 3947 774 3967 ,
829 3901 1028 3971 posui,
1092 3918 1189 3973 pro
1240 3901 1501 3972 vulgari,
1556 3911 1858 3957 coacervata
1888 3949 1903 3972 ,
1954 3919 2058 3959 nec

450 3980 639 4036 adhuc
696 3976 923 4043 diffido,
997 3975 1126 4046 quin
1185 3974 1277 4029 alii
1331 3989 1546 4045 quoque
1593 3974 1703 4030 sint
1757 3974 2054 4040 probaturi.

458 4051 636 4108 Laur.

530 4124 621 4177 2‘2.
676 4119 1017 4174 Detonuerat.
1059 4116 1231 4187 Lugd.
1282 4116 1397 4171 Bal.
1438 4131 1550 4173 sec.
1580 4133 1703 4173 cum
1734 4118 1906 4175 tribus
1936 4117 2061 4172 Flo-

463 4194 694 4249 rentinis
717 4200 772 4246 et
796 4192 880 4248 ed.
907 4189 1046 4261 Aug.
1073 4191 1277 4260 legunt.
1294 4188 1711 4261 perdetonuerat;
1741 4188 1885 4258 quod
1918 4190 2059 4246 idem

463 4266 603 4321 velle
625 4264 834 4319 videtur
860 4260 1011 4318 Coll.
1029 4260 1302 4325 Gronov.,
1328 4276 1448 4315 eum
1484 4262 1655 4316 tribus
1677 4260 1899 4332 reliquis
1928 4277 2059 4317 mss.

2076 3189 2122 3251 C
2154 3189 2595 3262 amphitheatro,
2615 3190 2666 3245 in
2713 3205 2823 3262 quo
2864 3189 3105 3246 inclusos
3150 3187 3474 3261 depugnare
3521 3184 3669 3242 inter
3694 3199 3759 3241 se

2157 3275 2447 3318 cernerent
2477 3261 2805 3332 gladiatores
2838 3263 3025 3318 otiosi.

2227 3333 2319 3390 29.
2349 3329 2619 3402 Exeritque
2643 3336 2696 3388 in
2716 3351 2770 3389 se
2789 3336 2926 3405 ipsa,
2955 3352 3049 3390 nec
3076 3342 3218 3405 putet
3244 3348 3300 3387 se
3323 3329 3758 3405 incomparabili:

2157 3414 2236 3459 ter
2266 3401 2567 3461 dilacerari.
2600 3401 2843 3461 Monstra
2893 3401 3143 3462 Herculis
3188 3404 3278 3460 hic
3303 3401 3510 3457 domui.
3544 3401 3757 3470 Scripti

2156 3492 2370 3549 omnes,
2418 3475 2500 3531 Ea:
2517 3494 2571 3531 se
2599 3485 2753 3549 atque
2778 3478 2831 3531 in
2861 3494 2916 3534 se
2943 3474 3424 3547 incomparabiliter
3461 3473 3764 3549 dilaceran-

2159 3548 2311 3620 tium,
2344 3550 2542 3618 quibus
2566 3545 2692 3620 quid
2717 3549 3040 3605 confusius?
3064 3545 3173 3606 seu
3196 3556 3382 3603 tamen
3413 3555 3469 3600 ut
3499 3545 3764 3620 mihitri-

2160 3619 2319 3674 buant
2352 3617 2849 3692 fecisse,'ea:eatque
2885 3621 2939 3676 in
2966 3637 3022 3675 se
3046 3622 3160 3692 ipsa
3196 3624 3265 3675 de
3292 3634 3356 3673 ea:
3381 3634 3434 3673 se
3458 3626 3613 3692 atque
3633 3617 3764 3692 inse

2159 3692 2294 3761 ipsa,
2329 3693 2407 3747 ita
2436 3692 2644 3748 Veneto
2671 3689 2812 3747 libro
2851 3692 3008 3758 illud,
3042 3689 3132 3747 nec
3164 3701 3300 3761 putet
3322 3707 3399 3755 se,
3429 3689 3624 3744 merito
3657 3689 3762 3745 de-

2160 3760 2285 3819 beo.
2333 3762 2808 3820 Limn—Veneta:
2849 3765 3009 3836 (quas
3060 3760 3310 3834 respicit)
3354 3760 3764 3836 edd_.mlegunt,

2162 3844 2404 3908 careatque
2420 3836 2479 3908 in
2506 3836 2751 3908 seipsam,
2774 3833 2868 3892 nec
2899 3844 3039 3907 putet
3070 3852 3125 3890 se
3144 3833 3621 3908 incomparabiliter
3640 3848 3769 3886 cru-

2162 3903 2334 3961 delius
2354 3903 2648 3962 dilacerari.
2678 3908 2860 3978 anue
2890 3903 3133 3963 omnium
3157 3914 3291 3962 vett.
3311 3905 3439 3961 edd.
3468 3903 3629 3959 lectio
3650 3912 3762 3970 est,

2164 3986 2523 4051 praeterquam
2553 3978 2642 4035 ed.
2674 3983 2928 4051 August.,
2960 3994 3081 4051 qua:
3114 3979 3195 4034 sic
3224 3977 3411 4051 habet,
3428 3992 3509 4051 ea:
3525 3992 3581 4029 se
3603 3985 3766 4051 atque

2162 4049 2217 4102 in
2247 4066 2302 4103 se
2337 4049 2503 4121 ipsam
2542 4048 3021 4121 incomparabiliter
3055 4051 3317 4105 crudelius
3361 4048 3767 4103 dilacerantium

2164 4137 2403 4187 Quorum,
2432 4137 2577 4194 qua:
2623 4138 2845 4194 quoque
2873 4122 2996 4177 cod.
3045 4121 3294 4192 Longob.
3348 4122 3618 4194 scriptura
3647 4128 3762 4183 est,

2166 4193 2268 4247 uisi
2300 4192 2445 4264 qttod
2476 4192 2674 4263 augeat
2705 4192 2802 4263 ita,
2835 4211 2899 4250 ea:
2921 4212 2996 4261 se,
3029 4204 3183 4264 atque
3213 4195 3267 4247 in
3291 4208 3365 4258 se,
3399 4202 3449 4246 et
3490 4192 3660 4264 ipsum
3710 4206 3769 4245 se

2166 4261 2432 4337 inconip.;
2464 4261 2650 4337 neque
2686 4281 2715 4318 a
2749 4261 2995 4336 L'ougob.
3033 4261 3359 4337 discrepant
3396 4261 3569 4337 Lugd.
3610 4261 3759 4337 Iialt.

465 4337 641 4407 Lugd.
675 4337 843 4401 Batt.,
870 4334 922 4388 iu
946 4333 1250 4407 quibusest
1280 4332 1541 4407 perditum
1567 4343 1799 4399 noverat,
1830 4334 2067 4407 velper-
2166 4332 2397 4407 quatuor
2450 4332 2573 4391 cum
2622 4335 2760 4392 Coll.
2795 4332 3035 4395 Gronov.
3066 4346 3121 4392 et
3159 4332 3283 4390 cod.
3330 4334 3582 4391 Perizon.
3614 4332 3768 4407 Mens

466 4403 575 4464 dite
613 4416 835 4462 moverat
859 4447 875 4470 ,
914 4405 999 4459 vel
1047 4403 1281 4471 denique
1329 4406 1586 4471 perditum
1621 4413 1869 4460 moverat.
1913 4406 2064 4460 Meus

464 4495 596 4536 vero
610 4479 778 4534 codex
797 4475 1015 4531 exhibet
1027 4483 1378 4546 pertonaerat.
1394 4473 1525 4547 Mox
1536 4484 1587 4547 et
1592 4483 1710 4547 jam
1724 4474 2060 4547 Cimbricum,

464 4560 629 4618 atque
656 4547 934 4618 aliquanto
963 4555 1116 4616 post,
1161 4555 1207 4599 et
1219 4548 1339 4618 jam
1363 4545 1572 4600 socialis
1599 4546 1721 4600 belli
1758 4545 1882 4602 edd.
1910 4545 2063 4619 quat-'-

466 4623 615 4679 dam.
640 4619 786 4677 Vett.

536 4692 629 4751 25.
656 4691 792 4747 Belli
820 4688 1057 4759 nebulas,
1102 4697 1209 4745 etc.
1246 4686 1394 4760 Virg.
1422 4685 1646 4745 Eneid.
1681 4704 1741 4756 x,
1773 4687 1916 4747 809:

627 4803 1029 4919 éEnlcastnubem
1053 4802 1192 4867 belli,
1217 4802 1335 4853 dum
1356 4802 1585 4867 detonet,
1611 4815 1810 4854 omnem

667 4881 722 4918 us
747 4880 826 4918 me
856 4903 869 4917 .

667 4880 869 4918 usunet.

535 4976 628 5034 24.
680 4971 1344 5045 MithridaticumaLugd.
1399 4973 1540 5030 Batl.
1601 4983 1713 5029 tres
1751 4988 1873 5030 cum
1919 4974 2062 5033 Coll.

462 5049 705 5106 Gronov.
733 5045 1035 5116 adjungunt
1064 5043 1307 5100 bellum;-

533 5118 626 5175 25.
654 5117 735 5172 De
761 5133 920 5185 parvo
950 5133 1137 5187 magna
1177 5121 1428 5186 fecerunt.
1464 5117 1606 5175 Edd.
1638 5127 1798 5186 vett.,
1830 5119 1895 5174 de
1916 5121 2069 5175 mini-

461 5208 552 5265 mo
584 5207 801 5265 ηιαρηιιΔ
824 5192 1074 5265 fecerunt.
1104 5187 1234 5243 Mss.
1283 5204 1497 5265 omnes,
1521 5189 1595 5265 _de
1624 5206 1812 5263 ntagno
1841 5209 2066 5265 magna;

461 5264 662 5319 unicus
674 5258 957 5335 Perizon.,
988 5258 1053 5315 de
1074 5275 1260 5329 magno
1284 5263 1485 5332 majora
1507 5258 1771 5335 fecerunt,
1790 5258 1947 5333 quod
1964 5258 2066 5335 ego

464 5351 578 5404 pra:
608 5333 834 5403 reliquis
862 5342 1123 5404 praestare
1149 5340 1301 5401 puto,
1324 5348 1498 5404 neque
1529 5334 1673 5387 enim
1688 5334 1942 5403 exiguum
1968 5333 2067 5392 l'nit

460 5403 597 5462 illud
623 5406 821 5461 bellum
846 5403 1006 5459 civile
1032 5404 1147 5459 sive
1176 5404 1375 5460 sociale
1402 5406 1659 5476 primum,
1686 5406 1828 5461 unde
1858 5408 2064 5478 reliqua

460 5485 850 5548 provenerunt.

527 5551 622 5607 26.
655 5547 1082 5604 Diuturnissimo.
1118 5547 1519 5616 Superlativum
1552 5551 1692 5607 hunc
1720 5551 1927 5611 nolunt.
1958 5551 2056 5607 sed

455 5623 700 5694 diuturnp
738 5620 1003 5694 scribunt,
1032 5630 1146 5694 tres
1174 5620 1458 5694 _Floreut.,
1499 5631 1611 5680 tres
1663 5622 1836 5694 Lugd.
1883 5622 2051 5692 Batt.,

456 5693 630 5761 Meus,
654 5690 903 5747 Perizon.
931 5700 986 5747 et
1005 5693 1141 5748 Coll.
1158 5691 1400 5749 Gronov.

526 5765 619 5821 27.
654 5762 722 5820 Ut
759 5764 929 5818 verius
952 5765 1141 5818 dicam.
1168 5764 1224 5820 Itt
1253 5761 1494 5820 Floreat.
1524 5780 1640 5822 sec.
1668 5766 1822 5823 deest
1853 5776 1928 5820 ut.

449 5858 467 5882 ου
524 5837 619 5892 28.
643 5834 997 5907 Spectandum
1024 5836 1226 5907 paucis.
1262 5834 1369 5892 Per
1394 5836 1728 5910 voluptatem
1758 5839 1970 5896 scilicet
1991 5839 2046 5895 in

2168 4422 2300 4480 vero
2327 4406 2475 4478 legit,
2504 4424 2568 4462 ea:
2592 4426 2646 4463 se
2667 4417 2821 4480 atque
2846 4410 2901 4464 in
2925 4426 3012 4476 se;
3038 4418 3085 4462 et
3106 4409 3276 4479 ipsam
3301 4425 3353 4461 se
3378 4405 3767 4480 incomparabi-

2169 4477 2288 4534 liter
2325 4475 2592 4534 critdelius
2639 4475 3211 4536 dilaceratam'nouerit
3242 4498 3274 4533 a
3308 4479 3437 4533 suis.
3467 4477 3602 4544 Qum
3643 4475 3768 4530 Sola

2091 4593 2146 4655 υ
2172 4549 2307 4655 si":
2334 4551 3060 4655 ῐεξει..ξ;ξιῖειυν..θεειξέηέίαξ
3104 4546 3770 4655 ίοοῑηεηέεέξδξέίιξῑξεἔειλ-

2173 4623 2247 4676 tio
2277 4621 2422 4677 enim
2455 4637 2792 4693 nequaquam
2814 4618 3086 4692 plausum,
3115 4638 3275 4693 quem
3306 4622 3409 4677 sibi
3439 4620 3629 4693 tribuit
3655 4618 3766 4693 do,

2174 4708 2298 4748 nam
2329 4690 2555 4748 externa
2571 4690 2867 4763 praesentia,
2910 4697 2979 4751 de
3016 4690 3219 4764 quibus
3248 4693 3491 4764 loquitur
3509 4690 3765 4764 Orosius,

2173 4764 2374 4838 debent
2402 4765 2506 4821 sibi
2537 4761 2735 4822 habere
2761 4766 2965 4838 aliquid
2992 4761 3331 4837 oppositum,
3355 4763 3502 4838 quod
3528 4764 3690 4820 deest
3709 4761 3769 4818 in

2173 4835 2439 4891 Lautiana
2466 4835 2875 4905 emendatione,
2904 4835 3184 4895 invenitur
3223 4846 3405 4893 autem
3447 4836 3501 4890 in
3544 4843 3767 4897 nostra.

2174 4906 2433 4964 videlicet
2458 4911 2719 4977 prazterita
2739 4909 2831 4964 illa
2856 4910 2994 4965 bella
3021 4911 3137 4965 sive
3168 4909 3332 4973 mala,
3363 4924 3427 4962 ea:
3453 4923 3507 4961 se
3535 4906 3769 4973 atquein

2173 4995 2247 5034 se.
2270 4980 2350 5035 Ad
2375 4983 2515 5035 hanc
2532 4996 2747 5050 quoque
2760 4981 3204 5037 emendationem
3221 4979 3423 5047 aliquid
3446 4977 3767 5043 conferunt,

2176 5052 2353 5106 Vitiosi
2386 5053 2436 5106 in
2473 5052 2766 5121 prioribus.
2800 5052 3043 5109 Floreat.
3073 5068 3188 5109 sec.
3212 5062 3267 5108 et
3294 5059 3445 5116 tcrt.,
3469 5066 3537 5105 ex
3565 5050 3772 5120 quibus

2176 5136 2289 5178 sec.
2317 5124 2716 5195 (consentiente
2749 5123 2916 5195 Ultr.)
2953 5125 3106 5194 legit,
3143 5134 3389 5188 exeatque
3414 5127 3469 5177 in
3500 5139 3574 5189 se,
3600 5132 3649 5175 et
3679 5122 3769 5193 ip-

2170 5210 2282 5249 sam
2312 5211 2365 5249 se
2392 5195 2865 5263 incomparabiliter
2900 5195 3167 5251 crudelius
3210 5196 3585 5250 dilacerantum
3620 5195 3774 5265 (cor-

2170 5276 2380 5321 rectum
2427 5266 2529 5322 fuit
2572 5270 2624 5328 in
2678 5267 2922 5323 Floreat.
2956 5266 3327 5335 dilaceratam)
3353 5273 3771 5330 suorum;tert.

2170 5352 2323 5412 vero,
2358 5348 2605 5412 exsulque
2631 5340 2686 5394 in
2714 5357 2768 5412 se
2795 5348 2841 5412 et
2872 5340 3038 5412 ipsam
3059 5355 3114 5395 se
3135 5336 3612 5412 incomparabiliter
3647 5353 3774 5412 crat-

2168 5409 2335 5484 lieljus
2367 5411 2716 5484 dilaceratam
2747 5408 3199 5484 (superscribitur
3228 5408 3518 5484 adﬂictam)
3540 5409 3768 5462 noverit.

2167 5480 2450 5555 Fabricius
2481 5491 2536 5536 et
2571 5480 2791 5539 Scottus
2828 5480 3137 5552 vulgarunt,
3169 5482 3576 5555 prieteritornm.
3609 5496 3675 5534 ea:
3715 5496 3774 5534 se

2165 5562 2318 5622 atque
2346 5553 2399 5607 in
2422 5555 2646 5627 seipsam
2669 5555 3149 5627 incomparabiliter
3171 5552 3440 5608 crudelius
3468 5552 3772 5607 dilaceran-

2166 5626 2315 5681 tium.

2233 5698 2325 5754 30.
2362 5697 2500 5753 Huic
2528 5714 2686 5769 nune.
2733 5697 2809 5753 Ita
2851 5697 3254 5769 legerejubcnt
3296 5712 3428 5751 mss.
3473 5696 3765 5769 meliores,

2160 5768 2252 5827 alii
2280 5779 2335 5839 et
2362 5770 2545 5843 vulgg.
2589 5768 2741 5842 edd.,
2785 5768 3116 5843 Ituic’qninto
3148 5769 3394 5826 volumini
3411 5769 3548 5840 jam.
