4060 6344
297 325 393 386 985

1366 318 1846 378 lllSTORlARUM
1885 319 2091 378 LIBER
2131 319 2216 378 Vl.
2260 320 2415 378 CAP.
2460 321 2502 378 I.

3473 322 3580 380 986

289 455 400 514 qua:
427 437 565 494 dicta
607 444 754 503 sum,
798 435 882 490 vel
915 434 1079 491 etiam
1111 449 1231 506 ane
1263 443 1586 507 sequuntur,
1618 435 1745 506 quia
1781 435 1861 492 sic
1886 441 1938 501 Α
1967 446 2177 504 serunt,
2209 435 2332 492 libri
2363 434 2557 492 saltem
2582 435 2817 492 termino
2840 447 3183 508 separemur.

289 533 382 592 sibi
406 531 446 564 ⁸⁸
470 528 610 587 serie
646 536 950 600 temporum
973 527 1017 560 ³³
1043 536 1098 585 et
1125 527 1286 584 malis
1313 528 1646 600 sequacibus
1677 527 1860 584 cubre-

1563 667 2016 725 llAVERCAMPl
2056 668 2291 726 NOTAE.

348 792 432 846 ⁸51.
464 788 608 844 Seria
629 795 944 854 temporum.
975 783 1148 857 Mens,
1171 785 1375 840 miserie
1402 793 1713 857 temporum.

468 859 532 916 Et
559 860 711 914 malis
730 857 1030 930 sequacibus
1055 855 1201 912 Flor.
1233 873 1373 924 sec.,
1409 866 1463 911 ut
1496 855 1650 912 malis
1677 873 1862 926 sequa-

289 935 528 1061 αἴγλης.
562 1002 688 1060 cod.
727 999 1179 1070 Lnngobardieo,
1215 1008 1339 1072 post
1382 1001 1501 1067 illa,
1537 999 1696 1054 Pauli
1730 999 1869 1054 Oro-

281 1079 341 1134 sii
376 1076 464 1132 tib.
503 1074 545 1130 V
583 1073 815 1146 explicit.
853 1074 1053 1145 Incipit
1090 1074 1182 1130 tib.
1223 1072 1327 1143 VI,
1377 1075 1567 1128 notitia
1617 1074 1865 1144 qumdam

1977 785 2228 856 prmelari
2260 785 2380 858 ejus
2407 785 2612 841 codicis
2643 787 2912 857 sequitur,
2943 787 3210 858 scriptura
3246 793 3461 852 eadem,
3497 789 3581 847 bis

1977 858 2158 912 verbis
2190 875 2204 914 :
2231 857 2509 931 Confectus
2551 860 2714 913 eodem
2744 859 2794 911 in
2827 857 3325 931 statione'nmgistri
3364 859 3582 917 Vi/itm'c

1974 930 2276 998 antiquarii.
2312 929 2420 984 Ora
2439 946 2531 1003 pro
2564 946 2644 985 me
2672 931 2941 1002 scriptore,
2969 931 3044 985 sic
3071 929 3356 986 Dominum
3383 931 3574 989 habeas

1976 1011 2339 1073 protectorem.

1321 1342 1801 1457 LIBER
1881 1341 2525 1452 SEXTUS.

692 1631 857 1706 334
880 1631 1107 1690 carm
1146 1632 1436 1719 emuniit.

324 1730 492 1787 Unum
514 1728 706 1797 Deum,
742 1739 848 1783 tam
877 1727 1166 1854 Gentilium
1196 1745 1354 1801 quam
1382 1727 1793 1785 Christianorum

953 1818 1006 1854 ru
1049 1817 1168 1854 mo.

943 1817 1168 1872 Juamo.

1982 1633 2112 1691 dum
2144 1634 2185 1666 ι’
2212 1633 2420 1690 intento
2443 1633 2644 1690 mentis
2663 1634 2842 1692 studio
2860 1645 3131 1708 quaerunt,
3154 1645 3570 1710 scrutanturque

1963 1726 2169 1794 omnia,
2203 1742 2368 1782 unum
2392 1726 2563 1782 Deum
2577 1737 2851 1784 auctorem
2880 1730 3122 1786 omnium
3141 1729 3183 1762 ¹³
3206 1740 3551 1802 repererunt,

1960 1818 2027 1875 ad
2072 1834 2238 1890 quem
2285 1835 2452 1876 unum
2507 1821 2689 1876 omnia
2724 1822 3151 1882 u‘rel‘errentur:
3208 1824 3353 1880 unde
3391 1825 3558 1880 etiam

332 1919 531 1976 Omnes
565 1917 832 1983 homines,
869 1916 885 1948 ¹
918 1916 1214 1988 cujuslibet
1247 1916 1332 1972 vel
1371 1924 1558 1986 sectas,
1599 1916 1682 1971 vel
1709 1916 1853 1984 vitze,
1888 1896 1936 1956 Β
1963 1928 2106 1972 nunc
2137 1916 2350 1987 pagani,
2383 1915 2426 1947 “’
2457 1930 2590 1986 quos
2622 1915 2736 1986 jam
2779 1916 3058 1973 declarata
3096 1918 3296 1974 veritas
3321 1918 3392 1975 de
3417 1933 3555 1974 con-

267 2014 348 2070 rel
377 2014 590 2083 patriae,
624 2013 699 2069 ita
730 2024 946 2083 semper
968 2011 1035 2066 ad
1068 2020 1413 2082 prospectum
1447 2009 1742 2081 prudentia:
1773 2027 1860 2063 nr.-

271 2107 427 2164 turali
470 2107 620 2162 bono
651 2108 672 2138 ¹
701 2105 1008 2175 eriguntur,
1057 2112 1113 2160 ut
1164 2103 1564 2160 oblectamento
1613 2101 1860 2172 corporis

267 2203 529 2260 rationale
579 2201 799 2268 mentis,
847 2199 950 2256 etsi
993 2215 1102 2256 non
1149 2209 1270 2255 actu
1302 2198 1620 2270 prmferant,
1651 2198 1858 2270 judicio

267 2304 437 2350 tamen
461 2293 865 2366 prmierendum
896 2293 1095 2349 sciant.
1114 2292 1247 2362 Qua:
1271 2306 1448 2358 mens,
1478 2294 1687 2347 ratione
1718 2297 1858 2348 duce

267 2387 289 2420 ³
316 2387 608 2457 illustrata,
649 2387 704 2443 in
750 2386 932 2442 medio
965 2387 1248 2455 virtutum,
1283 2385 1478 2458 quibus
1519 2385 1753 2457 genuino
1785 2386 1861 2439 la-

265 2495 414 2552 vore,
444 2481 700 2550 quamvis
731 2479 875 2536 vitiis
901 2479 1217 2547 inclinetur,
1237 2480 1492 2550 assurgit,
1523 2479 1543 2511 ⁸
1564 2480 1856 2535 scientiam

265 2574 357 2631 Dei
401 2575 564 2645 quasi
610 2589 793 2632 arcem
845 2573 1126 2644 prospicit.
1155 2573 1175 2604 ³
1204 2571 1392 2628 DEUM
1447 2571 1590 2626 enim
1633 2570 1862 2642 quilibet

265 2667 547 2722 hominum
617 2674 974 2722 contemnere
1046 2665 1113 2720 ad
1172 2673 1386 2736 tempus
1459 2674 1688 2735 potest,
1762 2679 1858 2720 ne-

263 2761 398 2818 scire
426 2761 536 2834 fin
591 2768 762 2816 totum
809 2775 916 2816 non
963 2769 1162 2832 potest.
1217 2759 1372 2817 Unde
1417 2759 1658 2827 quidam,
1686 2760 1704 2790 ⁷
1732 2757 1859 2813 dum

262 2855 314 2912 in
357 2855 548 2912 multis
600 2855 770 2910 Deum
818 2855 1086 2919 credunt,
1131 2855 1333 2910 multos
1369 2853 1503 2910 deos
1565 2852 1862 2908 indiscrete

260 2947 418 3020 365
451 2949 652 3004 timore
683 2946 977 3003 ﬁnxerunt.
1005 2948 1027 2980 ⁸
1053 2947 1160 3004 Sed
1195 2949 1321 3002 hinc
1346 2947 1458 3016 jam
1490 2946 1572 3001 vel
1602 2944 1858 3016 maxime,

260 3053 378 3096 cum
423 3039 754 3098 auctoritate
784 3040 1030 3097 veritatis
1059 3049 1354 3112 operante,
1398 3048 1511 3094 tum
1545 3039 1658 3108 ipsa
1698 3039 1860 3094 etiam

259 3135 469 3190 ratione
522 3134 890 3204 discutiente,
947 3133 1247 3189 discessum
1304 3144 1407 3191 est.
1440 3136 1460 3167 9
1487 3133 1697 3206 Quippe
1738 3148 1861 3189 cum

259 3236 311 3283 et
333 3228 375 3258 ¹⁰
397 3225 714 3300 philosophi
733 3241 946 3294 eorum,
972 3237 1028 3282 ut
1047 3225 1116 3284 de
1142 3227 1348 3283 n05tris
1368 3228 1405 3257 ¹¹
1423 3229 1625 3284 sanctis
1648 3228 1858 3293 sileam,

1963 2008 2198 2064 tumacia
2230 2007 2398 2080 magis
2424 2023 2587 2080 quam
2619 2009 2687 2066 de
2716 2010 3018 2082 ignorantia
3041 2011 3084 2043 ¹⁶
3105 2011 3402 2079 convincit,
3435 2027 3560 2068 cum

1959 2116 1991 2156 a
2018 2101 2176 2156 nobis
2205 2100 2591 2172 discutiuntur,
2619 2117 2726 2158 non
2754 2118 2814 2158 se
2841 2103 3024 2172 plures
3047 2103 3184 2160 deos
3225 2107 3378 2176 sequi
3405 2147 3420 2173 ,
3464 2105 3563 2162 sed

1960 2195 2064 2250 sub
2092 2210 2199 2248 uno
2233 2195 2347 2250 Deo
2377 2197 2417 2228 "
2449 2211 2644 2266 magno
2678 2196 2868 2267 plures
2898 2197 3180 2253 ministros
3208 2201 3458 2257 venerari
3485 2201 3566 2257 la-

1963 2296 2170 2343 tentur.
2207 2286 2401 2344 Restat
2448 2288 2610 2359 igitur
2651 2288 2720 2345 de
2757 2283 3114 2360 int‘elligentia
3165 2291 3281 2346 veri
3333 2292 3426 2346 Dei
3467 2306 3566 2364 per

1962 2383 2166 2439 multas
2195 2383 2534 2453 intelligendi
2567 2383 2910 2455 suspiciones
2941 2386 2983 2416 ¹⁶¹
3010 2385 3237 2442 confusa
3268 2385 3566 2455 dissensio,

1963 2477 2090 2548 quia
2119 2477 2188 2532 de
2211 2492 2320 2533 uno
2343 2477 2454 2533 Deo
2480 2478 2727 2533 omnium
2759 2493 2898 2549 pene
2933 2493 3038 2534 una
3067 2479 3254 2549 opinio
3281 2487 3386 2538 est.
3419 2478 3563 2534 lluc-

1964 2587 2138 2641 usque
2185 2570 2416 2626 bumana
2466 2572 2764 2639 serntatio,
2818 2572 2920 2628 etsi
2961 2588 3083 2628 cum
3131 2572 3352 2639 labore,
3397 2573 3439 2606 ¹⁹
3472 2589 3569 2643 po-

1965 2667 2105 2722 tuit:
2137 2676 2193 2722 at
2223 2667 2311 2723 ubi
2346 2667 2690 2722 ratiocinatio
2735 2668 2781 2699 ²⁰
2806 2665 3029 2733 defecit,
3052 2668 3186 2724 fides
3213 2669 3256 2700 “
3286 2668 3566 2724 subvenit.

1963 2761 2075 2818 Nisi
2108 2762 2251 2818 enim
2273 2762 2689 2829 crediderimus,
2721 2778 2828 2818 non
2861 2764 2905 2794 "
2934 2762 3322 2833 intelligemus.
3343 2763 3426 2817 Ab
3448 2763 3568 2833 ipso

1965 2854 2160 2910 audias
2180 2896 2194 2920 ,
2222 2855 2436 2926 ipsique
2469 2857 2577 2911 Deo
2612 2856 2803 2912 eredas
2827 2898 2841 2922 ,
2873 2856 3016 2927 quod
3047 2871 3233 2912 verum
3260 2855 3397 2911 velis
3425 2856 3569 2911 scire

1965 2947 2033 3002 de
2056 2949 2188 3003 Deo.
2223 2946 2410 3017 Itaque
2437 2947 2484 2980 ³⁸
2512 2947 2651 3004 idem
2684 2962 2822 3003 unus
2855 2958 2910 3004 et
2935 2963 3099 3003 verus
3129 2947 3292 3009 Deus,
3327 2947 3378 3002 in
3405 2961 3566 3018 quem

1964 3038 2166 3107 omnis,
2201 3047 2260 3092 ut
2285 3037 2542 3103 diximus,
2575 3039 2678 3095 etsi
2703 3054 2766 3095 ex
2791 3039 3024 3095 diversis
3050 3039 3396 3109 Opinionibus
3418 3048 3569 3094 secta

1966 3134 2262 3200 concurrit,
2283 3143 2501 3189 mutans
2522 3149 2710 3203 regna,
2735 3141 2787 3188 et
2803 3133 2968 3207 366
2989 3133 3566 3204 disponenstempora,

1967 3234 2192 3299 peccata
2227 3241 2442 3299 quoque
2469 3226 2724 3299 puniens,
2757 3226 2804 3258 "'
2832 3243 2952 3298 qua-
2987 3227 3198 3282 inllrma
3231 3236 3357 3282 sunt
3383 3223 3569 3281 mundi

1552 3342 2006 3400 llAVERCAMPI
2043 3341 2270 3399 NOTAE.

323 3439 458 3498 CAP.
498 3443 546 3498 l.
574 3471 646 3484 ——
675 3442 727 3498 1.
761 3439 1053 3512 Cujuslibet
1090 3439 1166 3494 vel
1215 3449 1387 3502 secttr,
1431 3440 1510 3493 uel
1545 3439 1681 3493 ritte.
1730 3441 1858 3493 Mss.
1891 3439 1938 3503 C
1968 3435 2246 3512 Ρετὶμοη..
2281 3437 2398 3492 Scis
2432 3453 2455 3512 ί
2479 3435 2624 3512 unde
2644 3443 2766 3512 nata
2793 3435 3328 3512 varietaslectionis.

255 3522 362 3570 tres
394 3530 466 3569 ex
502 3514 681 3583 Lugd.
716 3513 859 3581 Bat.,
881 3515 1017 3568 Coll.
1062 3513 1326 3578 Gronov.,
1354 3512 1501 3566 Meus
1528 3525 1581 3564 et
1615 3512 1857 3583 Florent.

253 3599 338 3653 pr.
363 3586 560 3642 deleto
593 3582 766 3656 primo
791 3586 890 3648 rel,
923 3584 1154 3648 malunt,
1179 3584 1459 3656 cujuslibet
1487 3593 1656 3656 sectte.
1682 3582 1761 3636 vel
1792 3583 1864 3656 vis

251 3664 338 3722 tte,
375 3659 455 3713 rel
488 3653 702 3731 patrita.
753 3657 898 3712 Edd.
951 3657 1186 3728 antiqua:
1229 3653 1590 3725 transponunt
1623 3653 1739 3720 illa,
1785 3655 1864 3707 rel

253 3739 430 3793 sectae,
459 3732 547 3786 vel
569 3731 703 3785 vita.

317 3801 374 3855 2.
410 3800 736 3874 Eriguntur.
759 3799 900 3857 Coll.
934 3801 1200 3868 Gronov.,
1235 3799 1534 3870 exiguntur.
1576 3797 1699 3854 Mox
1726 3805 1779 3849 ut
1807 3795 1861 3851 in

253 3871 407 3928 Flor.
434 3871 537 3943 pr;
565 3873 742 3929 abest.

317 3945 376 4000 '5.
405 3940 718 4000 Illustrata.
763 3945 918 4002 Meus
959 3945 1100 4001 male
1145 3945 1367 3999 lustrata
1412 3952 1468 3999 et
1496 3957 1594 4012 pro
1633 3940 1860 4013 genuino

248 4031 374 4072 mox
401 4019 622 4088 gemino
652 4017 822 4081 Lugd.
853 4017 972 4072 Bat.
1008 4026 1134 4072 tert.

317 4090 374 4143 4.
401 4080 708 4145 Ἐεὶεηιῦαηι
735 4080 857 4160 Dei.
887 4089 1056 4160 Lugd.
1092 4088 1234 4144 Batt.
1267 4097 1378 4143 tres
1401 4100 1525 4141 cum
1548 4083 1689 4140 Coll.
1719 4080 1862 4139 Gro-
1890 4131 1894 4134 .

248 4174 378 4214 nov.
413 4163 488 4214 ad
518 4162 792 4215 scientiam
829 4159 946 4214 Dei.

315 4232 373 4287 5.
412 4231 590 4287 Deum
615 4233 750 4286 enim
778 4231 1020 4303 quilibet,
1053 4241 1161 4288 etc.
1196 4231 1330 4303 llinc
1351 4229 1861 4303 animam,natura-

251 4302 373 4358 liter
415 4299 1371 4359 Christiunam’vocavitTertullian.
1413 4304 1466 4356 in
1510 4299 1859 4370 Apologetico

245 4388 372 4445 cap.
409 4377 504 4442 17,
543 4391 596 4446 p.
626 4377 752 4442 176,
781 4389 905 4432 cum
945 4387 1103 4430 antea
1140 4377 1254 4430 lucc
1295 4373 1605 4444 scripsisset
1642 4391 1655 4427 :
1689 4370 1858 4446 vultis

243 4443 556 4502 exanima!
577 4448 742 4520 ipsius
779 4447 1074 4520 testimonio
1111 4443 1542 4520 comprobemus?
1573 4460 1709 4520 qure,
1745 4443 1860 4520 licet

244 4533 461 4575 carcere
476 4515 720 4589 corporis
741 4535 942 4588 pressa,
977 4519 1095 4572 licet
1125 4515 1536 4573 institutionibus
1567 4515 1737 4583 pravis
1760 4515 1862 4568 cir-

243 4593 601 4660 cumscripta,
649 4589 770 4644 licet
803 4590 1104 4644 libidinibus
1141 4605 1203 4643 ac
1227 4591 1660 4658 concupiscentiis
1689 4591 1862 4658 evigo-

242 4671 389 4728 rata,
435 4663 561 4716 licet
591 4661 742 4731 falsis
777 4663 879 4716 diis
914 4663 1254 4730 exancillata,
1295 4677 1414 4716 cum
1454 4673 1623 4716 tamen
1673 4661 1862 4731 resipi-

243 4735 365 4797 scit,
396 4743 515 4790 etc.

2046 3507 2137 3564 1‘2.
2173 3508 2404 3563 lntento.
2433 3508 2605 3577 Lugd.
2642 3508 2759 3562 Bal.
2791 3522 2902 3563 sec.
2937 3520 2991 3563 et
3016 3507 3176 3572 Ultr.,
3207 3509 3421 3562 intente.
3449 3505 3567 3562 Mox

1969 3579 2023 3635 in
2050 3581 2186 3635 Ultr.
2215 3581 2373 3636 abest
2400 3582 2596 3637 omnia.

2040 3653 2127 3708 15.
2160 3653 2506 3714 Repererunt.
2545 3652 2716 3722 Lugd.
2750 3653 2870 3707 Bat.
2901 3662 3079 3722 quarl.
3101 3696 3115 3720 ,
3148 3650 3456 3722 reperimus.

2038 3726 2126 3779 1b.
2162 3723 2501 3795 Ilefcruntur.
2537 3721 2686 3777 Meus
2710 3721 3052 3795 referrentur,
3083 3721 3225 3793 quod
3256 3721 3489 3791 praetuli.

2036 3797 2123 3851 15.
2159 3796 2323 3860 Quos.
2354 3794 2528 3866 Lugd.
2562 3795 2680 3849 Bal.
2716 3794 2826 3863 pr.,
2859 3795 3021 3866 quod.

2038 3868 2128 3922 16.
2155 3866 2440 3920 Convincit.
2477 3864 2647 3933 Lugd.
2684 3866 2801 3920 Bat.
2833 3864 3039 3935 quart.,
3073 3865 3311 3921 convicit.

2037 3940 2126 3994 17.
2169 3937 2382 4010 blagno.
2414 3937 2583 4010 Abest
2611 3953 2641 4010 a7
2669 3938 2914 3993 Floreat.
2947 3952 3034 4010 pr.

2036 4011 2123 4064 18.
2156 4007 2388 4074 Confusa
2425 4008 2700 4063 dissensio.
2745 4010 2916 4080 Lugd.
2946 4009 3065 4065 Bat.
3095 4016 3271 4080 quart.
3295 4049 3308 4070 ,
3341 4009 3559 4080 confusa

1962 4081 2230 4136 discretio.
2265 4080 2422 4135 Male.
2461 4080 2700 4147 Omnes,
2736 4079 2907 4150 inquit
2931 4127 2944 4147 ,
2990 4082 3043 4135 in
3076 4079 3142 4136 eo
3179 4079 3562 4150 consentiunt,

1965 4169 2130 4206 nmnn
2154 4167 2276 4208 esse
2299 4152 2466 4207 Deum
2486 4193 2498 4212 .
2525 4152 2624 4206 sed
2648 4153 2700 4206 in
2734 4149 2840 4208 isto
2864 4168 3134 4209 consensu
3171 4149 3413 4206 confusm
3443 4152 3560 4220 plu-

1963 4239 2052 4281 res
2081 4223 2317 4287 plurium
2349 4233 2474 4277 sunt
2505 4223 2812 4290 opiniones.

2036 4295 2124 4350 19.
2152 4295 2383 4349 Tametsi
2411 4311 2528 4349 cum
2557 4295 2751 4354 labore.
2779 4298 2967 4366 potuit.
2996 4294 3219 4351 Addidit
3245 4293 3548 4361 Fabricius,

1963 4367 2275 4430 deliberare,
2327 4383 2430 4422 non
2474 4376 2640 4422 recte.
2687 4367 2946 4423 Absolute
2973 4367 3116 4422 enim
3163 4367 3293 4422 illud
3331 4367 3559 4421 Verbum

1964 4438 2246 4511 eleganter
2276 4441 2516 4510 ponitur.
2550 4438 2697 4512 Virg.
2735 4439 2830 4495 lib.
2862 4455 2896 4495 ll
2928 4438 3148 4496 Aineid.
3187 4456 3200 4494 :

2212 4592 2483 4660 Hactenus,
2508 4594 2634 4646 Acca
2669 4607 2822 4657 soror,
2853 4595 3008 4658 potui.
3278 4591 3432 4645 [Αυτ.

1962 4742 2195 4800 Temere
2240 4753 2389 4800 certe
2444 4742 2570 4799 fecit
2614 4744 2922 4812 Fabricius,
2954 4744 3095 4814 quod
3141 4753 3332 4800 contra
3372 4760 3563 4801 omnes

311 4806 368 4888 ξ.
406 4805 480 4888 [Β
508 4813 696 4888 totum.
727 4804 898 4888 Lugd.
935 4805 1076 4888 liatt.
1118 4820 1201 4877 pr.
1231 4813 1287 4888 et
1315 4806 1602 4888 quartzhin
1633 4814 1851 4888 tantum.

1969 4830 2103 4888 mss.
2124 4831 2423 4885 omnesque
2449 4817 2575 4870 edd.
2606 4826 2740 4872 vett.
2760 4804 2985 4872 verbuni
3019 4817 3147 4872 illud
3186 4817 3255 4872 de
3287 4832 3385 4872 suo
3415 4820 3559 4869 inse.—

314 4875 376 4933 7.
422 4877 575 4931 Dum
619 4877 673 4930 in
719 4879 896 4931 multis
938 4875 1384 4932 Deumicredunt.
1435 4876 1573 4930 Edd.
1609 4878 1854 4946 quwdam

239 4958 411 5015 vett.,
453 4950 600 5003 Dum
631 4949 684 5003 in
721 4947 900 5002 multis
937 4949 1039 5003 diis
1073 4948 1312 5016 credunt,
1350 4948 1538 5003 multos
1577 4949 1854 5003 indiscreta

238 5020 435 5076 timore
464 5017 758 5092 finxerunt.
801 5019 907 5075 Sed
949 5021 1130 5077 Orosii
1161 5020 1450 5075 verborum
1483 5020 1570 5092 bie
1606 5029 1691 5074 est
1731 5035 1855 5074 sen-

236 5106 366 5147 sus:
398 5091 546 5148 Dum
574 5091 792 5163 quidam
823 5092 1117 5162 opinantur
1145 5091 1329 5146 multis
1359 5092 1524 5146 rebus
1547 5091 1729 5146 inesse
1753 5108 1853 5146 nu-

239 5178 400 5235 men,
436 5176 612 5234 atque
631 5163 781 5232 ipsos
803 5163 964 5231 Deos,
991 5165 1151 5218 veluti
1183 5165 1238 5217 in
1260 5163 1516 5218 familiam
1541 5163 1851 5229 distinctos,

237 5236 508 5306 singulos
539 5243 788 5303 separata
810 5235 964 5291 obire
995 5238 1200 5299 munia,
1235 5251 1340 5288 non
1372 5236 1510 5290 bene
1538 5236 1855 5291 discernen-

234 5316 324 5434 lt‘es
355 5308 709 5363 individuam
747 5306 1027 5373 deitatem,
1063 5306 1262 5363 multos
1291 5306 1394 5362 sibi
1434 5308 1566 5364 deos
1594 5307 1855 5364 colendos

253 5391 558 5434 tinxerunt.

253 5391 558 5435 luxerunt.

308 5453 368 5507 8.
407 5452 532 5507 Sed
554 5450 695 5506 hinc.
732 5449 878 5505 Flor.
908 5465 1016 5522 pr.,
1048 5450 1156 5508 Sed
1185 5450 1292 5507 hic.

309 5524 369 5579 9.
407 5523 628 5595 Quippe
672 5539 825 5595 cum.
857 5522 1227 5578 Posteriorem
1273 5537 1460 5579 vocem
1503 5522 1688 5580 delent
1726 5526 1848 5583 eod.

230 5594 386 5652 Ultr.
427 5606 488 5649 et
517 5594 642 5649 edd.
673 5594 918 5664 qumdam
948 5603 1082 5650 vett.

308 5669 405 5724 10.
447 5665 791 5738 Philosophi.
827 5665 966 5738 Ytde
998 5682 1118 5738 qua:
1155 5665 1224 5723 de
1269 5666 1498 5722 Platone
1537 5675 1596 5722 et
1632 5666 1856 5726 Thalete

228 5738 571 5867 nogissgmus
615 5737 689 5792 ad
729 5737 1142 5810 Apologetieum
1189 5738 1505 5795 Tertulliani
1566 5755 1688 5811 cap.
1744 5741 1815 5798 46
1841 5784 1857 5811 ,

228 5828 287 5867 ι).
445 5851 460 5863 .

227 5828 287 5884 Ρ.
312 5828 354 5939 1⁵
353 5828 396 5942 ἲ
393 5828 685 5940 ,Ιὲαηοιὶι
713 5881 882 5957 Lugd.
920 5883 1036 5943 Bat.
1071 5898 1182 5956 pr.,
1207 5884 1392 5941 sacris.
1426 5882 1574 5943 Meus
1597 5894 1776 5944 autem
1804 5895 1858 5944 et

1960 4887 2152 4959 ruerit.
2192 4888 2327 4941 Edd.
2352 4897 2531 4942 autem
2562 4897 2774 4942 veteres
2809 4888 3088 4959 pleraeque
3128 4888 3562 4955 habentpatuit;

1957 4957 2057 5031 sed
2086 4959 2340 5031 August-1,
2371 4973 2492 5012 cum
2537 4974 2700 5022 tnss.,
2732 4960 2917 5031 potuit.
2946 4957 3050 5015 l’ro
3093 4961 3289 5014 tametsi
3331 4975 3464 5014 tnSs.
3503 4972 3558 5014 et

1957 5029 2084 5101 edd.
2114 5029 2351 5101 melioris
2381 5032 2475 5085 etsi
2495 5029 2811 5099 praeferunt,
2843 5031 2926 5084 vel
2964 5043 3012 5085 ct
3039 5034 3131 5087 sic.
3157 5072 3172 5097 ,
3203 5031 3346 5101 quod
3371 5041 3556 5086 exstat

1957 5099 2010 5156 in
2039 5101 2211 5155 tribus
2233 5100 2402 5165 Lugd.
2436 5102 2576 5156 Ilatt.
2607 5111 2660 5156 et
2681 5101 2824 5158 Coll.
2856 5101 3097 5158 Gronov.

2028 5173 2117 5244 20.
2154 5172 2372 5243 Defecit.
2407 5172 2508 5226 Ed.
2544 5189 2629 5244 pr.
2655 5182 2709 5226 et
2730 5173 2876 5229 illam
2902 5188 3124 5238 SCCIIIIB,
3156 5174 3348 5241 deﬁcit.

2029 5242 2121 5298 2|.
2157 5242 2424 5314 .Sttbvenit.
2460 5242 2631 5314 Lugd.
2665 5245 2807 5299 Balt.
2836 5258 2970 5310 tres,
2992 5248 3309 5312 supervenit.

2028 5315 2121 5370 22.
2155 5313 2531 5390 Itttellt'gentus.
2550 5313 2735 5386 Lugd.
2781 5318 2901 5372 Bat.
2942 5335 3024 5390 pr.
3060 5330 3115 5376 et
3143 5327 3266 5374 lerl.
3298 5333 3420 5373 cum
3462 5317 3550 5373 ed.

1959 5387 2212 5456 August.,
2239 5389 2595 5458 intelligimus.
2631 5401 2638 5408 '

2033 5460 2124 5532 25.
2160 5459 2307 5514 Idem
2330 5477 2480 5532 unus.
2511 5462 2700 5518 Deleto
2729 5463 2886 5529 idem,
2909 5478 3041 5517 mss.
3075 5471 3184 5518 tres
3205 5461 3380 5532 Lugd.
3411 5461 3554 5516 Batt.

1961 5538 2021 5585 et
2045 5531 2196 5602 Meus
2225 5547 2346 5587 cum
2370 5531 2512 5589 Coll.
2554 5534 2727 5590 Gron.
2763 5535 2987 5600 malunt,
3026 5533 3211 5602 Itaque
3241 5531 3377 5588 unus
3403 5544 3448 5586 et
3473 5551 3556 5588 ve-

1963 5619 2054 5676 rus
2081 5601 2243 5659 Deus.
2268 5606 2331 5658 At
2364 5604 2453 5659 ed.
2480 5608 2710 5676 AuguSI.
2737 5607 2873 5661 lninc
2905 5601 3219 5675 suppeditat
3237 5606 3552 5666 lectionem.

1961 5675 2151 5801 itaqu;
2164 5692 2295 5732 unus
2325 5688 2402 5731 est
2426 5687 2473 5733 et
2495 5675 2643 5733 verus
2677 5677 2834 5735 Deus.
2868 5680 2922 5733 ln
2961 5679 3087 5734 cod.
3124 5678 3371 5734 Perizon.
3403 5677 3561 5733 abest

1965 5760 2070 5801 vox
2155 5765 2262 5801 eus.

1965 5760 2070 5802 νοι
2107 5760 2262 5802 Deus.

1999 5818 2129 5899 ﬁt.
2174 5819 2306 5888 Quw
2332 5820 2559 5899 inﬁrma.
2592 5823 2672 5880 Ex
2697 5821 2870 5896 Epist.
2921 5821 3097 5896 prima
3144 5821 3296 5883 Pauli
3341 5820 3410 5879 ad
3449 5820 3552 5880 Co-

1966 5891 2132 5949 rintb.
2161 5907 2282 5965 cap.
2310 5908 2349 5964 l,
2375 5891 2466 5949 ‘27.
