4060 6344
490 304 593 364 θοι

487 514 582 574 illa
601 524 829 574 eatenus
853 531 950 588 per
978 516 1159 573 varias
1186 515 1633 572 ratiocinationes
1663 515 1883 586 mentis,
1909 514 2088 572 inten-

488 620 559 670 ta:
584 612 926 685 quamlibet,
959 612 1082 670 aliis
1107 610 1391 668 obfuscata
1418 609 1700 683 qumsierit
1721 652 1737 679 ,
1768 624 1833 667 ac
1861 624 1959 681 per
1985 609 2090 668 hoc

489 706 677 763 statim
701 705 879 762 amori
906 705 1026 777 ejus
1050 749 1065 771 ,
1105 720 1263 776 quem
1293 706 1459 763 etiam
1488 704 1745 778 ignorans
1774 704 2088 771 dilexerat,

490 799 813 858 inlncsisse?
842 799 950 857 Nec
973 800 1135 871 igitur
1155 800 1353 856 mirum
1377 808 1482 867 est,
1513 801 1562 856 si
1586 800 1639 856 in
1667 813 1860 872 magna
1890 799 2092 856 familia

493 893 541 926 ⁷⁸
562 892 918 951 inveniuntur
937 891 1102 964 aliqui
1122 891 1291 958 servi,
1306 891 1420 963 qui,
1438 890 2095 948 consuetudinelascivia-

489 1000 598 1057 que
622 985 975 1043 seductorum
1015 983 1348 1053 assuefacti,
1391 982 1653 1055 patientia
1683 981 1894 1039 domini
1916 981 2000 1039 sui
2025 982 2095 1039 ad

492 1087 865 1150 contemptum
890 1077 1062 1149 ipsius
1088 1076 1404 1147 abutantur,
1430 1076 1474 1109 ⁷⁷
1498 1074 1641 1132 unde
1659 1084 1715 1131 et
1736 1075 1930 1132 merito
1950 1074 2095 1131 Deus

489 1172 580 1230 vel
617 1172 884 1244 ingratos,
910 1171 1000 1227 vel
1021 1170 1355 1239 incredulos,
1379 1170 1427 1204 ⁷³
1448 1169 1533 1226 vel
1555 1168 1718 1225 etiam
1743 1177 2095 1225 contumaces

484 1268 653 1324 variis
666 1266 1105 1338 correptionibus
1118 1264 1294 1337 arguit
1313 1281 1326 1320 :
1343 1264 1486 1336 quod
1498 1279 1717 1335 semper
1727 1263 1918 1335 utique
1929 1263 2097 1319 laten-

487 1363 618 1422 dum
644 1372 749 1436 est,
773 1363 939 1436 369
961 1371 1085 1418 tunc
1109 1371 1288 1417 tamen
1306 1359 1597 1431 praecipue,
1618 1360 1662 1393 ⁷⁸
1683 1357 1900 1431 quando
1920 1356 2097 1413 adhuc

487 1471 592 1529 per
616 1456 929 1512 universum
957 1452 1221 1509 mundum
1250 1452 1395 1508 nulla
1424 1460 1543 1509 erat
1566 1449 1820 1519 ecclesia,
1864 1465 1985 1522 qua:
2015 1451 2097 1507 in-

486 1556 741 1605 terventu
789 1546 1031 1604 fidelium
1066 1560 1286 1617 precum
1321 1543 1546 1600 meritas
1575 1541 1761 1599 mundi
1790 1555 1982 1613 pcenas
2004 1542 2093 1613 ju-

486 1651 739 1713 stumque
758 1640 1024 1713 judicium
1047 1639 1168 1708 Dei,
1197 1645 1421 1695 exorata
1442 1637 1610 1709 ipsius
1629 1636 1939 1705 clementia,
1964 1644 2099 1692 tem-

489 1743 735 1807 peraret,
780 1733 923 1790 unde
969 1734 1133 1790 etiam
1175 1732 1313 1798 haec,
1349 1746 1470 1803 quae
1497 1730 1637 1788 mala
1667 1729 1980 1786 hominibus
2014 1728 2097 1784 vi-

489 1826 710 1895 dentur,
754 1827 1170 1899 qualiacumque
1213 1826 1259 1859 ⁸ο
1288 1833 1438 1892 sunt,
1468 1826 1726 1897 graviora
1766 1824 1884 1881 sine
1930 1822 2096 1881 dubio
2125 1828 2172 1890 B

489 1922 671 1980 omnia
716 1920 958 1991 fuerunt,
1001 1921 1140 1976 sicut
1185 1920 1327 1991 ipso,
1360 1933 1469 1991 quo
1510 1927 1689 1990 empta
1715 1928 1863 1985 sunt,
1902 1916 2094 1974 ordine

487 2013 891 2085 probabuntur.
934 2011 1143 2067 Bellum
1184 2010 1631 2077 Mithridaticum,
1661 2009 1770 2076 vel,
1804 2019 1863 2066 ut
1910 2009 2094 2066 verius

489 2106 690 2175 dicam,
725 2106 848 2162 belli
886 2104 1236 2162 Mithridatici
1268 2103 1478 2170 clades,
1508 2104 1552 2137 ⁸⁸
1587 2103 1785 2159 multas
1820 2104 1982 2159 simul
2014 2103 2095 2159 iu-

491 2201 719 2258 volvens
745 2200 1076 2274 provincias,
1109 2202 1153 2234 ³³
1185 2209 1357 2255 tracta
1388 2206 1444 2256 et
1470 2207 1714 2271 protenta
1741 2213 1837 2269 per
1857 2198 2093 2271 quadra-

490 2295 639 2367 ginta
677 2310 850 2350 annos
897 2294 1021 2350 fuit.
1058 2294 1192 2350 Nam
1220 2293 1267 2327 ⁸³
1297 2290 1704 2349 sexcentesimo
1751 2291 2094 2363 sexagesimo

492 2388 736 2445 secundo
766 2388 847 2461 (ut
888 2387 1022 2460 dixi)
1052 2401 1195 2443 anno
1222 2386 1293 2441 ab
1332 2386 1477 2443 Urbe
1504 2386 1720 2442 condita
1744 2427 1759 2452 ,
1793 2400 1901 2457 quo
1929 2386 2092 2442 etiam

495 2479 541 2514 ⁸⁵
583 2482 818 2551 primum
868 2481 1032 2536 civile
1080 2478 1283 2537 bellum
1331 2488 1594 2550 cmperat,
1632 2480 1679 2512 ⁸³
1717 2477 2088 2546 inardescens,

489 2576 782 2633 consulatu
831 2573 1112 2631 Ciceronis
1159 2587 1291 2630 vero
1353 2581 1411 2630 et
1459 2572 1727 2640 Antonii,
1793 2580 1852 2628 ut
1911 2570 2093 2629 verbis

494 2668 543 2752 f‘
568 2679 745 2741 poetae
765 2668 958 2740 optimi
983 2670 1196 2738 loquar,

646 2783 910 2835 Barbarico
930 2785 1009 2835 vix
1034 2788 1367 2836 consummata
1392 2796 1590 2836 veneno
1614 2790 1709 2835 est.

490 2888 538 2927 ⁸⁷
568 2887 677 2945 Sed
704 2889 760 2946 in
788 2888 874 2946 his
902 2890 1255 2961 temporibus,
1282 2890 1501 2962 triginta
1530 2891 1756 2962 gerendi
1779 2889 1907 2948 belli
1940 2893 2088 2948 inve-

491 2982 713 3040 niuntur
740 2985 891 3042 anni.
917 2985 1158 3055 Qualiter
1183 2997 1364 3042 autem
1405 3002 1474 3043 ιι.
1502 3001 1530 3041 a
1560 2986 1837 3063 plerisque
1880 2989 1927 3022 ⁸⁸
1955 2988 2086 3045 dicti

490 3078 600 3135 sint
624 3096 731 3136 non
755 3079 916 3138 facile
943 3080 1297 3139 discernitur.

1908 304 2118 364 PAULI
2154 304 2383 366 0110511

486 427 739 480 creatore
779 435 883 480 suo
930 421 1149 479 tandem
1181 420 1491 479 innotuisse
1532 428 1800 479 creatum
1826 464 1842 491 ,
1872 421 1919 455 ⁷³
1949 423 2092 495 quod
2120 425 2175 487 Α

3672 305 3770 365 993

2729 424 2896 499 37o
2939 424 3169 485 carm
3209 424 3276 481 ιι.

2197 537 2533 614 Prosequitur
2583 540 2667 598 hic
2718 540 2913 598 bellum
2958 542 3396 688 ilflitltridaticum,
3442 541 3581 616 quod
3627 539 3769 616 Sylla

2870 631 2965 671 con
2993 632 3067 671 εει
3098 656 3114 672 .

2870 631 3114 672 contem.

2267 748 2434 821 Igitur
2479 749 2817 807 Mithridates
2856 752 2873 782 ⁸
2920 766 3016 807 rex
3047 750 3207 807 Ponti
3245 759 3410 823 atque
3458 751 3719 808 Armenia
3742 789 3760 821 ,

2194 844 2216 875 ¹
2241 853 2522 916 postquam
2554 843 2929 908 Nicomedem.
2962 844 3230 919 Bithyniae
3275 861 3459 919 regem
3486 886 3502 912 ,
3550 846 3767 903 amicum

2196 939 2379 1010 p0pnli
2413 939 2665 1007 Romani,
2699 955 2870 1011 regno
2898 940 3114 1009 privare
3133 941 3358 997 molitus
3398 950 3518 1006 est,
3551 949 3710 1013 atque
3743 955 3773 997 a

2195 1043 2388 1090 senatu
2410 1035 2674 1101 monitus,
2700 1034 2747 1089 si
2776 1032 2954 1090 facere
2978 1043 3235 1103 tentaret,
3271 1034 3473 1091 bellum
3496 1033 3600 1091 sibi
3623 1049 3654 1089 a
3681 1049 3773 1103 po-

2198 1126 2328 1199 pulo
2350 1125 2597 1182 Romano
2617 1124 2962 1182 inferendum
2993 1123 3145 1193 fore,
3195 1125 3368 1181 iratus
3391 1124 3776 1197 Cappadociam

2203 1220 2466 1277 continuo
2494 1219 2515 1251 ⁸
2543 1220 2783 1292 pervasit
2808 1239 2822 1276 :
2871 1229 3036 1293 atque
3062 1220 3292 1292 expulso
3333 1220 3402 1276 ab
3429 1235 3499 1276 eo
3533 1220 3780 1277 Ariobar-

2198 1328 2332 1369 zane
2352 1327 2482 1384 rege
2508 1321 2759 1369 cunctam
2798 1314 3130 1382 provinciam
3166 1312 3280 1385 igni
3318 1311 3573 1384 ferroque
3606 1318 3778 1369 vasta-

2198 1406 2299 1463 vit.
2331 1404 2636 1479 Bithyniam
2668 1405 2866 1464 deinde
2901 1407 3020 1478 pari
3062 1406 3219 1463 clade
3246 1406 3536 1477 corripuit.
3568 1405 3785 1477 Paphla-

2198 1500 2412 1572 goniam
2444 1498 2611 1556 simili
2632 1500 2786 1556 exitu
2816 1499 3015 1555 afﬂixit
3036 1542 3051 1567 ,
3084 1499 3258 1570 pulsis
3292 1514 3361 1556 ex
3392 1513 3456 1556 ea
3480 1499 3780 1572 Pylmmene

2199 1602 2257 1650 et
2287 1592 2579 1648 Nicomede
2610 1592 2849 1664 regibus.
2893 1592 3027 1649 Post
3054 1607 3178 1648 cum
3208 1592 3451 1650 venisset
3483 1590 3780 1663 Ephesum,

2200 1686 2223 1719 δ
2248 1685 2456 1742 crudeli
2487 1686 2748 1758 praecepit
2771 1685 2972 1754 edicto,
3006 1694 3065 1741 ut
3089 1700 3185 1755 per
3212 1694 3380 1741 totam
3406 1684 3599 1743 Asiam
3627 1685 3649 1717 ⁸
3674 1686 3785 1758 qui-

2200 1793 2435 1849 cumque
2465 1778 2669 1834 inventi
2693 1787 2879 1835 essent
2910 1779 3060 1836 cives
3096 1778 3366 1844 Romani,
3407 1777 3509 1834 sub
3552 1793 3657 1834 una
3701 1777 3785 1834 die

2198 1888 2389 1930 omnes
2420 1884 2769 1930 necarentur.
2802 1874 2869 1929 Et
2891 1873 3091 1929 factum
3123 1882 3228 1930 est.
3261 1868 3372 1929 Nec
3408 1872 3672 1942 explicari
3699 1882 3786 1928 aut

2200 1966 2593 2037 comprehendi
2627 1967 2735 2022 ullo
2762 1966 2924 2023 modo
2952 1967 3133 2023 verbis
3157 1976 3355 2040 potest,
3373 1984 3493 2039 qua:
3512 1975 3644 2023 tunc
3659 1968 3786 2023 ntul-

2201 2062 2376 2119 titudo
2396 2062 2766 2118 Romanorum
2794 2063 2994 2118 civium
3016 2078 3155 2120 caesa
3171 2063 3265 2130 sit,
3292 2062 3414 2133 quis
3445 2077 3656 2118 mmror
3676 2061 3788 2133 plu-

2200 2157 2459 2213 rimarum
2484 2156 2887 2227 provinciarum
2906 2200 2921 2225 ,
2946 2156 3071 2227 quis
3099 2156 3335 2227 gemitus
3365 2155 3785 2212 occidendorum

2200 2251 2413 2325 pariter
2439 2260 2603 2322 atque
2631 2251 2997 2308 occidentium
3023 2249 3211 2319 fuerit,
3243 2265 3364 2306 cum
3383 2250 3787 2322 singuliqnique

2197 2355 2291 2402 aut
2320 2345 2552 2417 prodere
2584 2346 2906 2402 innocentes
2935 2345 3177 2417 hospites
3199 2355 3254 2401 et
3275 2344 3520 2414 amicos,
3564 2354 3659 2399 aut
3694 2342 3788 2414 ipsi

2199 2439 2492 2510 periclitari
2547 2454 2708 2512 ptena
2752 2437 3032 2510 hospitum
3087 2448 3432 2508 cogerentur.
3493 2435 3789 2493 Archelaus

2198 2532 2500 2604 “quoque,
2556 2531 2664 2587 dux
2709 2529 3035 2587 Mithridatis
3066 2570 3083 2597 ,
3115 2530 3135 2561 ⁷
3165 2543 3288 2586 cum
3341 2537 3563 2585 centum
3610 2527 3788 2599 viginti

2195 2625 2439 2684 millibus
2526 2626 2765 2697 peditum
2854 2632 3021 2697 atque
3074 2624 3319 2696 equitum
3394 2624 3450 2681 in
3528 2624 3788 2681 Achaiam

2198 2720 2512 2791 prmmissus
2545 2761 2560 2787 ,
2598 2719 2843 2776 Athenas
2882 2724 3243 2789 cunctamque
3277 2716 3574 2787 Graeciam,
3600 2718 3787 2789 partim

2197 2813 2275 2880 vi,
2310 2814 2505 2885 partim
2533 2796 2813 2869 deditione
2832 2810 3088 2868 obtinuit.
3119 2810 3308 2883 ﬁSylla
3330 2850 3347 2877 ,
3385 2809 3471 2866 cui
3506 2818 3637 2880 post
3664 2822 3787 2864 con-

2194 2907 2433 2963 sulatum
2460 2906 2881 2963 Mithridaticum
2902 2905 3103 2962 bellum
3129 2904 3449 2970 obvenerat,
3463 2901 3789 2958 Archelaum

2193 3000 2355 3074 371
2397 2998 2538 3069 apud
2578 2999 2866 3064 Pirtreum,
2909 2994 3324 3052 Atheniensium
3364 3001 3611 3065 portum,
3652 2998 3673 3029 '
3708 3008 3790 3049 se-

2194 3092 2477 3165 ptemplici
2506 3107 2663 3148 muro
2695 3091 2739 3123 ¹⁰
2770 3091 3186 3158 communitum,
3219 3090 3312 3146 diu
3342 3086 3593 3156 obsedit,
3625 3088 3786 3160 ipsam

1776 3198 2224 3261 llAVEthAMPl
2263 3206 2495 3263 NOTAE.

565 3285 655 3369 :15.
691 3285 1030 3369 Quod.[Male
1055 3287 1181 3347 edd.
1210 3297 1265 3345 et
1292 3302 1426 3345 mss.
1455 3287 1698 3360 quidam,
1728 3306 1881 3369 quem
1901 3310 2101 3369 ,_quant
2130 3298 2175 3361 C
2207 3297 2340 3354 illud
2369 3300 2568 3355 bellum
2594 3298 3022 3356 Mithridaticum
3044 3343 3060 3365 ,
3100 3314 3199 3369 pro
3228 3299 3368 3356 virili
3387 3341 3401 3362 ,
3432 3314 3534 3369 per
3567 3301 3785 3357 annales

490 3357 887 3485 Ellquonia‘m,
929 3370 984 3417 ut
1025 3371 1084 3418 et
1125 3377 1250 3417 mox
1281 3357 1537 3418 statutum
1574 3357 1693 3433 pro
1717 3357 2090 3436 statim‘Lugd.

596 3469 609 3483 .
643 3446 780 3485 auar
809 3472 823 3485 .

596 3469 609 3483 .
643 3446 823 3501 quart.

565 3499 1049 3577 76.‘Invet_tiuntur.
1082 3505 1252 3575 Lugd.
1295 3505 1435 3561 Ball.
1479 3513 1588 3577 tres
1620 3519 1742 3561 cum
1778 3504 1917 3562 Coll.
1958 3506 2098 3564 Gro-

490 3587 619 3629 nov.
656 3586 710 3628 et
738 3574 858 3630 cod.
891 3576 1051 3640 Ultr.,
1087 3574 1435 3632 inveniantur.
1562 3574 1569 3577 ’
1696 3600 1707 3605 ·

563 3646 649 3700 77.
684 3644 834 3720 Unde
853 3658 901 3703 et
926 3649 1130 3703 merito.
1160 3648 1328 3720 Lugd.
1348 3648 1486 3705 Batt.
1516 3660 1626 3706 tres
1647 3664 1770 3705 cum
1791 3649 1931 3706 Coll.
1961 3649 2099 3708 Gro-

490 3731 643 3784 nov.,
680 3718 817 3773 unde
840 3728 1042 3774 merito.

567 3788 656 3845 78.
697 3788 997 3862 Veletiam.
1029 3790 1201 3848 Abest
1231 3792 1378 3858 prior
1404 3808 1509 3848 vox
1540 3809 1567 3845 a
1598 3793 1717 3850 Meo
1745 3794 1966 3862 codice;
1996 3798 2097 3850 nti-

487 3877 619 3934 qua,
668 3861 812 3932 quod
850 3864 1098 3936 sequitur
1129 3864 1288 3935 paulo
1313 3875 1465 3935 post,
1510 3865 1563 3919 in
1606 3865 1777 3937 Lugd.
1811 3861 2091 3925 Bat.rsec.

493 3947 603 3988 non
628 3941 829 3989 exstat.

564 4005 652 4081 79.
697 4003 925 4081 Quando
952 4007 1125 4081 adhuc
1154 4024 1267 4081 per,
1290 4016 1394 4062 etc.
1423 4008 1877 4079 TranSponuntur
1909 4010 2023 4065 Inec
2041 4012 2094 4067 in

489 4074 740 4150 Perizon.
772 4078 873 4143 ita,
916 4080 1129 4150 quando
1154 4074 1270 4150 ’ρετ
1309 4074 1616 4135 universum
1646 4082 1897 4136 mundum
1947 4082 2096 4139 nulla

490 4148 665 4202 adhuc
693 4159 801 4203 erat
823 4148 1060 4205 ecclesia.

561 4220 653 4275 80.
683 4222 837 4293 Sunt.
887 4222 1025 4276 Edd.
1059 4231 1191 4279 vett.
1218 4223 1486 4293 qumdattt,
1515 4225 1637 4280 sint.

563 4294 654 4348 8t.
692 4290 891 4367 Multus
919 4294 1097 4367 sintut.
1126 4290 1380 4351 Oznnimn
1425 4310 1552 4351 mss.
1602 4296 1718 4353 ha-c
1752 4307 1837 4353 est
1886 4298 2050 4354 lectio
2075 4339 2093 4367 ,

490 4378 651 4435 quam
678 4365 918 4434 reposui.
954 4364 1399 4450 angg._,_tnultas
1423 4384 1613 4435 secum,
1631 4364 2093 4442 praeterAugust.,

494 4450 614 4505 qum
639 4450 762 4490 cum
786 4451 918 4492 MSS.
943 4446 1240 4493 consentit.

564 4506 654 4561 8.1.
683 4505 873 4561 Tracta
898 4516 944 4561 et
972 4518 1228 4576 protenta.
1260 4508 1321 4565 In
1347 4509 1481 4565 Meis
1515 4510 1847 4568 membranis
1872 4513 2090 4584 legitur,

493 4585 660 4634 tracta
690 4587 739 4632 et
768 4589 1054 4649 protracta.

564 4650 654 4703 85.
679 4641 881 4719 ncixu,
911 4662 967 4706 ut
992 4653 1124 4717 dixi.
1156 4669 1315 4709 anno.
1348 4641 1561 4710 Dictum
1593 4654 1694 4710 hoc
1721 4663 1807 4711 est
1833 4655 1975 4712 lihro
2005 4671 2090 4712 su-

495 4700 1124 4797 ιιθὲίῌτὲῖεᾶιᾷξί”ό,“ιίῖ›ἓ’
1154 4700 2087 4797 ἇὲξρηῖίῖὗὲῐιῖΒῖῑιῖἷιῗίᾱὶίἴίὲίἯι
2120 4700 2171 4762 Ι)

492 4794 938 4866 annotationibus
965 4794 1304 4866 scripsimus:
1343 4797 1506 4853 FABR.

566 4867 655 4943 ξιτ
682 4863 920 4943 Primum
943 4863 1094 4943 civile
1121 4869 1334 4943 bellum.
1360 4868 1531 4941 Lugd.
1572 4871 1688 4926 Bat.
1732 4887 1846 4927 sec.
1879 4872 2048 4943 primo
2073 4915 2088 4941 ,

494 4938 594 4995 sed
623 4937 809 5063 dralenlt
845 4938 1144 4997 Florentiui
1183 4954 1294 4997 tres
1316 4982 1333 5011 ,
1369 4937 1506 4997 etin
1538 4946 1702 5001 tertio
1734 4937 1925 4999 bellum
1956 4937 2091 5016 quo;

501 5024 607 5063 alll}
638 5026 663 5060 τὶ
708 5026 770 5063 QS
801 5050 815 5063 .

501 5024 607 5081 que
638 5020 815 5081 abest.

566 5082 659 5158 δ’ἐξ.
710 5079 1079 5158 Inartlesrens.
1118 5084 1257 5142 Edd.
1288 5085 1532 5156 quasdam
1566 5094 1701 5143 vett.
1742 5102 1864 5143 cum
1898 5087 2089 5158 priori-

493 5152 595 5210 bus
620 5154 721 5209 ltoc
750 5156 972 5211 verbum
999 5152 1353 5224 connectunt,
1381 5157 1506 5212 dum
1525 5158 1714 5226 legunt
1740 5152 2085 5216 inardescere.

493 5226 647 5303 Atin
671 5227 841 5283 tribus
873 5227 1212 5303 Lugd.Bttt,
1262 5241 1319 5285 et
1370 5227 1510 5285 Coll.
1561 5232 1809 5287 Gronov.
1863 5230 2085 5303 legitur,

492 5298 831 5374 inardescens
852 5298 986 5367 erat,
1024 5300 1304 5357 consulatu
1334 5318 1464 5374 vero
1519 5303 1537 5373 (
1570 5304 1623 5374 in
1678 5298 1942 5374 pluribus'
1966 5298 2091 5360 aliis

496 5384 628 5443 mss.
652 5380 710 5425 et
730 5370 856 5427 edd.
883 5388 1001 5426 vero
1026 5375 1115 5427 hic
1143 5386 1251 5427 non
1280 5370 1556 5443 adjicitur)
1589 5370 1853 5431 Ciceronis
1889 5384 1937 5430 et
1983 5376 2090 5431 An-

493 5441 645 5506 tonii,
676 5451 808 5506 εις..
838 5454 1195 5498 consummata
1216 5441 1431 5510 veneno,
1463 5445 1644 5500 deleto
1668 5456 1763 5501 est.

562 5511 652 5569 86.
691 5512 862 5589 Poetae
886 5515 1091 5584 optimi.
1121 5515 1394 5589 Lucanum
1423 5517 1618 5588 innuit,
1644 5519 1782 5586 apud
1810 5534 1969 5589 quem
1991 5519 2079 5575 illa

494 5599 706 5643 exsmnt
742 5587 832 5642 lih.
874 5602 921 5655 ι,
955 5589 1081 5645 557.
1126 5587 1265 5643 Nota
1300 5587 1411 5659 jam
1450 5587 1786 5659 tempmibns
1824 5587 2001 5647 Orosii
2034 5602 2090 5647 et

494 5659 788 5727 Augustini
816 5661 868 5715 in
899 5675 1099 5732 magno
1127 5658 1497 5731 fuisscpretio
1525 5659 1895 5730 Lucanum,in
1921 5665 2089 5720 nimio
2116 5718 2129 5723 -

492 5743 708 5799 quoque
741 5742 950 5799 postea.

568 5800 657 5855 87.
692 5803 803 5881 Sed
819 5804 886 5881 in
914 5803 1013 5859 his.
1048 5803 1275 5861 Mediam
1300 5819 1489 5881 vocem
1515 5806 1656 5862 male
1690 5807 2089 5881 ejiciuntqute-

497 5870 620 5930 dant
652 5874 779 5932 edd.
810 5873 955 5945 Quot
977 5887 1156 5937 autem
1202 5879 1360 5937 anuis
1394 5877 1675 5938 duraverit
1702 5870 2086 5955 gravissimum

2204 3369 2525 3443 deduximus
2546 3372 2601 3425 in
2634 3371 2771 3427 llist.
2810 3372 3135 3442 Universali,
3172 3372 3327 3443 cujus
3371 3372 3570 3443 tertius
3621 3384 3789 3428 tomus

2200 3458 2234 3516 a_
2259 3445 2475 3511 regibus
2506 3442 2665 3516 Ponti
2691 3445 2899 3499 initium
2936 3444 3104 3513 facit,
3144 3442 3419 3516 uhi’plura
3451 3442 3521 3499 de
3564 3444 3669 3501 hoc
3695 3445 3787 3501 Mi-

2199 3514 2435 3569 thridate
2461 3514 2831 3570 inveniuntur.

2268 3587 2359 3642 88.
2392 3585 2528 3640 Dirti
2557 3586 2681 3640 sint.
2720 3589 2964 3644 Perizou.
2999 3587 3275 3660 Meusque.
3305 3586 3433 3641 dicti
3457 3587 3786 3659 aunt.Lugd.

2196 3657 2340 3715 Batt.
2369 3670 2603 3727 quatuor
2624 3672 2745 3715 cum
2781 3660 2918 3717 Ultr.
2951 3671 3007 3716 et
3036 3657 3182 3715 CollI
3229 3658 3468 3715 Gronov.
3496 3702 3510 3727 ,
3563 3657 3789 3716 distincti

2196 3731 2323 3785 sint.

2267 3802 2399 3858 Car.
2429 3803 2491 3859 ll.
2523 3836 2593 3847 ——
2623 3809 2675 3863 l.
2713 3802 2827 3858 Rea:
2864 3804 3020 3859 Ponti
3053 3813 3208 3872 atque
3249 3802 3529 3860 Armeniae.
3575 3803 3652 3859 De
3692 3801 3789 3858 Ar-

2198 3876 2381 3929 menia
2421 3878 2634 3935 minore
2685 3875 2737 3930 id
2778 3876 3206 3947 intelligendum.
3253 3874 3528 3931 Armenia:
3579 3874 3790 3947 Majoris

2198 3950 2341 4000 enim
2374 3963 2469 4002 rex
2501 3961 2620 4005 erat
2644 3950 2930 4017 Tigranes,
2962 3946 3141 4015 qnem,
3176 3961 3436 4015 generum
3459 3961 3647 4013 suum,
3669 3946 3791 4000 lilia)

2197 4017 2502 4087 Cleopatra:
2558 4020 2761 4088 nuptiis
2815 4020 2958 4074 bello
3002 4019 3246 4073 Romano
3291 4018 3559 4084 implicuit
3608 4033 3788 4089 regunt

2198 4090 2584 4148 callidissimus
2614 4093 2701 4149 hic
2724 4102 2775 4145 et
2809 4093 3137 4145 fortissimus
3166 4088 3531 4145 Mithridates.

2267 4161 2323 4215 ‘2.
2348 4161 2629 4229 Postquam
2659 4161 3013 4218 Nicomedem.
3038 4161 3239 4216 Eadem
3282 4160 3431 4216 Eutr.
3460 4160 3554 4215 lib.
3580 4176 3633 4213 γ.
3656 4159 3791 4228 Lege

2198 4233 2430 4360 ἑπινὶθηί
2488 4236 2917 4292 Mithridaticum
2951 4278 2965 4304 ,
3025 4243 3081 4289 et
3128 4233 3330 4288 Justiui
3387 4232 3485 4289 lib.
3562 4248 3788 4288 xxxvm.

2245 4321 2368 4360 ann.

2245 4321 2368 4361 ABR.

2270 4378 2323 4432 5.
2354 4377 2611 4436 Pervasit.
2633 4377 2803 4449 Lugd.
2835 4377 2952 4449 Bat.
2982 4387 3185 4449 quart.,
3210 4376 3417 4449 invasit.

2270 4450 2335 4523 4.
2357 4449 2571 4506 Crudeli
2596 4447 2837 4523 praecipit
2865 4447 3051 4503 edicto.
3097 4448 3189 4523 De
3220 4448 3324 4504 huc
3355 4448 3547 4523 edicto
3591 4455 3791 4523 prmttjr

2201 4521 2504 4587 Appianum
2533 4564 2548 4587 ,
2584 4518 2700 4577 Liv.
2735 4518 2827 4576 ΙιἸ).
2863 4535 3090 4583 Lxxvtu,
3135 4518 3327 4575 Florus
3354 4520 3447 4574 lib.
3478 4535 3536 4574 ιιι
3569 4518 3693 4589 cap.
3725 4520 3786 4584 Ii,

2197 4590 2491 4660 Eutropius
2533 4594 2625 4648 lih.
2660 4610 2713 4646 ν.
2743 4593 2878 4646 llinc
2902 4593 3097 4646 Cicero
3133 4607 3228 4661 pro
3261 4590 3380 4661 lege
3430 4591 3649 4647 Manilia
3673 4591 3785 4645 ait:

2200 4662 2556 4719 Mithridatem
2580 4683 2684 4720 una
2706 4664 2789 4717 die
2817 4674 2921 4717 tota
2944 4663 3068 4717 Asia
3093 4707 3108 4732 ,
3140 4669 3216 4715 tot
3247 4664 3299 4715 in
3329 4662 3622 4717 civitatibus
3644 4704 3659 4727 ,
3686 4677 3791 4715 uno

2193 4738 2378 4791 nuntio
2409 4746 2563 4809 atque
2592 4754 2698 4791 una
2745 4736 3037 4809 litterarum
3086 4734 3466 4809 signiﬁcatione
3498 4735 3650 4809 _t‘._'it't’8
3699 4733 3792 4787 Ilo-

2192 4823 2371 4861 manos
2401 4804 2682 4876 necandos,
2716 4806 3156 4877 trnridamlosque
3176 4806 3465 4858 denotasse.
3498 4804 3666 4860 FABB.

2350 4875 2694 4952 Quicumque.
2724 4879 2966 4933 Flort'nl.
2991 4875 3076 4949 pr.
3096 4919 3110 4944 ,
3147 4886 3204 4930 ut
3251 4878 3566 4950 quicumque
3602 4875 3790 4932 iuranti

2221 4950 2437 5006 ’ttissent.
2592 4950 2599 4952 ἡ
3378 4983 3389 4989 μ

2194 4951 2437 5022 fuissent.
2594 4951 2597 4952 ⁷

2265 5022 2317 5095 t3.
2355 5024 2593 5095 Quaque.
2630 5023 2797 5078 Abest
2831 5022 2899 5095 ab
2928 5020 3285 5095 edaAugust.

2266 5093 2318 5149 7.
2351 5091 2714 5151 Cum'centnm
2742 5094 2930 5169 viginti
2953 5092 3208 5147 millibus.
3231 5093 3288 5148 In
3311 5091 3652 5165 Mco,uiginti
3680 5106 3787 5147 non

2200 5167 2493 5221 invenitur.

2269 5237 2324 5309 8.
2360 5237 2554 5309 Sylla,
2611 5239 2699 5293 cui
2744 5247 2856 5309 post
2907 5238 3253 5292 consulatum.
3288 5235 3441 5307 Sylla
3486 5234 3555 5290 ad
3588 5234 3787 5290 hellutn

2198 5307 2620 5366 Mithridaticum
2659 5307 2936 5378 prefectus
2978 5309 3076 5362 iuit
3114 5320 3233 5379 post
3265 5309 3631 5371 consulatum,
3668 5321 3787 5361 cum

2197 5381 2306 5450 jam
2352 5382 2522 5436 Cinna
2562 5381 2754 5436 consul
2806 5382 2854 5437 ei
2908 5378 3310 5435 accusationem
3359 5395 3454 5447 per
3487 5378 3789 5449 Virgininm

2200 5452 2475 5578 tribunum
2526 5454 2670 5525 pleb.
2714 5459 3090 5525 compararet,
3144 5451 3468 5506 Plutarchus
3517 5453 3567 5505 in
3613 5450 3788 5505 Sulla.

2243 5541 2365 5578 ann.

2243 5541 2365 5580 ABR.

2269 5597 2322 5652 9.
2361 5595 2697 5669 Septemplici
2719 5612 2864 5651 muro
2888 5597 3274 5649 communitum.
3304 5594 3391 5650 Sic
3417 5593 3629 5669 Florus,
3661 5590 3787 5669 Matt:

2194 5669 2407 5752 subruta
2675 5678 2850 5739 portu,
2904 5683 2995 5752 sea:
3028 5684 3229 5752 quoque
3275 5678 3340 5752 et.
3368 5665 3590 5735 amplius
3622 5664 3787 5752 (mutis

2196 5742 2410 5797 munito.
2447 5736 2712 5796 Munierat
2749 5755 2875 5793 eum
2919 5736 3162 5808 pluribus
3204 5740 3371 5795 muris
3401 5747 3588 5792 contra
3622 5736 3785 5808 Sylla:

2197 5812 2457 5875 impetum
2488 5812 2803 5878 Archelaus,
2836 5821 2892 5864 ut
2920 5811 3113 5866 scribit
3144 5812 3436 5881 Appianus.
3472 5808 3634 5865 FABB.

2274 5885 2358 5946 10.
2389 5882 2793 5943 Commttnitnm.
2827 5882 3077 5943 Perizon.
3102 5926 3118 5957 ,
3150 5886 3423 5941 munitum.

3980 1360 3981 1447 ι
