4096 6350
386 288 523 350 1013

1417 287 1897 348 HISTORIARUM
1935 288 2141 349 LIBER
2184 289 2273 347 Vl.
2318 289 2477 347 CAP.
2519 291 2614 349 IX.

3533 293 3676 359 1014

382 408 515 464 lium
544 415 904 462 antemarum
932 412 1276 462 armamenta
1306 405 1587 477 prtecepit.
1616 406 1661 442 ³¹
1684 406 1760 462 lta
1782 414 1978 464 anten-
2003 408 2055 468 Α
2081 406 2409 464 referuntur.
2450 406 2634 464 Cmsar
2700 406 3041 479 Germanos,
3109 408 3202 481 qui
3250 411 3499 470 Rhenum
3546 428 3673 470 cum

381 502 470 556 nis
517 499 833 568 ruentibus,
864 499 1181 571 complures
1227 498 1380 555 illico
1421 514 1590 555 naves
1618 500 1767 557 velut
1788 507 1977 571 captas

378 593 688 650 immobiles
717 592 979 650 reddidit.
1003 591 1109 649 Alii
1135 591 1242 649 hoc
1273 592 1522 663 periculo
1553 591 1750 659 territi,
1778 590 1824 625 ⁸⁸
1852 605 1969 648 sus~

380 687 571 760 pensis
598 687 760 754 velis,
799 701 907 759 qua
933 697 1132 744 ventus
1172 687 1485 744 intenderet
1513 686 1700 759 lugere
1751 686 1973 755 conati,

379 789 633 840 cessante
657 796 783 837 mox
806 789 970 838 vento
1001 780 1274 849 destituti,
1308 780 1547 838 ludibrio
1586 779 1741 838 fuere
1768 780 1975 838 Roma-

379 874 485 930 nis.
513 872 706 945 Itaque
735 872 976 929 incensis
997 872 1254 930 omnibus
1280 872 1533 940 navibus,
1565 871 1978 944 interfectisque

380 969 466 1024 his
484 968 579 1038 qui
608 975 985 1041 pugnaverant
1004 965 1169 1040 39E.
1194 967 1237 1002 ³⁸
1258 966 1453 1038 Gallis,
1485 966 1679 1039 reliqui
1702 980 1827 1023 sese
1855 982 1975 1022 om-

378 1079 478 1120 nes
511 1061 868 1119 dediderunt.
901 1061 1008 1118 Sed
1036 1058 1227 1119 Cazsar
1266 1060 1508 1119 maxime
1534 1060 1580 1092 ⁵ο
1610 1060 1683 1115 ob
1713 1060 1973 1131 injuriam

375 1155 716 1227 legatorum,
750 1163 804 1210 et
838 1161 897 1208 ut
925 1154 1079 1226 genti
1118 1152 1188 1209 ad
1216 1153 1400 1208 omnia
1438 1152 1483 1185 “
1511 1151 1740 1209 consilia
1778 1151 1975 1209 mobili

380 1245 642 1303 terribilis
668 1245 912 1317 exempli
943 1243 989 1277 δ’
1019 1255 1202 1301 notam
1228 1244 1493 1311 inureret,
1520 1244 1738 1302 cunctis
1765 1245 1971 1315 princi-

380 1340 544 1412 pibus
572 1353 671 1410 per
699 1346 973 1395 tormenta
1005 1336 1335 1405 interiectis,
1365 1338 1605 1410 reliquos
1634 1338 1740 1395 sub
1767 1352 1972 1394 corona

377 1434 645 1493 vendidit.
672 1434 720 1467 ”
747 1434 946 1490 Iisdem
978 1433 1178 1490 diebus
1208 1433 1451 1490 Titurius
1488 1432 1730 1491 Sabinus
1780 1432 1975 1489 Auler-

375 1545 493 1600 cos,
524 1529 893 1596 Eburoniees,
939 1527 1350 1600 Lexoviosque,
1383 1529 1475 1601 qui
1510 1529 1775 1600 primates
1803 1542 1970 1595 suos,

376 1624 423 1657 “
451 1639 552 1680 cur
568 1631 825 1680 auctores
853 1621 981 1678 belli
1005 1621 1367 1679 resuscitandi
1392 1637 1517 1679 esse
1542 1620 1772 1687 nollent,
1806 1621 1974 1676 inter-

371 1716 642 1783 fecerant,
670 1713 964 1785 eruptione
994 1713 1161 1781 facta,
1195 1712 1507 1770 incredibili
1546 1712 1700 1769 caede
1744 1713 1970 1769 delevit.

2079 498 2363 555 immensis
2424 500 2597 572 copiis
2668 504 3120 569 transmiserant,
3189 503 3351 560 simul
3411 514 3466 561 et
3528 515 3671 565 totas

2079 591 2287 649 Gallias
2348 592 2620 664 subjicere
2686 594 2794 652 sibi
2866 596 3169 666 parabant,
3235 595 3378 653 bello
3442 597 3672 656 adortus

2078 686 2242 760 395
2302 700 2474 759 usque
2536 687 2602 742 ad
2660 688 3092 745 internecionem
3159 687 3379 745 cecidit.
3430 688 3672 759 Quorum

2078 779 2249 839 fuisse
2268 795 2558 838 numerum
2588 780 2633 816 ¹¹
2664 782 2732 839 ad
2756 798 2957 840 (κροκι.
2984 782 3155 840 millia
3177 782 3226 816 ⁵⁸
3254 782 3458 840 lerunt.

2696 918 2927 978 CAPUT
2959 919 3055 977 1X.

2187 1035 2362 1094 Cwsar
2380 1038 2640 1112 quomodo
2660 1038 2861 1097 Suevos
2886 1047 2935 1096 et
2959 1039 3240 1099 Britannos
3267 1043 3565 1119 subjeccrit.

2153 1154 2169 1186 ⁸
2201 1153 2354 1210 Tunc
2378 1153 2564 1210 Caesar
2586 1156 2643 1210 in
2695 1156 3043 1214 Germaniam
3082 1159 3226 1217 facto
3250 1171 3420 1233 ponte
3449 1165 3471 1196 ³
3492 1171 3675 1223 trans-

2076 1245 2353 1318 greditur,
2384 1246 2745 1305 ‘8icambros
2793 1258 2851 1307 et
2880 1250 3048 1308 Ubios
3101 1253 3385 1311 obsidione
3443 1257 3663 1316 liberat.

2076 1339 2307 1406 Suevos,
2339 1340 2632 1398 maximam
2656 1352 2711 1399 et
2730 1342 3127 1402 ferocissimam
3165 1358 3411 1420 gentem,
3436 1364 3669 1422 quorum

2077 1449 2201 1491 esse
2250 1445 2472 1491 centum
2519 1451 2689 1509 pagos
2740 1447 2796 1497 ct
2845 1441 3104 1511 populos,
3156 1443 3311 1499 multi
3358 1445 3667 1516 prodidere,

2076 1537 2359 1602 totamque
2384 1529 2737 1587 Germaniam
2776 1531 3013 1590 adventu
3057 1548 3160 1592 suo
3202 1546 3410 1594 terret:
3440 1552 3566 1595 mox
3614 1541 3670 1596 in

2075 1624 2337 1697 Galliam,
2370 1624 2392 1656 ‘
2438 1625 2678 1683 rescisso
2707 1636 2896 1698 ponte,
2931 1627 2955 1660 ⁵
2978 1629 3253 1686 concedit.
3286 1631 3416 1687 inde
3460 1633 3525 1689 ad
3556 1636 3671 1691 Mo—

2076 1723 2227 1777 rinos
2254 1720 2424 1789 venit,
2457 1720 2601 1776 unde
2636 1720 2657 1752 ⁶
2685 1722 2737 1777 in
2771 1721 3109 1778 Britanniam
3138 1723 3417 1794 proximus
3445 1734 3502 1781 et
3550 1727 3669 1785 bre-

370 1809 597 1871 Publius
624 1824 758 1864 vero
792 1807 1027 1863 Crassus
1066 1822 1192 1863 cum
1223 1806 1271 1838 “’
1293 1806 1350 1863 in
1379 1805 1733 1878 Aquitaniam
1761 1820 1960 1877 pervev
2002 1814 2051 1875 B
2079 1813 2332 1870 vissimus
2364 1813 2631 1870 transitus
2655 1821 2760 1869 est.
2789 1812 3027 1869 Navibus
3057 1815 3278 1871 circiter
3295 1817 3563 1872 onerariis
3590 1826 3674 1873 at-

368 1903 563 1971 nisset,
599 1902 742 1958 bello
767 1908 1029 1972 exceptus
1056 1909 1162 1957 est.
1195 1899 1443 1965 Namque
1468 1898 1515 1930 “
1535 1898 1823 1972 _Sontiates
1848 1915 1963 1956 ma-

364 2013 477 2069 gno
520 1996 770 2068 equitatu
808 1995 1268 2067 pedestribusque
1311 1994 1489 2066 copiis
1515 1994 1829 2065 praevalidis
1856 1993 1969 2049 Ro-

364 2107 557 2149 manos
585 2091 783 2159 adorti,
823 2090 917 2146 diu
943 2092 1185 2162 graviter
1218 2090 1578 2146 turbaverunt
1603 2108 1618 2144 :
1644 2084 1777 2160 post
1800 2089 1961 2157 victi,

362 2194 529 2257 atque
560 2186 611 2239 in
639 2185 900 2256 oppidum
926 2183 1234 2242 Soutiatum
1258 2185 1433 2240 coacti
1463 2184 1807 2255 obsessique,
1838 2199 1961 2240 cum

361 2292 422 2333 se
450 2278 748 2349 expugnari
780 2278 1058 2343 viderent,
1090 2280 1261 2333 armis
1288 2276 1508 2335 traditis
1539 2278 1591 2332 in
1619 2276 1956 2333 deditionem

361 2372 569 2441 recepti
617 2384 765 2430 sunt.
805 2371 1088 2443 Aquitani,
1133 2370 1179 2404 ⁸⁷
1211 2372 1369 2427 clade
1413 2373 1673 2443 permoti,
1726 2373 1966 2442 undiqm:

357 2466 656 2521 exercitum
680 2464 1012 2519 contrahunt
1038 2482 1051 2520 :
1074 2463 1207 2520 “de
1231 2465 1495 2520 citeriore
1524 2480 1745 2535 quoque
1771 2464 1967 2536 Hispa-

358 2557 448 2613 nia
480 2558 680 2613 auxilia
705 2568 987 2615 arcessunt
1018 2576 1029 2612 :
1059 2557 1227 2614 duces
1254 2557 1402 2613 bello
1430 2560 1669 2615 maxime
1701 2574 1797 2614 eos
1821 2574 1966 2630 pric—

358 2649 565 2715 licinnt,
597 2650 691 2721 qui
725 2649 770 2683 ³⁸
798 2665 923 2706 cum
955 2650 1205 2706 Sertorio
1238 2649 1630 2707 militaverant.
1672 2651 1739 2706 lli
1771 2666 1964 2708 omnes

356 2742 486 2798 dum
551 2742 893 2799 obsidionem
958 2742 1161 2799 Crasso
1217 2754 1435 2815 parant,
1479 2743 1530 2797 in
1581 2745 1778 2800 castris
1822 2744 1960 2811 suis,

355 2838 560 2892 Crasso
587 2837 877 2899 obruente.
914 2836 1081 2893 deleti
1119 2847 1268 2893 sunt.
1304 2837 1439 2892 Nam
1477 2853 1543 2893 ex
1585 2838 1875 2909 Aquitanis
1910 2849 1969 2895 et

360 2930 671 2998 Cantabris,
718 2946 949 3000 quorum
996 2929 1386 3001 quinquaginta
1440 2931 1607 2986 millia
1652 2932 1696 2963 ⁵ο
1741 2941 1869 2988 tunc
1910 2933 1963 2988 in

362 3021 633 3076 auxilium
685 3032 982 3091 venerant,
1011 3023 1053 3054 ⁵¹
1093 3022 1313 3093 triginta
1343 3033 1397 3078 et
1439 3032 1565 3079 octo
1594 3024 1762 3079 millia
1820 3041 1959 3082 cmsa

2076 1922 2183 1978 que
2233 1906 2494 1962 actuariis
2539 1907 2820 1977 octoginta
2868 1906 3209 1978 praeparatis,
3244 1907 3300 1963 in
3332 1907 3670 1966 Britanniam

2075 2000 2094 2031 ⁷
2120 2000 2506 2055 transvehitur.
2542 1997 2645 2055 Ubi
2683 1998 2883 2054 acerba
2914 1998 3147 2069 primum
3176 2014 3351 2072 pugna
3388 1999 3669 2073 fatigatus,

2075 2091 2271 2148 deinde
2336 2091 2563 2147 adversa
2607 2099 2928 2162 tempestate
2989 2102 3295 2163 correptus,
3377 2093 3668 2163 plurimam

2074 2186 2266 2241 classis
2313 2195 2549 2256 partem,
2598 2193 2653 2240 et
2685 2200 2793 2240 non
2842 2200 3067 2255 parvum
3097 2200 3383 2242 numerum
3410 2188 3667 2255 militum,

2074 2279 2319 2350 equitum
2356 2293 2482 2333 vero
2513 2291 2655 2342 pene
2682 2292 2900 2333 omnem
2946 2276 3287 2347 disperdidit.
3318 2278 3339 2310 ⁸
3370 2277 3669 2348 Regressus

2076 2376 2129 2429 in
2161 2372 2414 2442 Galliam,
2452 2372 2693 2444 legiones
2726 2373 2777 2426 in
2821 2371 3047 2427 hiberna
3090 2372 3322 2443 dimisit,
3352 2388 3415 2428 ac
3445 2388 3672 2430 sexcen-

2077 2474 2157 2520 tas
2186 2479 2351 2519 naves
2375 2462 2658 2534 utriusque
2685 2461 2958 2518 commodi
2987 2463 3107 2518 ﬁeri
3129 2463 3439 2534 imperavit.
3463 2462 3671 2535 Quibus

2072 2557 2267 2614 iterum
2303 2558 2355 2611 in
2387 2555 2719 2612 Britanniam
2744 2554 2919 2626 primo
2945 2571 3073 2611 vere
3094 2558 3114 2589 θ
3144 2564 3507 2626 transvectus,
3537 2557 3665 2612 dum

2073 2652 2190 2724 ipse
2220 2652 2272 2706 in
2298 2652 2512 2706 boStem
2537 2664 2661 2705 cum
2691 2650 2933 2706 exercitu
2969 2649 3163 2721 pergit,
3206 2648 3375 2720 390
3400 2663 3566 2705 naves
3613 2649 3667 2704 in

2073 2743 2290 2799 ancoris
2323 2750 2534 2797 stantes
2556 2749 2878 2811 tempestate
2905 2748 3171 2811 correpta
3196 2740 3284 2795 vel
3301 2740 3507 2797 collisa:
3528 2740 3670 2796 inter

2071 2854 2153 2904 se,
2198 2837 2286 2893 vel
2335 2838 2516 2892 arenis
2548 2835 2705 2891 illiste
2734 2849 2799 2890 ac
2828 2834 3110 2890 dissolutae
3158 2834 3309 2889 sunt.
3357 2833 3436 2888 Ex
3470 2832 3667 2904 quibus

2068 2928 2422 3001 quadraginta
2456 2928 2762 2998 perierunt,
2794 2934 3009 2981 etatem:
3045 2940 3170 2980 cum
3209 2940 3403 2997 magna
3435 2924 3669 2980 difﬁcul-

2069 3035 2180 3083 tate
2209 3030 2475 3095 reparatte
2504 3030 2653 3078 sunt.
2681 3020 2918 3076 Caesaris
2956 3020 3230 3090 equitatus
3257 3019 3300 3050 ¹⁰
3326 3018 3505 3090 primo
3526 3028 3663 3075 cott-

1653 3228 2099 3285 IIAVERCAMPI
2141 3225 2367 3284 ΝΟΤιΕ.

430 3435 518 3489 57.
566 3432 669 3488 Ita.
714 3432 884 3487 Abest
906 3446 933 3483 a
956 3429 1123 3501 Lugd.
1155 3430 1274 3485 Bal.
1311 3445 1389 3494 pr.
1427 3438 1483 3484 et
1512 3438 1635 3484 tert.
1664 3444 1785 3484 cum
1816 3426 1952 3485 Coll.
1986 3429 2030 3493 C
2064 3427 2203 3501 idem
2237 3427 2305 3501 in_
2326 3425 2751 3501 Floreiit._scc.;
2784 3432 2844 3501 at
2870 3422 3093 3501 lf‘lorent
3125 3431 3275 3491 tert.,
3308 3440 3430 3480 eum
3479 3426 3648 3501 tribus

357 3507 842 3648 Grggjﬁuspensis
865 3573 1011 3629 retis.
1058 3572 1134 3629 lla
1168 3586 1328 3638 mss.;
1376 3572 1621 3641 expansis
1650 3566 1785 3629 Edd.
1809 3588 1954 3639 qum-

362 3652 486 3706 dam
513 3656 645 3705 vett.

431 3723 521 3778 '59.
563 3719 751 3785 Gallis,
789 3716 993 3790 reliqui.
1035 3716 1208 3772 Codd.
1244 3716 1499 3790 Perizon.
1525 3724 1580 3770 et
1611 3714 1781 3781 Meus,
1809 3713 1957 3770 Galli

358 3793 546 3866 reliqui
568 3808 696 3860 sese,
726 3799 859 3858 etc.,
886 3805 983 3862 pro
1008 3805 1112 3862 qua
1140 3789 1376 3844 lectione
1406 3796 1539 3842 vett.
1572 3801 1788 3857 quoque
1810 3795 1957 3842 stant

362 3865 490 3922 cdd.

434 3937 525 3993 40.
572 3935 648 3992 Ob
674 3935 943 4009 injuriam.
987 3932 1138 3987 Meus
1159 3940 1214 3987 et
1241 3930 1408 4002 Lugd.
1441 3930 1560 3985 Bal.
1588 3934 1797 3999 quart.,
1834 3945 1958 4001 pro-

362 4021 476 4083 pter
503 4009 771 4083 injuriant.

437 4082 527 4136 41.
550 4071 818 4136 ’(Ῑοηδὶιία.
861 4076 980 4133 Non
1012 4075 1358 4132 iuvenitnrin
1384 4073 1557 4147 Lugd.
1589 4071 1704 4126 But.
1742 4083 1870 4129 tert.
1905 4084 1961 4131 et

364 4165 562 4225 quarto
584 4167 706 4225 eum
737 4149 882 4225 Goll.
915 4148 1159 4225 Gronov.

437 4226 528 4280 4‘2.
579 4223 771 4277 Notam
799 4223 1046 4276 inut-cret.
1092 4220 1192 4275 Ed.
1220 4221 1474 4290 August.,
1506 4225 1683 4290 notam
1710 4217 1960 4290 incuteret

364 4309 414 4352 et
434 4296 628 4351 cunctis
654 4293 994 4366 principibus,
1025 4292 1272 4362 reliquos,
1290 4287 1767 4361 etc.,quibusdam
1792 4289 1960 4344 omis-

366 4384 443 4424 SIS
465 4384 518 4423 ll)
547 4382 744 4422 mento.

440 4441 532 4495 45.
574 4435 767 4491 Iisdem
800 4436 1000 4490 diebus.
1040 4434 1214 4502 Meus,
1248 4433 1344 4488 His
1368 4432 1567 4487 diebus.

441 4513 532 4567 ιιι..
574 4509 680 4564 Cur
716 4516 969 4562 auctores.
1014 4507 1152 4562 Edd.
1181 4513 1342 4574 vett.,
1374 4504 1510 4576 quod
1556 4511 1816 4576 auctores.
1851 4502 1960 4562 Sed

370 4581 651 4639 Fabricius
670 4595 791 4637 eam
817 4579 1095 4650 expressit
1117 4574 1422 4650 lectionem,
1450 4588 1615 4650 quam
1629 4574 1689 4650 _ln
1712 4576 1961 4631 omnibus

373 4653 579 4709 invenit
606 4667 735 4707 mss.
761 4647 1016 4708 Unaulmi
1043 4649 1187 4706 enim
1221 4662 1490 4705 consensu
1522 4647 1573 4700 in
1607 4647 1670 4700 iis
1701 4664 1793 4700 cur
1818 4650 1959 4703 scri-

376 4727 543 4790 bitur,
577 4737 684 4779 uon
712 4723 872 4791 quod.
904 4723 1113 4776 Minore
1141 4722 1302 4791 igitur
1341 4721 1501 4775 unius
1542 4718 1803 4773 litterulae
1835 4734 1958 4790 per—

2062 3515 2126 3555 ex
2161 3498 2331 3575 Lugd.
2376 3497 2520 3575 Dat,
2556 3495 2692 3552 Ultr.
2722 3507 2777 3551 et
2806 3493 2945 3575 Coll.
2980 3495 3260 3575 Gronov.,_
3297 3497 3647 3554 centenarias

2062 3567 2318 3627 numeros
2344 3568 2626 3639 objiciunt,
2664 3584 2730 3623 at.
2755 3567 2992 3639 millibus
3016 3568 3295 3639 contenti;
3337 3583 3461 3638 quae
3490 3580 3644 3628 certe

2059 3644 2232 3711 copia:
2262 3636 2546 3705 intumum,
2583 3650 2638 3711 ut
2669 3640 2726 3711 lit
2755 3636 2825 3694 ab
2849 3637 3066 3711 Orosio,
3096 3637 3201 3693 dici
3240 3636 3371 3695 ηου-
3392 3652 3636 3711 possunt.

2062 3709 2238 3776 unde,
2268 3728 2390 3769 cum
2432 3712 2481 3765 iu
2528 3710 2650 3766 cod.
2685 3709 2952 3780 Lungob.
2979 3710 3212 3779 legatur,
3255 3709 3527 3766 numerum
3569 3718 3643 3766 ad

2059 3785 2435 3856 quadringenta
2461 3779 2821 3854 quadraginta
2842 3779 3027 3856 millia,
3077 3782 3196 3836 sine
3227 3781 3513 3853 interjecta
3549 3799 3643 3839 co-

2061 3851 2218 3928 pula,
2244 3851 2495 3928 suspicor
2523 3851 2879 3928 posteriorem
2911 3851 3285 3928 mitioremque
3315 3851 3601 3915 numerum
3632 3894 3649 3923 ,

2060 3924 2129 3985 ex
2152 3928 2300 3985 varia
2335 3926 2572 3982 lectione
2603 3924 2901 3993 adjectum,
2925 3932 3086 3993 atque
3117 3924 3358 3994 priorem
3383 3934 3578 3985 etrottt
3592 3944 3649 3987 u-

2059 4000 2187 4054 dum
2212 3999 2279 4053 ab
2309 3997 2505 4052 Orosiu
2531 3999 2793 4063 scriptum
2826 3994 3012 4048 fuisse.

2134 4072 2224 4127 55.
2266 4068 2487 4122 Ferunt.
2512 4065 2754 4140 Fiorent.
2778 4080 2914 4140 sec"
2938 4067 3255 4138 referuntur,
3279 4082 3379 4139 pro
3398 4068 3654 4140 referunt,

2061 4142 2153 4197 vel
2180 4142 2383 4207 deleto.
2425 4138 2571 4209 quod
2622 4137 2928 4214 praecessit,
2978 4137 3350 4209 ἠιυηεναιηίεὶ
3394 4137 3464 4195 ea
3489 4141 3659 4199 lectio

2062 4215 2260 4286 placet.
2297 4281 2361 4286 ___
2529 4281 2542 4286 _
2607 4279 2649 4286 _
2786 4278 2815 4286 η
3164 4279 3190 4286 Δ
3260 4244 3265 4247 -

2133 4287 2261 4345 Car.
2294 4281 2384 4339 IX.
2419 4311 2491 4321 -—
2521 4281 2571 4356 1.
2605 4279 2753 4356 Tunc
2776 4278 2972 4346 Caesar,
3006 4292 3112 4356 etc.
3154 4279 3287 4356 Quae
3332 4279 3453 4356 hoc
3484 4283 3664 4356 capite

2061 4358 2287 4413 Orosius
2318 4352 2773 4423 comprehendit,
2824 4368 2887 4423 ea
2939 4353 3162 4422 cepiose
3188 4352 3375 4409 Caesar
3399 4354 3494 4413 lib.
3527 4352 3580 4412 tv
3604 4368 3664 4412 et

2062 4446 2094 4482 v
2140 4427 2351 4484 Comm.
2403 4420 2674 4497 eiposuit.
2737 4423 2825 4497 De
2857 4420 3049 4479 iisdem
3098 4424 3321 4483 Diolib.
3355 4441 3555 4497 xxxix,
3604 4438 3661 4485 et

2061 4500 2389 4558 Plutarchus
2424 4493 2487 4551 in
2514 4495 2753 4551 Caesare.
2785 4493 2952 4553 FABR.

2130 4573 2185 4626 2.
2211 4568 2638 4642 Τιάηδςτείιὶῑιιν.
2685 4565 3141 4642 Ita__ntss:_Lugd.
3178 4568 3299 4627 But.
3327 4579 3564 4642 quatuor
3609 4579 3669 4628 et

2065 4653 2175 4700 tres
2203 4636 2479 4707 Florent.;
2510 4638 2899 4712 transgrediens
2919 4636 3108 4709 Vulgg.
3140 4656 3154 4705 ;
3184 4642 3302 4697 sed.
3328 4636 3467 4714 Aug.
3498 4644 3666 4700 editio

2062 4731 2185 4770 cum
2214 4728 2345 4769 mss.
2381 4716 2673 4767 consentit.

372 4780 674 4853 mutalione
702 4780 940 4850 arbitror
962 4807 1082 4849 esse
1105 4780 1391 4862 legendum
1419 4806 1537 4843 cum
1562 4780 1954 4857 auctoresfetc.
1992 4823 2039 4882 ι)
2136 4787 2190 4842 5.
2225 4784 2545 4839 Sicambros.
2577 4784 2632 4837 ln
2657 4780 3046 4863 manuscriptis
3087 4784 3288 4840 neSIris
3320 4795 3427 4854 est,
3458 4785 3668 4858 Sigam-

447 4870 539 4912 ΑΚ-
588 4867 937 4912 Αηηὶηιηὶηηι-
970 4864 1240 4912 Florenti-
1271 4875 1402 4912 tres-
1434 4860 1812 4912 Aauitans'cam.
2070 4858 2207 4912 bras.
2267 4857 2364 4912 Dio
2409 4854 2775 4912 Συννάμϐρονς
2831 4863 3097 4912 nominat.
3152 4855 3320 4912 Fasti.
3352 4857 3500 4912 -—ln
3532 4873 3665 4912 mss.

2104 4876 2127 4912 l'

447 4870 542 4925 45.
584 4867 939 4936 Aquitaniam.
970 4860 1240 4936 mureti—tt.
1271 4875 1402 4936 tre_s,
1432 4860 1812 4936 Aquitanicnm.

445 4940 532 4996 46.
567 4933 847 4995 Soittiates.
872 4936 1004 4992 Cod.
1029 4934 1299 5004 Longob.,
1328 4933 1587 4996 Sotiates;
1610 4933 1804 5004 reliqui
1829 4947 1963 4989 mss.

376 5022 431 5068 et
457 5011 580 5068 edd.
607 5019 741 5078 vet.,
768 5010 1037 5073 Sociates;
1065 5016 1120 5063 et
1150 5003 1272 5062 mox
1305 5007 1478 5077 ipsum
1504 5003 1764 5076 oppidum
1790 5004 1967 5060 Socia-

376 5092 484 5139 tum
504 5088 718 5137 vocant.

447 5154 540 5211 47.
582 5152 740 5234 Clade
780 5152 1019 5234 permoti.
1066 5150 1217 5234 Mens
1257 5148 1431 5205 codex
1478 5163 1604 5204 cum
1634 5145 1807 5218 Lugd.
1841 5146 1965 5204 Bal.

382 5235 599 5300 quarto,
629 5223 728 5279 hac
757 5224 907 5279 clade
937 5224 1175 5294 permoti.

422 5298 539 5384 _48.
583 5295 661 5351 De
685 5298 942 5352 citeriore.
984 5294 1227 5350 Floreat.
1253 5308 1389 5361 sec,
1422 5293 1486 5347 de
1504 5292 1746 5347 interiore
1778 5291 1970 5363 llispa-

378 5389 545 5498 πηῗε).
588 5442 718 5498 Cum
740 5438 996 5498 Sertorio.
1025 5437 1198 5512 Lugd.
1219 5438 1335 5512 Bai.
1359 5444 1540 5509 quart.
1556 5478 1570 5502 ,
1597 5436 1690 5491 sub
1713 5435 1969 5493 Sertorio.

454 5516 544 5572 50.
582 5513 748 5569 Tunc.
783 5513 953 5568 Abest
977 5526 1008 5565 a
1039 5508 1214 5582 Lugd.
1247 5508 1488 5579 Bat.pr.
1514 5517 1569 5564 et
1594 5515 1723 5564 tert.
1755 5518 1917 5580 atque
1941 5523 1970 5563 a

378 5586 521 5642 Coll.
562 5586 802 5642 Gronov.

443 5661 548 5742 05L
590 5657 833 5742 Triginta
855 5665 903 5712 et
939 5665 1052 5710 octo
1094 5653 1283 5708 millia.
1324 5651 1497 5724 Lugd.
1535 5650 1660 5705 Bat.
1708 5667 1794 5723 pr.
1827 5650 1975 5709 mille

383 5738 565 5785 minus
591 5738 859 5785 numerat.

456 5802 548 5856 iii.
590 5802 671 5855 Ad
699 5815 902 5857 ccccxr.
921 5798 1114 5861 millia.
1158 5794 1292 5857 Edd.
1321 5803 1456 5869 velt.
1488 5794 1768 5869 pleraeque
1791 5794 1977 5869 delent

381 5885 456 5930 at.
495 5872 685 5941 millia,
730 5888 851 5944 qum
895 5885 1059 5942 supra
1108 5881 1241 5927 cccc
1296 5866 1462 5924 millia
1490 5865 1844 5937 adjiciuntur.
1890 5867 1975 5923 Fit

2133 4875 2207 4923 os,
2267 4857 2364 4929 Dio
2409 4854 2775 4929 Συγγάμϐροτές
2831 4853 3097 4929 nominat.
3152 4855 3320 4916 Fasti.
3352 4853 3665 4917 —-'ln'mss.

2072 4930 2272 4986 nostris
2308 4924 2587 4996 plerisque
2607 4924 2691 4980 es't
2718 4924 3060 4997 Sugambros.

2142 5004 2196 5059 4.
2245 4992 2703 5069 Βέεείδδο’ροηιερ
2734 4992 2909 5065 Lugd.
2945 4995 3058 5051 But.
3114 5014 3195 5069 pr,
3234 5010 3291 5055 et
3335 5009 3487 5068 tert.,
3540 5014 3665 5060 eum
3722 5060 3733 5067 ,

2072 5074 2211 5129 Coll.
2236 5067 2507 5138 Gronov,,
2529 5067 2693 5124 scisso
2718 5078 2895 5139 ponte.

2144 5144 2198 5199 5.
2233 5140 2498 5196 Concedit.
2531 5139 2701 5211 Lugd.
2724 5139 2847 5211 But.
2876 5147 3101 5211 quartus
3130 5143 3415 5201 contendit.

2143 5216 2196 5271 6.
2229 5211 2298 5266 In
2324 5210 2675 5267 Britanniam.
2719 5210 2903 5283 Lugd.
2929 5213 3069 5267 llatt.
3113 5222 3223 5267 tres
3265 5225 3320 5269 et
3361 5213 3499 5268 Coll.
3532 5213 3670 5270 Gro-

2077 5302 2203 5343 nov.
2215 5327 2229 5351 ,
2260 5285 2329 5339 ad
2359 5283 2707 5338 Britanniam.

2150 5360 2202 5412 7.
2235 5357 2637 5427 Transeo/ritur.
2668 5355 2841 5426 Lugd.
2881 5355 2997 5409 Bat.
3030 5370 3110 5425 pr.
3150 5364 3205 5410 et
3250 5363 3374 5413 lert.
3411 5368 3670 5433 transgre-

2075 5432 2239 5486 ditur.
3495 5452 3517 5473 ρ

2148 5504 2202 5559 8.
2230 5501 2536 5573 Bagressus.
2578 5498 2753 5570 Lugd.
2785 5498 2908 5573 Bat.
2945 5508 3125 5568 quart.
3157 5514 3407 5555 reversus.

2104 5603 2109 5607 ~
2148 5575 2202 5630 9.
2226 5570 2597 5629 Transvectus.
2628 5574 2704 5626 Ita
2735 5570 2977 5626 scribunt
3006 5585 3198 5626 omnes
3228 5586 3361 5627 mss.
3393 5574 3664 5632 Florentt.

2078 5644 2359 5720 etrLugd.
2412 5644 2577 5711 Batt.,
2635 5652 2769 5711 etc.,
2827 5656 2935 5697 non
2995 5645 3337 5712 transvectis,
3389 5656 3451 5701 ut
3505 5649 3670 5720 Vulgo

2076 5719 2278 5776 editur.

2152 5792 2240 5846 10.
2275 5787 2458 5843 Primo
2479 5801 2777 5857 congressu.
2805 5783 2976 5856 Lugd.
3010 5787 3153 5841 Batt.
3182 5801 3273 5858 pr.
3302 5798 3356 5845 et
3388 5799 3513 5846 tert.
3539 5808 3672 5849 con-

2077 5862 2348 5920 sentiente
2364 5860 2504 5915 Coll.
2534 5858 2806 5927 Gronom,
2838 5858 3006 5925 prima
3032 5862 3413 5928 congressione.
