4096 6350
410 250 550 308 1013

1816 246 2023 306 PAULI
2063 246 2290 305 OROSll

3569 247 3717 307 1016

409 386 600 443 gressu
630 385 660 426 a
692 370 972 427 Britannis
996 371 1199 438 vietus,
1234 371 1272 402 ¹¹
1321 369 1502 441 ibique
1541 366 1813 424 Labienus
1840 367 2006 423 tribu-
2036 368 2083 432 Α
2114 376 2257 423 tatus
2295 377 2401 424 est.
2436 366 2679 440 Namque
2704 371 2724 401 '
2753 366 3035 424 Ambiorix
3092 382 3214 425 cum
3266 368 3617 426 Eburonibus
3654 379 3713 427 et

411 479 513 519 nus
541 464 755 518 occisus
781 472 888 519 est.
918 463 1173 518 Secundo
1196 462 1384 533 pra‘lio
1404 477 1529 517 eum
1556 475 1755 533 magno
1780 476 2005 517 suorum

410 557 729 613 discrimine
778 557 950 612 victos
981 557 1273 612 Britannos
1304 556 1356 610 in
1399 555 1575 626 fugam
1602 557 1644 588 ¹²
1669 556 1850 611 vertit.
1876 554 2007 611 Inde

414 648 461 680 ¹³
509 648 576 704 ad
616 648 819 704 ﬂumen
869 647 1182 703 Thamesim
1222 647 1501 718 proiectus
1539 656 1644 712 est,
1691 662 1852 718 quem
1899 662 2007 702 uno

412 750 620 797 tantum
657 741 779 796 loco
811 739 967 796 vadis
1013 739 1456 796 transmeabilem
1501 740 1704 796 ferunt.
1736 738 1794 794 In
1846 738 2006 809 hujus

413 838 673 893 ulteriore
726 837 867 907 ripa,
897 836 940 866 η
968 833 1377 891 Cassivellauno
1401 840 1560 901 duce,
1593 835 1854 889 immensa
1887 833 2009 889 hos-

413 931 547 987 tium
601 930 891 986 multitudo
932 932 1292 998 consederat,
1340 930 1624 1001 ripamque
1668 928 1905 986 ﬂuminis
1941 944 2007 987 ac

410 1045 551 1101 pene
582 1037 751 1084 totum
776 1029 877 1084 sub
896 1042 1033 1098 aqua
1055 1026 1253 1083 vadum
1272 1026 1600 1082 acutissimis
1622 1026 1848 1082 sudibus
1871 1041 2009 1097 pra:-

415 1133 708 1180 struxerat.
743 1122 900 1189 Quod
936 1122 1026 1179 ubi
1048 1137 1080 1178 a
1111 1121 1375 1177 Romanis
1403 1120 1806 1192 deprehensum
1838 1136 1901 1177 ac
1936 1120 2009 1176 vi-

412 1226 583 1273 tatum
609 1224 716 1283 cst,
749 1214 991 1281 barbari,
1022 1214 1297 1284 legionum
1321 1213 1581 1282 impetum
1605 1227 1712 1268 non
1745 1211 2004 1281 ferentes,

414 1309 570 1365 silvis
598 1323 722 1365 sese
748 1307 1030 1375 abdidere,
1064 1307 1209 1363 unde
1254 1306 1466 1363 crebris
1494 1305 1876 1378 eruptionibus
1902 1304 2011 1359 Ro-

412 1416 603 1458 manos
630 1402 869 1473 graviter
915 1415 980 1456 ac
1007 1415 1154 1470 saepe
1182 1400 1520 1457 lacerabant.
1571 1399 1782 1456 Interea
1813 1399 2011 1455 Trino-

413 1494 639 1551 bantnm
669 1494 981 1551 tlrmissima
1006 1494 1198 1550 civitas
1227 1510 1349 1550 cum
1383 1494 1428 1526 ¹³
1472 1492 1817 1563 Androgorio
1846 1492 2004 1562 duce,

412 1586 557 1641 datis
586 1586 947 1658 quadraginta
978 1585 1288 1655 obsidibus,
1333 1586 1534 1642 Cmsari
1567 1597 1689 1641 sese
1716 1584 2006 1641 “dedidit.

411 1679 567 1747 Quod
613 1679 932 1750 exemplum
980 1687 1182 1736 secuta:
1227 1678 1392 1736 urbes
1422 1679 1546 1734 alia:
1592 1679 1922 1750 complures,
1953 1679 2006 1733 in

2110 462 2131 493 ³
2152 461 2429 517 Aduaticis
2457 462 2804 533 conspirans,
2834 463 3109 517 animatus
3136 462 3158 493 ὀ
3187 462 3550 519 Trevirorum
3578 478 3711 519 con-

2107 556 2249 621 silio,
2284 555 2501 612 Cottam
2542 565 2598 611 et
2645 555 2910 612 Sabinum
2944 556 3153 628 legatos
3183 556 3203 587 '
3230 556 3375 628 apud
3422 556 3713 613 Eburones

2110 664 2232 704 cum
2266 657 2376 705 tota
2405 649 2427 681 ⁸
2448 648 2503 705 t'u
2515 649 2699 705 aditus
2722 650 2937 720 legione
2960 649 3174 706 insidiis
3194 650 3602 707 circumventos
3627 650 3714 708 in-

2112 741 2345 798 terfecit.
2376 741 2660 799 Ambiorix
2705 741 2809 799 hac
2838 742 3063 800 victoria
3096 743 3293 813 elatus,
3329 742 3629 801 Aduaticos
3653 751 3716 800 et

2110 837 2336 894 Nervios
2362 838 2736 910 plurimosque
2754 838 2893 894 alios
2915 838 3112 910 raptim
3143 838 3197 894 in
3221 853 3375 895 arma
3402 838 3709 909 contrahit,

2109 939 2269 996 atque
2298 931 2318 962 "
2351 929 2420 986 ad
2452 929 2773 987 Ciceronem
2829 931 3101 1002 legatum,
3151 930 3247 1003 qui
3292 932 3545 989 similiter
3583 942 3716 988 tunc

2098 1022 2306 1094 legioni
2356 1023 2410 1078 in
2443 1022 2687 1080 hibernis
2734 1032 3006 1095 praeerat,
3049 1022 3361 1080 contendit.
3414 1024 3716 1080 Multitudo

2112 1114 2350 1171 hostium
2379 1130 2446 1171 ex
2472 1115 2576 1171 hoc
2618 1115 2800 1187 colligi
2850 1115 3061 1189 potuit,
3092 1115 3115 1148 ⁸
3145 1117 3269 1188 quia
3301 1116 3467 1189 398
3502 1131 3631 1173 cum
3657 1117 3714 1172 in

2110 1207 2397 1266 obsidione
2426 1216 2736 1265 castrorum
2786 1209 2992 1265 vallum
3033 1208 3492 1265 circumdandum
3525 1224 3651 1266 esse
3679 1224 3715 1264 ει

2110 1302 2344 1375 captivis
2363 1303 2625 1361 Romanis
2648 1304 3004 1374 docerentur,
3028 1315 3083 1362 et
3107 1306 3473 1363 instrumenta
3505 1306 3713 1363 ruralia

2112 1413 2220 1452 non
2255 1396 2543 1463 haberent,
2574 1397 2772 1469 gladiis
2801 1398 3146 1455 concidendo
3173 1408 3397 1466 terram,
3429 1409 3483 1456 et
3503 1398 3719 1471 sagulis

2111 1491 2470 1561 cxportando,
2502 1489 2590 1546 vix
2613 1489 2785 1547 tribus
2817 1490 2966 1547 boris
2994 1494 3020 1525 θ
3040 1491 3240 1547 vallum
3266 1492 3465 1563 pedum
3494 1491 3713 1559 decem,

2111 1596 2166 1641 et
2193 1584 2393 1641 fossam
2441 1584 2637 1656 pedum
2685 1584 3001 1657 quindecim
3034 1585 3077 1619 ¹⁰
3113 1601 3211 1656 per
3239 1585 3409 1641 millia
3455 1600 3716 1658 passuum

2111 1678 2423 1750 quindecim
2447 1679 2502 1733 in
2525 1677 2759 1733 circuitu
2782 1677 3163 1749 perfecerunt.
3188 1678 3459 1736 Praeterea
3488 1688 3717 1736 centum

410 1771 591 1828 ftedus
655 1771 1025 1827 Romanorum
1089 1780 1357 1828 venerunt
1385 1789 1399 1825 :
1446 1770 1745 1841 iisdemque
1785 1770 2011 1828 demon-
2042 1770 2088 1831 B
2114 1770 2304 1843 viginti
2331 1780 2514 1826 turres
2545 1771 2699 1827 mine
2729 1768 3030 1827 altitudinis
3050 1778 3471 1827 exstruxerunt.
3496 1771 3564 1827 Et
3589 1787 3718 1828 cum

411 1863 742 1929 strantibus,
790 1863 974 1920 Caesar
1024 1862 1283 1936 oppidum
1334 1863 1377 1895 ¹⁷
1420 1861 1816 1920 Cassivellauni
1865 1865 2010 1921 inter

411 1956 548 2011 duas
579 1956 805 2027 paludes
836 1957 1033 2026 situm,
1061 1955 1285 2012 obtentu
1328 1957 1552 2026 insuper
1590 1955 1852 2012 silvarum
1892 1973 2010 2013 mu-

411 2052 609 2118 nitum,
640 2051 1007 2123 omnibusque
1053 2051 1219 2109 rebus
1268 2049 1754 2119 confertissimum,
1788 2052 2006 2109 tandem

413 2144 565 2215 gravi
603 2158 781 2216 pugna
829 2145 996 2217 cepit.

943 2261 1107 2334 397
1146 2261 1373 2319 carm
1413 2261 1481 2317 Χ.

414 2394 673 2453 Ctesarem
731 2397 986 2473 adversus
1031 2415 1217 2454 novam
1263 2399 1536 2455 Gallorum
1577 2401 2011 2473 conspirationem

596 2473 884 2542 profectum
912 2471 1095 2543 fuisse,
1137 2488 1325 2543 eosque
1354 2473 1520 2526 denuo
1549 2471 1827 2546 subegisse.

488 2604 626 2660 Exin
668 2604 853 2661 Caesar
884 2606 902 2636 ¹
935 2620 965 2660 a
1012 2605 1289 2662 Britannis
1330 2621 1587 2663 reversus
1632 2608 1685 2663 in
1740 2608 2010 2679 Galliam,

415 2707 706 2770 postquam
736 2698 978 2769 legiones
1007 2700 1060 2755 in
1084 2700 1310 2757 hiberna
1360 2700 1541 2767 misit,
1568 2703 1870 2774 repentinis
1899 2704 2014 2759 bel-

413 2795 591 2851 lorum
621 2793 948 2851 tumultibus
977 2795 1215 2867 undique
1261 2795 1668 2853 circumventus
1694 2805 1750 2853 et
1783 2797 2011 2855 conﬂic-

2110 1865 2222 1934 jam
2253 1871 2464 1935 septem
2487 1863 2607 1920 dies
2651 1872 2950 1936 noctesque
2994 1863 3239 1919 succidui
3288 1864 3523 1920 hostium
3555 1865 3719 1922 cunei

2116 1966 2452 2030 pugnarent,
2502 1958 2544 1989 ¹¹
2587 1972 2651 2013 ac
2701 1965 2896 2013 ventus
2948 1955 3133 2014 subito
3178 1956 3451 2028 plurimus
3488 1965 3723 2015 exortus

2115 2060 2296 2118 esset,
2345 2058 2515 2106 testas
2546 2049 2824 2107 ferventes
2855 2049 3128 2106 intorsere
3166 2048 3368 2121 fundis,
3398 2052 3442 2084 ⁸³
3474 2048 3725 2106 ﬂamma-

2118 2153 2280 2216 taque
2321 2142 2457 2199 locis
2489 2143 2594 2199 tela
2616 2185 2631 2210 ,
2673 2158 2738 2199 ac
2775 2158 2902 2199 mox
2945 2149 3217 2216 concepto
3243 2143 3367 2212 igne
3400 2144 3721 2211 rutilantia,

2119 2237 2164 2270 ⁸³
2194 2237 2338 2293 intra
2368 2247 2544 2293 castra
2588 2238 2862 2308 iecerunt.
2901 2236 3024 2306 Quo
3080 2237 3224 2294 tacto
3258 2238 3302 2271 “
3342 2253 3441 2309 per
3479 2239 3721 2296 eulmina

2118 2330 2318 2400 raptim
2359 2338 2554 2384 ventus
2604 2328 2894 2397 insistens,
2948 2344 3199 2402 sparsum
3225 2330 3490 2387 animavit
3529 2330 3724 2387 inccn-

2116 2424 2292 2480 dium.
2337 2422 2445 2480 Sed
2478 2423 2522 2455 ¹³
2555 2438 2623 2479 ne
2651 2424 2730 2479 sic
2756 2423 2976 2495 quidem
3007 2424 3275 2491 Romani,
3322 2442 3444 2482 cum
3478 2427 3723 2498 undique

2114 2516 2499 2588 obruerentur,
2522 2517 2861 2584 vulneribus,
2889 2517 3195 2584 laboribus,
3222 2518 3446 2587 vigiliis,
3466 2519 3717 2591 jejuniis,

2117 2610 2499 2683 incendiisque
2525 2618 2835 2668 cesserunt.
2881 2610 3128 2668 Tandem
3174 2611 3378 2669 Caesari
3411 2614 3720 2671 nuntiatum

2115 2712 2224 2771 est,
2253 2718 2416 2760 unam
2441 2704 2679 2760 deletam
2706 2718 2833 2762 esse
2864 2704 3154 2777 legionem,
3178 2705 3405 2763 alteram
3431 2707 3545 2778 jam
3576 2725 3721 2780 pene

2113 2798 2448 2855 conlectam.
2491 2797 2835 2854 Adventante
2887 2798 2930 2830 ”
2974 2812 3099 2855 cum
3145 2797 3358 2856 duabus
3410 2800 3719 2873 legionibus

1707 2892 1749 2947 Η
1761 2895 1797 2949 Α
1810 2892 2161 2951 VERCAMPI
2200 2892 2432 2951 NO’UE.

490 2982 581 3039 11.
625 2982 805 3054 Ibique
845 2982 1125 3040 Labienus.
1168 2984 1429 3041 Labienus
1459 2993 1546 3041 est
1592 2985 1646 3040 in
1688 2986 1916 3042 vetustis
1953 2996 2010 3042 et

415 3053 637 3133 liabet-ti
670 3053 840 3112 libris.
863 3055 1044 3112 Caesar
1074 3055 1171 3112 lib.
1195 3072 1251 3133 v,
1280 3057 1348 3124 ρ.
1381 3056 1657 3113 Laberium
1683 3055 1888 3113 Durant
1914 3057 2013 3114 ha-
2038 3059 2085 3124 C

412 3126 522 3182 bet.
554 3125 719 3182 Fann.

487 3197 576 3271 12.
613 3196 800 3271 Vertit.
840 3199 1011 3263 Lugd.
1048 3200 1162 3255 Bal.
1192 3215 1301 3271 pr..
1335 3201 1605 3257 convertit.

492 3268 693 3341 1'5._Ad
717 3272 909 3341 ﬂumen
933 3268 1232 3327 Thamesin.
1281 3271 1339 3327 In
1381 3288 1511 3329 mss.
1547 3273 1745 3341 legitur
1782 3272 2006 3330 Tamen-

417 3341 536 3405 sim,
565 3338 937 3417 Tamniensim,
986 3342 1260 3417 Tamesiet,
1315 3342 1563 3417 Tanesin.
1603 3338 1765 3417 Dolet
1807 3348 2003 3417 [iumen

418 3426 560 3487 unus
596 3420 666 3487 et_
676 3412 813 3487 alter
849 3429 921 3487 ex
952 3430 1108 3476 mss..
1143 3414 1327 3487 plures
1356 3416 1564 3486 aliqum
1588 3412 1860 3487 abjiciunt
1903 3429 1998 3475 est.

493 3484 580 3557 1:4.
627 3481 1015 3557 Cassivellauno
1059 3481 1208 3541 dare.
1243 3486 1300 3541 In
1345 3481 1503 3554 mssZ,
1556 3481 2006 3557 Cassorellauno;

416 3554 498 3628 sjc
522 3554 763 3628 Longob.
809 3557 932 3613 eod.
976 3558 1082 3613 Alii
1120 3557 1534 3628 Cassibellauno,
1568 3554 2003 3628 Cassobellauno,

322 3636 329 3641 ‘
419 3623 852 3699 Cassopella‘uno,
884 3639 940 3685 et
970 3629 1207 3699 denique
1233 3627 1602 3684 Cassivellano.

488 3699 581 3754 15.
614 3697 1043 3775 A_n_drogoﬁo.rln
1072 3697 1376 3775 Gualtlteri_
1396 3701 1535 3757 libro
1560 3712 1681 3775 est;
1710 3702 2003 3775 Androgio.

418 3767 601 3825 Caesar
642 3767 1071 3847 Mandubratinm
1100 3782 1285 3847 vocat.
1334 3771 1500 3827 Fann.
1532 3803 1601 3847 -ττ
1627 3773 1775 3847 Flor.
1815 3767 2002 3847 priin.,

419 3848 547 3915 tert.
596 3849 653 3915 et
696 3850 811 3915 tre_s_
849 3857 919 3899 ex
967 3842 1139 3915 Lugd.
1184 3843 1354 3909 Batt.,
1394 3859 1516 3915 cum
1549 3844 1692 3901 Coll.
1737 3842 2003 3913 Granum,

419 3912 707 3983 Androgio.
755 3912 904 3971 Flor.
937 3912 1137 3983 secfet
1176 3928 1289 3970 sec.
1324 3914 1493 3988 Lugd.
1529 3915 1646 3973 Bat.
1687 3932 1809 3974 cum
1845 3917 2003 3986 Ultr.,

417 3983 704 4037 Andraaio.

467 4000 704 4039 naraato.

492 4002 848 4130 gilglz'didit.
872 4071 1012 4130 mss.
1034 4056 1275 4130 quidam,
1307 4058 1471 4116 dedit.

493 4127 583 4181 17.
629 4126 1024 4202 Cassioellauni.
1052 4126 1233 4202 Mss”
1275 4130 1698 4202 Cassobellauno,
1730 4131 2005 4189 Cassobel-

419 4196 599 4269 launo,
633 4198 1046 4269 Cessibellauno,
1080 4210 1134 4256 et
1161 4198 1645 4258 Cassobellaunum.

492 4265 622 4342 CAP.
649 4267 851 4342 Χ.-1.
878 4273 920 4326 Α
936 4265 1218 4329 Britannis.
1252 4272 1350 4328 Ed.
1377 4276 1638 4342 August.,
1659 4292 1692 4329 a
1711 4274 2006 4334 Britannia.

490 4338 547 4393 2.
591 4341 857 4397 Ambiorix
878 4360 996 4398 cum
1020 4343 1369 4399 Eburonibus.
1399 4338 1529 4401 Μξε.
1561 4338 1744 4412 plures
1761 4348 2010 4404 scribunt

420 4408 828 4489 Eburonatibus.
861 4414 1177 4489 Memoriam
1226 4417 1431 4489 herois
1458 4408 1620 4486 hujus
1646 4459 1662 4483 ,
1712 4421 2008 4489 patrimque

417 4480 693 4556 libertatis
724 4488 1138 4556 propugnatoris
1181 4486 1465 4556 acerrimi,
1500 4476 2006 4546 servantnumm'uli
2034 4476 2087 4538 Ι)

419 4554 664 4623 argentei
700 4554 949 4626 antiqui,
993 4559 1061 4613 ab
1104 4554 1461 4614 Eburonibus
1502 4559 1639 4613 cusi.
1677 4558 1950 4617 Exhibent
1976 4578 2004 4616 a

417 4632 576 4697 parte
616 4626 829 4697 priore,
857 4627 924 4683 ad
972 4630 1341 4684 ltoiuanorum
1372 4628 1722 4686 denariorum
1755 4631 2009 4688 similitu-

418 4695 631 4762 dinem,
656 4700 1122 4773 caputmuliebre,
1155 4699 1410 4773 Virtutis,
1444 4712 1500 4755 ut
1529 4712 1679 4769 puto,
1712 4705 1865 4773 galea
1895 4704 2009 4759 ala-

421 4776 471 4846 _ta
517 4774 744 4846 tectum,
769 4772 1169 4846 _c_u_m_as_c_ripto
1214 4771 1434 4827 nomine
1464 4772 1679 4840 AMBI.,
1710 4771 1766 4828 et
1793 4774 2009 4846 plenius

417 4837 472 4892 in
514 4837 1152 4918 alteroAMBlORlXIA
1189 4852 1344 4918 parte
1380 4837 2012 4918 posterioreeq'uitatus

417 4910 597 4983 gentis
627 4911 960 4983 celebratur.
989 4921 1116 4983 typo
1142 4910 1606 4983 equitisfcasside
1630 4927 1683 4973 et
1705 4910 1893 4974 lancea
1923 4935 2014 4975 ar-

420 4980 550 5053 mati
577 5026 591 5050 ,
624 4991 789 5053 atque
814 4983 883 5038 ab
913 4980 1262 5039 Eburonibus
1288 5000 1449 5042 cusos
1489 4986 1660 5044 fuisse
1703 4992 2014 5046 nummulos

416 5051 893 5135 ducentascripta':
914 5054 1116 5135 littera:
1151 5055 1497 5135 EBVRQnes.
1525 5060 1665 5117 Octo
1695 5060 2014 5135 huiusmodi

419 5124 629 5181 nummi
660 5126 877 5182 unciam
912 5125 1211 5185 Romanam
1242 5128 1506 5200 pendunt.

1351 5730 1569 5784 EB‘RO

2484 3038 2850 3401 ι
2854 3014 3291 3390 -

2742 3283 2820 3378 μεθ’
3025 3308 3204 3376 eam

2185 3516 2241 3570 5.
2280 3514 2578 3574 Aduaticis.
2596 3514 2657 3572 In
2681 3517 2888 3573 nostris
2911 3516 3301 3588 manuscriptis
3322 3515 3439 3572 fere
3457 3514 3719 3588 omnibus

2114 3585 2204 3643 hic
2229 3595 2286 3642 et
2312 3601 2476 3657 supra
2497 3603 2618 3657 cap.
2644 3589 2679 3643 7
2705 3590 2936 3644 Atuatici
2965 3585 3340 3657 nominantur,
3373 3602 3519 3656 quos
3550 3586 3719 3657 vulgo

2114 3659 2400 3731 Aduaticos
2428 3669 2648 3731 vocant.
2682 3660 2781 3716 Dio
2826 3675 3042 3731 quoque
3072 3661 3199 3717 illos
3227 3661 3584 3731 Ἀτουατικορς
3619 3675 3716 3727 ειμ-

2117 3731 2301 3801 pellat.
2337 3729 2446 3787 llos
2466 3730 2653 3787 Caesar
2685 3732 2779 3787 lib.
2810 3729 2864 3801 v,
2890 3729 3046 3789 Cotta
3072 3741 3127 3787 et
3151 3732 3357 3789 Sabino
3387 3729 3718 3793 interfectis,

2114 3816 2175 3874 se
2196 3817 2319 3857 cum
2347 3801 2671 3874 Ambiorige
2696 3803 3045 3874 coniunxisse
3071 3805 3166 3860 ait.
3203 3803 3370 3859 ann.
3403 3833 3473 3843 —
3502 3801 3719 3856 Αωαεὶ-

2114 3872 2190 3999 iis
2234 3888 2453 4000 (ἆιιιέιιιῗ
2498 3872 2682 3931 inveni
2732 3872 3097 3934 in'Florentt.
3150 3875 3364 3932 duobus
3390 3884 3445 3930 et
3475 3881 3715 3946 quatuor

2162 3960 2230 4000 ua
2275 3984 2289 3999 .
2365 3959 2463 4000 at.

2162 3953 2289 4001 uad.
2321 3953 2463 4001 Ball.

2185 3961 2636 4074 Eud'lxdilrorunt.
2662 4018 2911 4075 Floreat.
2944 4032 3027 4088 pr.
3061 4026 3116 4074 et
3154 4027 3311 4088 tert.,
3342 4016 3715 4073 Treverorum.

2187 4089 2242 4144 5.
2282 4087 2435 4159 Apud
2486 4089 2773 4146 Eburones.
2821 4087 2997 4163 Lugd.
3054 4090 3196 4147 Batt.
3239 4098 3513 4164 quatuor,
3567 4088 3718 4159 apud

2117 4158 2421 4216 Eburonas.

2205 4176 2399 4215 uronas
2407 4201 2421 4216 ο

2186 4231 2240 4305 6.
2284 4220 2766 4305 Ευηίᾶἱιιιδὼιιεᾱ.
2801 4234 2923 4305 But.
2959 4243 3140 4305 quart.
3175 4235 3350 4290 simul.

2187 4304 2242 4361 7.
2284 4303 2365 4357 Ad
2387 4301 2706 4359 Ciceronem:
2735 4305 2800 4371 Q.
2822 4301 3057 4360 Tullium
3081 4304 3379 4361 Ciceronem
3407 4303 3571 4360 Marci
3606 4302 3720 4358 fra-

2112 4382 2277 4448 trem,
2304 4374 2823 4448 Cmsarislegatum,
2841 4376 3135 4434 Cmsartib.
3165 4394 3221 4445 v,
3239 4379 3336 4432 Dio
3356 4377 3556 4433 lib.xt..
3582 4374 3717 4431 Fas.

2184 4447 2241 4518 8.
2287 4446 2442 4518 Quia.
2474 4446 2570 4501 Ed.
2605 4446 2719 4518 pr.,
2749 4448 2911 4516 quod.

2182 4517 2237 4573 9.
2287 4515 2498 4590 Vallum
2545 4515 2730 4590 pedum
2758 4515 2959 4575 decem.
3012 4520 3219 4587 Caesar,
3275 4519 3398 4590 ped.
3441 4535 3497 4575 tu
3527 4517 3722 4573 habet.

2113 4590 2187 4644 Ex
2219 4603 2285 4644 eo
2314 4588 2457 4664 quod
2490 4588 2754 4664 sequitur,
2788 4608 2881 4664 per
2909 4593 3079 4664 millia
3107 4588 3719 4664 passuumquindecim,

2111 4661 2462 4735 cognoscitur
2504 4661 2878 4735 quomodo'sit
2907 4661 3200 4733 legendum
3232 4662 3382 4735 apud
3404 4661 3714 4735 Caesarem,

2113 4733 2204 4787 ubi
2249 4731 2470 4803 quidam
2504 4730 2630 4788 libri
2658 4749 2725 4788 xv
2747 4775 2763 4799 ,
2795 4730 2988 4790 caeteri
3024 4751 3088 4801 x,
3124 4730 3293 4790 millid
3339 4748 3588 4803 passuum
3619 4732 3722 4787 ha-

2114 4803 2266 4869 bent,
2299 4804 2351 4873 in
2381 4818 2485 4873 qua
2507 4804 2777 4860 varietate
2807 4804 2980 4862 haeret
3010 4806 3335 4863 Glareanus.
3370 4805 3535 4862 Fsun.

2116 4945 2163 5002 Α
2188 4872 2421 5002 10.8.Ρεν
2446 4873 2613 4930 millia
2657 4893 2908 4947 passuum
2934 4878 3250 4949 quindecim.
3287 4877 3499 4933 Absunt
3526 4875 3595 4957 ab
3622 4875 3717 4931 ed.

2169 4962 2271 5002 utzu
2331 4986 2344 5002 .

2169 4956 2344 5003 naust.
3584 4952 3593 4957 ’

2189 4963 2395 5093 Ῥῇεᾋᾳ
2424 5028 2621 5075 ventus.
2653 5019 2827 5093 Lugd.
2860 5018 2981 5078 Bal.
3011 5031 3215 5093 quart.,
3248 5037 3367 5075 cum
3395 5029 3597 5093 ventus.

2190 5091 2281 5146 12.
2326 5088 2761 5165 ιιίαηιηιαιαᾳιιεξ
2793 5091 2964 5165 Lugd.
2996 5088 3120 5150 Hat.
3162 5102 3338 5167 quart.
3367 5133 3386 5162 ,
3416 5092 3720 5164 inﬂamma-

2118 5172 2291 5233 taque.

2119 5234 2281 5361 Batti.
2307 5232 2491 5360 ὦπα.
2519 5233 2760 5291 Floreat.
2789 5250 2873 5307 pr.
2905 5245 2960 5293 et
2983 5245 3140 5305 tert.,
3173 5251 3298 5294 cum
3328 5235 3505 5292 tribus
3536 5232 3712 5305 Lugd.

2228 5346 2267 5361 ..
2300 5322 2317 5359 1
2379 5322 2406 5359 r
2445 5344 2459 5359 .

2168 5316 2267 5371 at.,
2300 5314 2459 5360 intro.

2194 5378 2283 5449 14.
2325 5374 2433 5449 Per
2457 5378 2707 5449 culmina.
2736 5377 2960 5437 Roberti
2987 5380 3128 5438 liber
3158 5380 3344 5449 habet,
3385 5395 3477 5449 per
3504 5377 3713 5433 culmen

2121 5447 2372 5503 culmina.
2392 5448 2472 5503 Tu
2492 5448 2609 5521 lege
2629 5447 2925 5508 Ctesarem.
2953 5451 3121 5509 Fsen.
3148 5483 3221 5496 —-
3250 5447 3421 5521 Lugd.
3454 5448 3714 5521 Bat.,_tres

2121 5535 2212 5592 per
2236 5529 2418 5574 cuncta
2448 5518 2700 5589 culmina,
2736 5522 3014 5579 invenitur
3038 5534 3223 5580 cuncta
3254 5518 3469 5596 quoque
3488 5522 3540 5576 in
3570 5518 3711 5576 Ultr.

2122 5599 2178 5647 et
2204 5591 2344 5647 Coll.
2377 5590 2621 5648 Gronov.

2329 5630 2344 5647 ο
2377 5608 2621 5647 ωὀηον.

2196 5662 2285 5717 15.
2331 5663 2415 5739 [γε
2443 5664 2517 5717 sic
2535 5663 2764 5739 quidem.
2796 5665 2967 5739 Lugd.
2993 5665 3111 5723 Bal.
3146 5675 3323 5739 quart.
3354 5674 3408 5723 ct
3439 5663 3569 5721 edd.
3591 5663 3715 5735 qui-

2124 5733 2260 5806 dam,
2280 5734 2486 5806 malunt
2513 5733 2603 5806 nec
2629 5735 2703 5792 sic
2726 5733 2958 5806 quidem.
3054 5765 3057 5767 >

2198 5805 2288 5862 16.
2328 5805 2457 5863 Cum
2486 5805 2689 5865 duabus
2716 5805 3021 5883 legionibus.
3056 5810 3334 5899 Plutarch.
3365 5809 3558 5868 scribit
3593 5806 3714 5866 Cte-
