4096 6350
273 342 413 398 1017

1329 344 1803 404 IIISTOIlIARUM
1845 347 2044 404 LIBER
2086 347 2172 405 νι.
2215 349 2370 406 CAP.
2413 349 2481 408 Χ.

3425 360 3566 416 1018

270 457 487 513 Cmsarc
513 500 527 524 ,
559 459 599 490 ¹⁷
630 457 889 514 deserunt
944 458 1131 514 hostes
1185 459 1527 515 obsidionem
1549 507 1562 528 ,
1597 471 1758 534 alque
1813 465 1864 520 in
1899 469 1942 528 Α
1971 481 2077 536 quc
2115 477 2240 521 ante
2279 476 2522 522 exactam
2566 466 2801 525 hiemem
2845 478 2957 527 tres
2986 471 3052 528 ad
3084 489 3208 530 cum
3241 473 3482 544 legiones
3513 477 3566 532 in

270 567 397 606 eum
413 551 621 618 cuncti,
649 554 818 621 raptis
830 553 1026 623 copiis,
1044 562 1225 608 ruunt.
1244 553 1427 609 C:t)5:tt‘
1450 557 1784 625 parvissimis
1803 571 1863 612 se

271 643 471 698 castris
501 644 544 678 ³⁸
564 644 816 699 consulto
844 644 1112 711 condidit,
1136 647 1518 716 equitibusque
1541 648 1860 716 prmmissis,

271 745 328 789 nt
361 733 540 807 fugam
569 735 838 807 (ingerent
859 736 1176 808 imperavit,
1210 751 1268 792 ut
1299 739 1364 793 ad
1396 741 1682 796 transitum
1705 741 1864 796 vallis

266 844 389 900 qure
412 828 592 884 media
615 839 758 897 erat,
781 829 994 902 sibique
1013 833 1323 902 periculosa
1353 833 1658 901 videbatur,
1683 837 1864 891 hostes

268 931 588 992 contemptu
608 925 692 979 sui
716 924 991 980 invitaret.
1020 925 1227 994 Quibus
1257 925 1677 984 adventantibus
1716 929 1867 985 insu-

267 1028 369 1090 per
403 1015 614 1071 obstrui
661 1025 844 1087 portas
878 1019 1162 1089 praecepit.
1202 1018 1322 1087 Quo
1358 1021 1477 1074 viso
1507 1020 1677 1088 Galli,
1710 1023 1863 1091 quasi

262 1106 376 1176 jam
398 1108 683 1176 vicissent,
711 1109 751 1142 ¹⁹
773 1107 839 1164 ad
870 1109 1256 1166 obducendum
1279 1110 1637 1176 extrinsecus,
1665 1113 1863 1170 vallum

264 1203 431 1276 399
453 1205 695 1260 conversi
726 1215 868 1259 sunt.
898 1205 1079 1260 Caesar
1105 1204 1232 1261 totis
1257 1214 1480 1276 repente
1508 1208 1678 1276 portis
1707 1222 1865 1277 para-

263 1309 378 1356 tum
424 1299 612 1355 ell‘udit
663 1301 978 1368 exercitum,
1021 1315 1320 1370 versosque
1358 1301 1412 1356 in
1459 1300 1638 1372 fugam
1679 1301 1865 1357 Gallos

261 1393 566 1448 vastissima
613 1393 764 1450 caede
809 1391 1064 1452 confecit.
1104 1393 1150 1424 ¹⁰
1187 1392 1320 1448 Nam
1368 1395 1646 1464 sexaginta
1693 1393 1862 1448 millia

264 1496 391 1542 tunc
429 1485 598 1542 fuisse
635 1485 974 1553 referuntur;
1006 1504 1037 1543 e
1073 1487 1269 1558 quibus
1311 1489 1464 1558 pauci
1507 1502 1602 1558 per
1641 1487 1864 1558 paludes

260 1579 436 1635 invias
461 1589 768 1636 evaserunt.
803 1580 845 1610 ²¹
879 1579 1298 1645 Indutiomarus,
1328 1580 1678 1636 Trevirorum
1709 1581 1862 1652 prin-

259 1685 408 1741 ceps,
453 1687 672 1742 magnas
709 1681 1043 1728 armatorum
1084 1674 1268 1742 copias
1308 1673 1538 1744 habens,
1582 1682 1862 1744 postquam

258 1765 326 1820 de
346 1779 621 1821 consensu
641 1765 830 1822 Galliae
851 1769 1011 1823 totius
1031 1768 1234 1823 certior
1253 1767 1497 1824 redditus
1515 1778 1619 1836 est,
1641 1766 1861 1822 Labieni

1966 573 2146 615 castra
2175 571 2458 616 venerunt.
2495 563 2658 632 Igitur
2682 562 2885 631 Caesar,
2917 567 3063 636 prius
3102 583 3262 638 quam
3304 570 3356 624 in
3399 585 3565 626 unum

1969 655 2202 711 hostium
2229 657 2399 727 copiae
2420 656 2652 725 coirent,
2681 660 2905 716 ineunte
2932 677 3059 717 vere
3079 662 3296 734 aggredi
3325 663 3568 734 trepidos

1967 758 2020 805 ct
2050 749 2361 820 opprimere
2389 765 2607 820 Sparsos
2639 752 2692 808 in
2721 757 2836 810 suis
2868 754 3066 810 finibus
3107 763 3283 826 parat.
3327 755 3566 812 Primum

1967 842 2145 916 itaque
2185 845 2504 903 Nerviorum
2549 846 2682 903 lines
2722 848 2950 918 diripit:
2992 850 3228 919 praedam
3259 865 3410 917 vero,
3445 865 3567 921 qua:

1965 938 2338 1007 copiosissima
2363 951 2500 1007 erat,
2533 942 2796 998 exercitui
2831 944 3117 1014 permittit.
3156 944 3361 1001 Deinde
3386 947 3568 1003 Mena-

1969 1032 2106 1101 pios,
2138 1031 2228 1102 qui
2257 1032 2359 1088 sibi
2391 1042 2614 1105 propter
2641 1035 2933 1090 immensas
2962 1036 3186 1106 paludes
3209 1047 3370 1108 atque
3396 1039 3568 1110 impe-

1966 1122 2264 1178 ditissimas
2303 1125 2467 1180 silvas
2509 1126 2856 1182 munitissimi
2899 1127 3240 1196 videbantur,
3273 1129 3446 1185 tribus
3475 1144 3568 1201 ag-

1969 1219 2205 1274 minibus
2237 1219 2446 1276 invadit
2481 1237 2495 1276 :
2535 1219 2701 1293 400
2739 1221 3014 1291 nimiaque
3051 1223 3200 1278 caede
3242 1224 3402 1294 vulgo
3450 1223 3568 1294 agi-

1968 1319 2111 1379 tata,
2152 1311 2402 1370 residuos
2439 1315 2712 1384 supplices
2759 1318 2812 1371 in
2863 1316 3193 1373 deditionem
3241 1317 3288 1350 ³⁸
3337 1318 3562 1390 recepit.

1967 1406 2237 1463 Labienus
2276 1408 2524 1478 sequenti
2566 1408 2751 1480 przclio
2777 1425 2970 1467 omnes
2998 1412 3346 1468 Trevirorum
3375 1413 3564 1481 copias

1966 1501 2011 1532 ’⁷
2039 1501 2326 1567 interfecit,
2355 1503 2401 1535 ³⁸
2420 1515 2537 1560 arte
2558 1501 2611 1558 in
2641 1504 2840 1559 bellum
2865 1515 3200 1575 provocatus,
3233 1507 3381 1577 prius
3403 1520 3564 1578 quam

1967 1592 2250 1650 Germanis
2307 1595 2724 1652 adventantibus
2775 1597 3172 1668 jungcrentur,
3212 1607 3270 1654 et
3307 1600 3567 1654 continuo

1967 1687 2135 1757 ipsam
2158 1686 2433 1743 civitatem
2450 1690 2493 1721 ἐ’
2514 1689 2680 1759 capit.
2707 1688 2892 1746 Ctesar
2915 1691 3102 1746 ulcisci
3127 1699 3356 1747 mortem
3379 1689 3566 1747 Sabini

1966 1789 2019 1834 et
2044 1777 2214 1836 Cotue
2237 1781 2535 1852 legatorum
2565 1784 2773 1847 volens.
2803 1783 2848 1814 ³⁰
2874 1784 3243 1856 Ambiorigem
3271 1795 3327 1841 et
3358 1785 3568 1841 Eburo-

256 1869 461 1928 castra,
493 1860 891 1932 legionemque,
931 1863 975 1894 ²²
1014 1862 1101 1917 cui
1141 1863 1187 1917 is
1226 1871 1481 1933 princ-rat,
1520 1861 1661 1932 quod
1703 1860 1857 1916 facile

1963 1889 2084 1941 nes,
2111 1873 2306 1930 deleta:
2334 1876 2565 1946 legionis
2587 1888 2865 1946 auctores,
2899 1877 2942 1910 ³¹
2978 1887 3263 1950 postquam
3293 1878 3346 1934 in
3389 1878 3567 1934 Ardu-

259 1955 402 2010 factu
433 1955 820 2023 arbitrabatur,
853 1956 1034 2011 delere
1062 1957 1288 2011 statuit:
1319 1969 1380 2011 ac
1408 1954 1605 2011 deinde
1648 1955 1855 2010 Eburo-

259 2047 424 2104 nibus
450 2047 767 2119 Nerviisque
795 2051 1142 2119 eonjunctus,
1181 2050 1247 2106 ad
1285 2049 1699 2122 opprimendum
1739 2048 1857 2103 Cac-

255 2155 439 2195 sarem
487 2155 732 2212 pergere.
787 2140 1083 2210 Labienus,
1136 2143 1332 2214 quibus
1380 2151 1557 2214 potest
1606 2143 1853 2209 artibus,

251 2233 477 2289 simulat
514 2235 787 2302 timorem,
827 2245 990 2307 atque
1019 2236 1065 2268 ²³
1104 2236 1176 2291 ita
1215 2236 1639 2292 Indutiomarum
1680 2235 1854 2306 negli-

251 2329 554 2398 gentiorem
581 2345 705 2386 cum
737 2331 1126 2387 insultantibus
1163 2331 1334 2402 copiis
1374 2347 1471 2403 pro
1510 2333 1654 2388 vallo
1691 2333 1854 2388 ober-

251 2434 490 2490 rantem,
521 2424 567 2455 ”
609 2427 892 2497 repentina
931 2427 1232 2499 irruptione
1272 2431 1584 2498 prostravit.
1628 2429 1736 2484 Ilac
1775 2429 1856 2484 vi-

251 2520 428 2574 ctoria
479 2519 728 2588 Labieni,
777 2522 974 2593 reliqui
1021 2523 1296 2579 Gallorum
1349 2535 1574 2580 conatus
1619 2527 1852 2594 repressi

251 2624 406 2682 sunt,
436 2626 491 2669 et
525 2613 708 2670 Gmsar
746 2617 910 2687 paulo
947 2617 1183 2688 quietior
1223 2619 1427 2688 reliqua
1467 2628 1622 2688 parte
1663 2619 1855 2674 hiemis

254 2707 381 2763 fuit.
429 2710 476 2740 ’⁵
515 2708 623 2765 Sed
665 2711 976 2781 intelligens
1013 2710 1115 2765 sibi
1156 2711 1360 2780 majora
1401 2711 1528 2767 belli
1565 2727 1854 2782 superesse

253 2801 500 2872 negotia,
516 2803 748 2858 maxime
770 2803 895 2874 quia
923 2803 1146 2874 plurima
1171 2814 1322 2874 parte
1338 2804 1611 2860 exercitus
1631 2807 1849 2874 amissa,

252 2896 488 2967 aliisque
517 2896 756 2968 graviter
786 2898 1006 2967 sauciis,
1037 2913 1105 2953 ne
1132 2899 1198 2953 ad
1229 2899 1605 2954 sustinendum
1635 2900 1853 2973 quidem

251 2992 358 3047 sibi
389 2991 639 3062 idoneus,
666 3009 772 3050 non
798 2993 973 3049 dicam
1001 2994 1066 3049 ad
1087 2996 1551 3066 comprimendqu
1574 2997 1854 3054 Gallorum

255 3084 522 3154 impetum
547 3086 846 3153 videretur,
877 3103 908 3142 a
935 3085 1036 3144 Cn.
1069 3087 1326 3160 Pompeio
1358 3092 1684 3162 proconsule
1724 3108 1856 3149 con-

253 3180 424 3237 scribi
459 3181 721 3253 legiones,
753 3182 966 3254 sibique
996 3183 1136 3240 mitti
1166 3183 1219 3240 iu
1251 3185 1511 3242 auxilium
1553 3187 1705 3258 petit.
1746 3186 1853 3243 Ita-

1955 1985 2152 2026 ennam
2180 1971 2370 2026 silvam
2399 1971 2442 2003 ”
2476 1973 2742 2043 refugisse
2765 1974 3056 2044 Comperit,
3089 1973 3136 2005 ⁸³
3165 1988 3288 2045 qum
3313 1971 3448 2029 silva
3483 1981 3566 2029 lo-

1957 2067 2062 2120 tius
2092 2063 2281 2120 Gallia:
2307 2065 2544 2120 maxima
2572 2074 2681 2132 est,
2709 2076 2871 2138 atque
2898 2081 2926 2120 a
2963 2067 3096 2137 ripis
3127 2066 3302 2122 Rheni
3341 2066 3567 2122 ﬁnibus-

1955 2174 2062 2229 que
2100 2158 2448 2214 Trevirorum
2488 2160 2554 2214 ad
2587 2159 2814 2215 Nervios
2844 2175 3013 2231 usque
3042 2161 3322 2230 pertingit,
3349 2169 3406 2215 et
3431 2157 3477 2190 “
3508 2161 3560 2215 in

1957 2251 2290 2322 longitudine
2316 2251 2440 2324 plus
2468 2267 2629 2323 quam
2660 2253 2950 2323 quingenta
2979 2251 3146 2308 millia
3173 2267 3428 2323 passuum
3462 2265 3561 2322 pa-

1958 2356 2054 2413 tet,
2089 2347 2426 2416 permetiens
2452 2361 2569 2403 rem
2597 2348 2642 2378 ³³
2673 2347 2787 2402 suis
2819 2347 3041 2402 maximi
3073 2346 3297 2417 periculi
3341 2346 3478 2411 fore,
3519 2345 3567 2403 si

1958 2456 2056 2512 per
2095 2439 2141 2472 ³⁸
2178 2441 2485 2496 obstructas
2526 2441 2906 2512 spatiosasque
2945 2441 3110 2496 silvas
3148 2441 3314 2512 ignoti
3355 2441 3564 2498 divide-

1957 2541 2183 2598 rentur,
2227 2531 2270 2564 ³⁷
2313 2531 2630 2602 hostemque
2668 2533 2805 2587 locis
2845 2533 3191 2587 notissinnun
3231 2542 3562 2602 quaererent,

1956 2640 2173 2682 omnem
2225 2624 2454 2681 Galliam
2510 2641 2608 2696 per
2659 2627 2876 2681 nuntios
2921 2625 3218 2692 “invitat,
3268 2633 3326 2679 ut
3363 2624 3565 2695 quique

1956 2719 2254 2776 secundum
2305 2719 2562 2790 placitum
2612 2735 2768 2775 suum
2819 2719 3126 2774 reconditas
3172 2718 3225 2774 in
3268 2719 3562 2774 Arduenna

1957 2817 2094 2871 silva
2123 2815 2334 2887 prmdas
2360 2824 2607 2886 quaerant
2641 2815 3023 2887 diripiautqne.
3059 2815 3176 2883 Quo
3217 2815 3358 2869 facto
3394 2812 3564 2868 Gallis

1959 2910 2230 2981 utrimque
2272 2909 2664 2972 morientibus.
2708 2908 2972 2964 maximas
3011 2909 3382 2964 Ronmnorum
3423 2907 3566 2977 inju-

1957 3003 2067 3058 rias
2095 3002 2210 3059 sine
2253 3005 2572 3074 cujusquam
2625 3003 2852 3058 Romani
2895 3001 3208 3057 discrimine
3247 3000 3561 3056 vindicavit.

1958 3095 2032 3152 Ita
2063 3096 2166 3151 hoc.
2199 3095 2472 3152 tutissimo
2499 3096 2542 3130 ’9
2576 3096 2822 3153 vincendi
2862 3111 3064 3167 genere
3103 3110 3327 3154 securus
3367 3095 3420 3150 in
3460 3093 3566 3150 Ita-

1959 3189 2086 3245 liam
2117 3189 2300 3246 rediit.

1549 3446 1997 3507 IIAVERCAMPI
2037 3448 2270 3508 NOTAE.

258 3667 438 3734 sarem
473 3662 582 3711 tum
615 3654 876 3714 habuisse
907 3658 1333 3734 ἑπτακισχιλίους
1375 3660 1498 3723 τοὺς
1526 3660 1852 3732 σύμπαντας.

1962 3660 2158 3734 ptioue,
2177 3660 2425 3734 legatur.
2454 3661 2619 3717 Fann.

259 3726 430 3782 Faue.

334 3802 421 3853 17.
458 3798 739 3874 Deseruut.
766 3801 866 3858 Ed.
895 3819 1005 3874 pr.,
1029 3804 1389 3873 deseruerunt,
1415 3813 1470 3858 et
1489 3803 1632 3858 illam
1658 3811 1859 3860 secuta:

257 3869 509 3932 Venetae.
543 3873 830 3930 deseruere.

329 3944 424 4069 (1’8.
466 3942 736 4002 Consulto.
790 3948 843 4002 iu
874 3961 1049 4019 marg.
1103 3947 1278 4020 Lugd.
1307 3947 1425 4002 Bat.
1468 3961 1613 4014 sec.,
1647 3947 1727 4002 vel
1769 3963 1858 4002 oc—

371 4030 422 4068 o.

256 4025 422 4069 culto.

336 4087 426 4146 I9.
469 4088 550 4142 Ad
571 4089 929 4145 abducendum
955 4091 1273 4146 extrinsecus
1293 4092 1509 4146 vallum.
1532 4089 1614 4146 Cl.
1642 4089 1860 4146 Ouden-

257 4159 486 4234 dorpius
509 4160 579 4234 ad
597 4160 844 4234 Frontin.
871 4178 922 4232 p.
939 4162 1045 4218 597
1072 4165 1199 4234 legit
1225 4163 1290 4218 ad
1315 4164 1697 4228 abducendum,
1731 4164 1857 4231 quia

259 4229 518 4304 videlicet
549 4233 622 4286 ibi
668 4233 768 4288 lib.
812 4229 885 4289 ut
911 4229 1147 4304 Stratag'.
1180 4252 1300 4300 cap.
1335 4238 1460 4294 H7.
1494 4237 1544 4288 in
1597 4229 1860 4290 Frontino

260 4302 493 4379 legitur.
544 4314 589 4358 et
618 4306 810 4360 vallum
839 4302 1411 4379 detralterecaeperuut.
1444 4307 1550 4362 Sed
1585 4322 1707 4360 cum
1742 4321 1860 4379 om-

260 4376 412 4450 nium
443 4391 574 4450 inss.
595 4378 1045 4450 constanslectio
1065 4376 1316 4433 obducere
1343 4380 1620 4450 pra‘ferat,
1652 4395 1757 4433 non
1787 4377 1859 4432 de

258 4446 407 4520 vallo
441 4445 820 4520 Ilomanorum
865 4449 1009 4520 loqui
1047 4451 1300 4506 existimo
1343 4445 1620 4516 Orosium,
1667 4450 1760 4504 sed
1790 4451 1859 4505 de

259 4517 409 4572 vallo
429 4517 730 4592 G_allorum,
756 4538 866 4592 quo
895 4517 1172 4590 incingere
1201 4523 1433 4579 Caesaris
1463 4534 1638 4577 castra
1671 4523 1861 4576 volue-

263 4598 412 4645 runt.
445 4588 718 4646 Fecerunt
748 4588 966 4648 scilicet
1013 4588 1067 4648 in
1102 4595 1384 4650 obsidione
1411 4603 1710 4650 castrorum
1743 4593 1860 4648 Ca:-

260 4661 401 4715 saris
429 4661 602 4735 idem,
649 4665 792 4735 quod
841 4663 1088 4722 fecerant
1117 4666 1169 4720 in
1199 4666 1515 4721 obsidendis
1546 4666 1741 4720 castris
1771 4664 1862 4720 Ci-

260 4732 503 4798 ceronis,
524 4735 640 4798 ubi,
663 4732 844 4791 cdocti
865 4753 894 4792 a
921 4736 1174 4804 captivis,
1199 4739 1250 4792 in
1275 4738 1544 4792 obsidione
1571 4746 1859 4791 castrorum

261 4805 694 4879 circumdandum
719 4825 852 4876 esse,
878 4810 1076 4879 gladiis
1104 4809 1418 4864 cll'oderttnt
1455 4819 1656 4864 terram
1685 4819 1739 4864 ct
1768 4822 1858 4862 sa-

257 4875 404 4950 gulis
448 4886 830 4948 exportarunt.
859 4875 1012 4948 Quod
1057 4896 1178 4935 cum
1217 4882 1378 4950 paqu
1423 4889 1551 4935 ante
1594 4880 1697 4934 hoc
1741 4879 1860 4946 ipso

258 4948 825 5023 capiteprmcesserit,
853 4952 1103 5008 similiter
1125 4954 1191 5008 de
1214 4948 1623 5023 oppugnatione
1651 4963 1860 5023 casti-oo

2035 3732 2127 3788 25.
2162 3728 2269 3788 Sed
2297 3733 2612 3803 intelligens.
2638 3732 2768 3800 Quze
2795 3731 3250 3803 deincepsusque
3290 3728 3563 3803 adﬁnem

1964 3804 2159 3874 capitis
2200 3800 2526 3873 sequuntur,
2570 3820 2632 3860 ea
2681 3812 2807 3858 sunt
2855 3802 2996 3874 apud
3048 3802 3320 3856 Caesarem
3366 3800 3459 3856 lib.
3510 3815 3565 3856 γι

1963 3873 2145 3940 C0m.,
2181 3885 2232 3930 et
2269 3876 2495 3931 Dionem
2529 3877 2620 3932 lib.
2652 3894 2740 3931 ιιι..
2774 3873 2938 3930 ιω.

2032 3946 2128 4003 26.
2163 3947 2394 4016 Recepit.
2424 3948 2594 4017 Lttgd.
2624 3949 2766 4004 Batt.
2794 3957 2925 4011 tres,
2957 3945 3162 4014 recipit.

2033 4018 2126 4074 27.
2159 4017 2446 4088 Inter-fecit.
2478 4015 2649 4088 Lugd.
2680 4020 2799 4075 Bat.
2831 4027 3038 4089 quart.,
3076 4015 3340 4084 interﬁcit.

2032 4091 2124 4162 28.
2152 4091 2294 4149 Arte.
2326 4090 2500 4161 Lugd.
2533 4091 2669 4162 Batt.
2704 4107 2784 4162 pr.
2815 4100 2868 4144 et
2899 4098 3050 4162 tert.,
3083 4097 3220 4142 ante.

2032 4161 2125 4216 9.9.
2160 4161 2334 4231 Capit.
2363 4157 2490 4218 llIss.
2526 4157 2717 4225 iidem,
2739 4163 2894 4233 cepit.
2927 4157 3044 4216 Mos
3077 4168 3364 4233 protractus
3390 4157 3562 4230 Lugd.

1965 4232 2089 4305 Bat.
2117 4245 2320 4305 quart.,
2355 4250 2453 4301 pro
2476 4244 2803 4304 provocatus.

2034 4302 2519 4378 50.’Ambiorigem,
2545 4317 2652 4363 etc.
2679 4305 2870 4376 Vulgg.
2903 4306 3110 4378 legunt,
3141 4304 3195 4378 in
3223 4302 3568 4374 Ambiorigem

1961 4387 2008 4433 et
2043 4377 2328 4432 Eburones.
2355 4375 2460 4432 Sed
2491 4379 2540 4431 in
2571 4378 2736 4433 nullis
2780 4375 2914 4435 tusc.
2960 4375 3090 4431 illud
3137 4376 3189 4428 in
3237 4386 3518 4444 comparet
3548 4390 3564 4438 ;

1963 4448 2267 4518 repudiavit
2302 4464 2520 4520 quoque
2547 4451 2636 4504 ed.
2662 4450 2895 4518 Augttst.
2937 4463 3056 4519 quae
3099 4445 3334 4520 fideliter
3371 4461 3436 4500 ex
3463 4462 3568 4501 nis.

1963 4517 2457 4592 optinmgexpressa
2489 4531 2593 4588 est,
2627 4517 2798 4590 quare
2827 4517 3080 4592 exsulare
3101 4517 3258 4592 jussi.

2035 4594 2122 4648 51.
2160 4588 2464 4662 Postquam.
2499 4593 2616 4648 Non
2647 4588 2920 4649 invenitur
2966 4593 3020 4646 in
3064 4589 3235 4662 Lugd.
3280 4588 3420 4644 Batt.
3454 4605 3564 4660 pr.,

1964 4675 2088 4721 tert.
2124 4673 2177 4718 ct
2199 4663 2339 4720 Coll.
2373 4664 2542 4720 Gron.

2033 4736 2124 4792 39..
2156 4735 2448 4806 Refugissc.
2480 4736 2653 4808 Lugd.
2685 4737 2801 4792 Bat.
2826 4743 3030 4807 quart.,
3061 4733 3435 4807 transfugisse;
3467 4732 3567 4787 Ed.

1961 4807 2193 4877 August.
2207 4852 2221 4874 ,
2254 4808 2466 4878 fugisse.

2036 4874 2125 4935 E75.
2162 4874 2291 4945 Qua:
2315 4874 2470 4933 silva.
2505 4878 2780 4934 Posterior
2804 4893 2931 4938 vox.
2965 4889 3020 4934 ut
3048 4877 3280 4943 inutilis,
3322 4893 3351 4932 a
3393 4874 3566 4945 Lugd.

1965 4951 2107 5006 Batt.
2141 4964 2223 5022 pr.
2255 4960 2309 5022 et
2340 4952 2500 5005 tertio
2532 4960 2693 5022 atque
2723 4949 2866 5006 (Ioll'.
2895 4951 3094 5020 Gron.,
3125 4951 3300 5006 abest.

259 5017 656 5114 rnm'Caesaris.
671 5025 787 5093 capi
817 5025 1008 5114 debet}
1043 5033 1210 5114 atque
1251 5017 1332 5080 sic
1363 5017 1549 5114 Gallcli‘s
1587 5023 1654 5077 ad
1677 5022 1855 5104 obdu-
1887 5053 1942 5114 Β
2034 5017 2231 5114 εξᾘΙη
2261 5017 2620 5094 longitudine.
2636 5023 2729 5078 Sic
2759 5036 2927 5085 mss.;
2961 5026 3014 5078 in
3038 5017 3409 5094 longitudinem
3439 5017 3563 5074 edd.

258 5089 494 5167 cendum
520 5089 861 5167 extrinsecus
893 5089 1092 5150 vallum
1121 5089 1253 5167 '(quo
1283 5105 1462 5153 castra
1493 5093 1727 5151 Ctnsaris
1767 5094 1854 5148 in-

258 5161 567 5239 cluderent,
604 5165 816 5238 ipsique
840 5168 1048 5224 abitum
1085 5161 1514 5239 przecluderent)
1535 5179 1856 5233 conversos,

260 5234 440 5306 subita
467 5234 755 5306 eruptione
780 5240 909 5294 vicit
935 5251 988 5296 et
1018 5234 1224 5296 delevit
1249 5241 1454 5296 Caesar.

455 5305 593 5382 Illam
618 5313 887 5382 sexaginta
913 5311 1098 5367 millia.
1136 5312 1288 5368 Hunc
1321 5325 1607 5368 numerum
1636 5324 1858 5382 eorum,

258 5379 446 5458 qui-‘Q.
475 5379 760 5458 Cicelunis
779 5391 958 5458 castra
988 5385 1342 5458 obsederunt,
1377 5386 1489 5440 edit
1519 5386 1681 5439 etiam
1714 5381 1856 5458 Plut.

260 5449 314 5503 in
335 5449 570 5527 Qtesare.
596 5451 764 5527 Enn.
786 5486 856 5496 —
877 5455 1046 5527 Lugd.
1074 5455 1190 5510 Bat.
1217 5471 1299 5527 pr.
1323 5465 1378 5512 et
1399 5465 1551 5518 tert..
1576 5471 1643 5509 χι.
1667 5454 1857 5508 millia.

459 5521 869 5606 ‘I‘ndutiontnrus.
899 5521 1317 5606 .IvgougtéyotéOﬁ
1349 5529 1477 5606 Dio._
1503 5527 1671 5606 ῐθᾼιιιι.

330 5593 422 5669 2-2.
453 5594 550 5669 Qui
571 5596 615 5650 is
659 5608 899 5669 prwerat.
951 5593 1178 5657 Mediam
1206 5593 1414 5655 'vocem
1460 5600 1504 5654 is
1533 5600 1717 5654 delent
1747 5605 1856 5653 tres

260 5662 432 5728 Lugd.
466 5667 608 5722 Batt.
634 5662 756 5724 eum
785 5670 923 5727 Ultr.
952 5684 1005 5729 et
1031 5673 1169 5727 Coll.
1205 5672 1443 5727 Gronov.

330 5735 418 5816 ἓξ».
452 5736 559 5816 I_la.
595 5741 765 5816 Abest
793 5745 862 5800 ab
887 5745 1018 5800 edit.
1048 5746 1276 5816 August.

329 5807 422 5864 Ἃ.
459 5811 743 5888 llepentina
760 5817 1029 5888 eruptione
1054 5807 1355 5886 provstrartt.
1381 5813 1688 5888 Erupttoue,
1711 5821 1860 5888 recte

259 5894 477 5952 ψιθίιιιθ
508 5885 644 5940 1WD-
697 5899 820 5942 Ctlm
854 5885 1135 5960 'Vngoin
1186 5889 1468 5960 impressis
1496 5885 1672 5955 male,
1720 5887 1861 5940 irru-

2005 5093 2234 5147 taedam.

1964 5111 2288 5239 q'lgz‘i‘iagluis
2320 5167 2533 5222 maximi
2563 5165 2804 5239 periculi.
2837 5164 3001 5239 Editi,
3035 5166 3119 5220 sui
3149 5164 3392 5224 maxime,
3419 5160 3567 5239 quod

1963 5237 2186 5295 nollem.
2239 5235 2411 5292 Laur.
2454 5269 2526 5281 -—
2564 5234 2895 5294 Emendatio
2929 5239 3046 5294 haec
3099 5251 3231 5292 mss.
3289 5234 3565 5300 omnibus,

1965 5318 2116 5382 certe
2143 5307 2391 5382 plurimis
2420 5311 2773 5382 approbatur.

2038 5375 2504 5455 56.'(_)bstructas.'
2525 5383 2692 5455 Lugd.
2728 5382 2844 5438 Bat.
2875 5389 3080 5454 quart.,
3109 5378 3396 5444 obstrusas,
3423 5375 3573 5448 quod

1964 5463 2020 5512 et
2041 5455 2094 5508 in
2124 5452 2214 5524 ed.
2239 5454 2380 5524 Aug.
2413 5452 2614 5510 inveni.

2035 5528 2123 5583 '57.
2152 5519 2464 5597 Ilostemque
2487 5528 2615 5581 locis
2639 5526 2982 5581 notissimum.
3006 5523 3063 5580 ιιι
3087 5521 3310 5578 Roberti
3336 5519 3431 5577 lib.
3458 5528 3564 5586 est,

1963 5598 2261 5668 hostemque
2282 5598 2381 5652 loci
2404 5600 2794 5668 gnarissimum.
2826 5597 2991 5652 Fauu.

2034 5613 2174 5653 stem:
2197 5614 2261 5651 ue
2282 5613 2380 5652 toc:
2404 5615 2794 5666 quartssunum.
2827 5613 2854 5652 ι⁴
2872 5613 2991 5651 anu.

2034 5672 2124 5726 58.
2159 5613 2375 5724 Invitat.
2404 5657 2574 5740 Lugd.
2608 5669 2729 5726 Bat.
2750 5677 2956 5737 quart.,
2982 5666 3234 5724 invitavit.
3261 5664 3337 5720 uti
3358 5664 3568 5735 quique.

2036 5741 2413 5815 59.~Vincendi
2442 5739 2642 5815 genere.
2676 5739 2846 5815 Lugd.
2883 5740 3024 5795 Batt.
3059 5754 3143 5810 pr.
3186 5748 3236 5795 et
3262 5744 3417 5806 tert.,
3445 5749 3568 5790 cum

1964 5815 2102 5872 Coll.
2130 5813 2396 5884 Gronov.,
2427 5813 2725 5871 vindicandi
2755 5827 2955 5886 genere.
