4060 6344
506 306 646 368 1025

1897 302 2104 363 PAULI
2142 300 2369 363 OROSII

3671 298 3805 357 ςωι

502 431 661 495 perto
686 420 918 479 Romani
948 421 1016 478 ad
1049 420 1370 479 insidiarum
1396 420 1575 479 locum
1598 421 1849 480 instructi
1880 423 2102 482 ordina—
2130 422 2178 481 A
2208 429 2382 492 parte,
2411 427 2467 477 et
2504 416 2739 476 Caninio
2769 418 2812 451 ³²
2846 433 2914 475 ex
2942 418 3110 474 altera
3151 415 3459 485 insistente,
3494 416 3733 474 maxime
3756 425 3814 475 et

509 516 659 585 tique
681 516 984 586 venissent,
1005 516 1300 573 commisso
1322 515 1536 587 praelia,
1563 513 1798 572 Romani
1817 515 2003 573 Gallos
2031 516 2110 574 fu-

502 611 717 684 gientes
743 609 955 666 eisdem
985 608 1232 666 locorqu
1265 608 1683 679 munitionibus,
1714 609 1911 682 quibus
1935 610 2105 668 clausi

505 707 756 772 fuerant,
801 702 1171 771 incluserunt,
1212 712 1549 775 cunctosque
1579 702 1647 760 ad
1673 703 2105 762 internecionem

506 797 854 855 ceciderunt.
928 796 1009 853 ibi
1072 795 1311 854 Correus
1380 796 1564 869 fugam
1625 798 1710 854 vel
1773 797 2108 856 deditionem

505 892 854 960 detrectans,
886 890 933 924 ”
962 890 1240 947 Romanos
1260 931 1278 959 ,
1310 900 1370 948 ut
1397 891 1552 947 vivus
1579 899 1868 963 caperetur
1894 891 2106 948 instan-

506 996 615 1056 tes,
662 984 990 1054 occidendo,
1037 993 1097 1040 ut
1146 984 1515 1051 occideretur,
1563 984 1760 1057 coegit.
1787 984 1957 1056 Igitur
1983 1000 2106 1042 cum

504 1086 751 1152 pacatam
776 1092 898 1134 esse
928 1078 1240 1135 universam
1268 1077 1501 1135 Galliam
1524 1074 1730 1143 Caesar,
1747 1074 1914 1151 ωε
1933 1093 2110 1149 neque

506 1188 764 1230 ausuram
801 1172 922 1231 fore
947 1174 994 1206 ³⁸
1027 1173 1095 1229 ad
1136 1174 1352 1245 aliquos
1385 1172 1629 1243 aspirare
1659 1180 1841 1227 motus
1870 1171 2110 1228 arbitra-

505 1276 682 1337 retur,
708 1265 953 1339 legiines
981 1268 1037 1324 in
1065 1267 1308 1340 hyberna
1338 1266 1386 1298 “
1415 1263 1625 1321 dimisit
1659 1281 1673 1320 :
1708 1265 1753 1297 ’τ
1786 1264 1901 1336 ipse
1925 1273 2109 1322 autem

507 1363 844 1436 Ambiorigis
873 1363 1031 1430 liiies,
1054 1363 1148 1436 qui
1176 1371 1259 1418 tot
1279 1361 1419 1419 bella
1446 1360 1807 1430 excitaverat,
1836 1359 2110 1418 horrenda

468 1516 473 1525 ,
509 1459 791 1516 hominum
837 1468 1019 1530 strage
1065 1457 1318 1514 vastavit.
1363 1458 1435 1513 At
1471 1472 1609 1513 vero
1646 1457 1693 1489 ’⁸
1739 1453 1801 1512 C.
1847 1453 2111 1513 Caninius

510 1553 554 1587 ”
589 1554 801 1624 legatus
829 1550 1032 1608 bellum
1061 1550 1204 1623 apud
1230 1550 1485 1608 Pietonas
1514 1549 1760 1606 invenit:
1792 1549 1886 1607 ubi
1916 1566 2111 1623 magna

511 1647 755 1704 hostium
799 1646 1090 1703 multitudo
1127 1646 1445 1718 impeditam
1475 1646 1674 1704 itinere
1703 1646 1977 1718 legionem
2003 1647 2113 1703 cir-

512 1741 830 1809 cumdedit,
872 1752 1036 1812 atque
1077 1740 1145 1797 ad
1187 1751 1497 1798 extremum
1528 1740 1824 1798 discrimen
1862 1740 2106 1797 adduxit.

2211 516 2469 574 diuturno
2512 515 2655 572 bello
2701 515 3004 571 innumera:
3047 513 3325 571 Gallorum
3357 513 3404 545 ³³
3443 513 3620 583 copia:
3647 512 3816 570 truci-

2210 612 2352 669 datzn
2379 620 2527 669 sunt.
2555 610 2687 667 lude
2715 608 2920 666 Fabius
2951 608 2997 641 ”
3021 609 3073 664 in
3103 609 3367 665 Carnutes
3395 607 3679 680 profectus
3701 616 3811 665 est.

2209 707 2433 765 Sciebat
2458 706 2605 764 enim
2641 705 2688 738 ³³
2717 704 3079 771 Dnmnacum,
3102 701 3297 759 ducem
3329 702 3773 775 antiquissimum
3791 739 3812 770 ,

2212 802 2530 858 rebellionis
2564 801 2728 858 totius
2767 798 3101 855 incentorem
3121 839 3136 864 ,
3165 797 3233 852 ab
3265 796 3369 854 hoc
3405 796 3552 854 bello
3584 794 3632 827 ³⁸
3658 796 3813 867 elap-

2211 909 2354 963 sum,
2384 894 2434 951 si
2464 893 2762 950 Armoricis
2806 892 3063 965 gentibus
3090 890 3377 961 adjunctus
3411 899 3594 959 esset,
3640 890 3815 946 maxi-

2212 1007 2332 1049 mos
2398 991 2594 1048 iterum
2661 991 2714 1046 in
2770 989 2943 1046 Gallia
2984 987 3258 1044 tumultus
3295 1001 3420 1044 esse
3482 996 3811 1043 moturum:

2214 1084 2258 1118 ³⁷
2335 1083 2432 1140 sed
2508 1098 2604 1140 eas
2670 1082 2848 1139 adhuc
2928 1083 3045 1152 ipsa
3108 1079 3351 1137 novitate
3426 1079 3811 1153 trepidantes,

2216 1179 2353 1235 mira
2420 1181 2626 1234 virtute
2689 1187 2745 1233 et
2807 1177 3095 1233 celeritate
3156 1174 3487 1247 perdomuit.
3547 1171 3715 1247 5,07
3769 1173 3816 1206 ³⁸

2213 1272 2423 1331 Interea
2473 1275 2699 1346 Draptes
2738 1288 2955 1345 unaque
2993 1273 3037 1307 ”
3077 1271 3395 1341 Lucterius,
3456 1285 3584 1326 cum
3618 1269 3816 1327 adesse

2211 1369 2501 1426 Caninium
2553 1379 2609 1426 et
2658 1368 2904 1439 legiones
2971 1367 3024 1422 in
3090 1365 3290 1422 finibus
3347 1365 3463 1420 suis
3509 1362 3815 1430 viderent,

2215 1461 2454 1535 undique
2498 1461 2751 1520 collectis
2794 1461 2990 1532 cepiis,
3039 1458 3301 1532 oppidum
3327 1457 3374 1490 ‘°
3406 1455 3817 1515 Uxellodunum

2215 1566 2505 1628 occupant.
2542 1556 2657 1613 lloc
2686 1555 2946 1628 oppidum
2978 1554 3032 1608 in
3059 1552 3359 1609 editissima
3390 1550 3595 1608 montis
3622 1565 3750 1606 arce
3772 1550 3815 1582 ιι

2215 1650 2488 1722 pendebat
2508 1692 2523 1717 ,
2556 1650 2600 1682 “
2630 1648 2952 1720 duabusque
2983 1646 3230 1718 partibus
3260 1660 3358 1716 per
3385 1645 3617 1715 abrupta
3647 1643 3819 1698 latera

2216 1762 2325 1803 non
2352 1760 2522 1818 parvo
2544 1744 2771 1801 ﬂumine
2801 1741 3121 1813 cingebatur
3147 1759 3160 1796 :
3203 1739 3251 1772 "
3281 1738 3461 1795 medio
3488 1736 3695 1794 deinde
3722 1734 3822 1792 de-

512 1836 687 1893 Porro
723 1845 906 1893 autem
937 1835 1139 1892 Fabius
1169 1836 1404 1909 legatus,
1433 1837 1673 1908 acceptis
1710 1835 1923 1894 Caninii
1966 1837 2112 1894 litte-
2141 1841 2188 1904 Β
2216 1856 2415 1899 sccnsu
2438 1838 2749 1912 largissimo
2772 1836 2920 1893 fonte
2940 1850 3217 1902 securum,
3242 1832 3593 1905 plurimaque
3616 1829 3821 1906 intror-

510 1931 621 1996 ris,
653 1930 711 1986 in
745 1929 1001 1987 Pictonas
1038 1930 1433 2001 proﬁciscitur,
1480 1930 1665 2002 ibique
1712 1945 1743 1985 a
1783 1929 2011 2001 captivis
2041 1929 2112 1986 de

510 2024 929 2096 opportunitate
969 2024 1215 2082 locorum
1258 2026 1463 2081 certior
1502 2024 1711 2095 factus,
1759 2026 2112 2098 inapinantes

515 2116 704 2174 hostes
725 2116 1018 2189 opprimit,
1048 2118 1369 2190 magnisque
1392 2117 1437 2150 ³⁸
1469 2118 1747 2190 stragibus
1776 2117 1957 2186 factis,
1988 2119 2112 2190 plu-

516 2209 684 2267 rimas
706 2210 920 2281 praedas
952 2210 1084 2282 agit.
1118 2210 1328 2268 Deinde
1355 2225 1479 2267 cum
1511 2210 1745 2267 Caninio
1773 2212 1989 2284 signum
2020 2211 2116 2267 ad-

517 2310 714 2357 ventus
758 2303 840 2357 sni
879 2301 1164 2371 dedisset,
1205 2301 1466 2359 Caninius
1514 2303 1645 2360 totis
1690 2304 1887 2362 castris
1933 2304 2117 2363 subito

517 2392 561 2427 ”
594 2393 833 2452 exsilivit
868 2408 1103 2469 seseque
1133 2395 1327 2469 injecit
1368 2395 1534 2454 hosti.
1580 2395 1659 2454 Ita
1690 2396 1866 2455 Fabio
1904 2413 1974 2455 ex
2009 2398 2117 2456 alia

2215 1950 2336 1990 sum
2365 1933 2523 2005 copia
2557 1930 2816 1988 frumenti
2850 1938 3021 1985 tutum
3045 1973 3060 1999 ,
3104 1926 3291 2005 irritos
3318 1924 3508 1996 procul
3535 1922 3820 1980 discursus

2217 2028 2454 2085 hostium
2486 2025 2864 2096 despiciebat:
2905 2022 3200 2087 Caninius,
3242 2018 3388 2088 quod
3421 2016 3467 2050 “
3493 2017 3674 2073 solum
3710 2014 3824 2071 Ro-

2218 2136 2379 2179 mana
2412 2119 2721 2192 provisione
2751 2116 2949 2187 potuit,
2982 2113 3175 2170 ambos
3197 2111 3365 2168 duces
3390 2125 3516 2167 cum
3542 2119 3707 2181 parte
3731 2122 3825 2164 co-

2217 2216 2434 2289 piarum
2462 2213 2698 2285 plnrima
2726 2212 2783 2267 in
2813 2223 3068 2280 campum
3089 2215 3369 2273 evocatos,
3398 2203 3649 2260 maximo
3679 2216 3822 2271 pras-

2218 2307 2294 2365 lio
2322 2304 2623 2378 superavit.
2653 2304 2699 2337 ⁸⁸
2726 2302 2860 2361 Nam
2892 2316 3001 2358 uno
3026 2316 3057 2358 e
3086 2298 3317 2355 ducibus
3339 2294 3652 2362 interfecto,
3678 2293 3727 2324 “
3745 2292 3823 2347 al-

2220 2411 2304 2460 ter
2330 2417 2454 2459 cum
2485 2399 2830 2475 paucissimis
2858 2397 3024 2469 fugit,
3054 2394 3236 2453 nullus
3263 2394 3317 2451 in
3340 2392 3603 2466 oppidum
3634 2389 3818 2458 rediit,

1801 2558 2253 2619 llAVERCAMPI
2288 2560 2522 2619 NOTIE.

579 2692 989 2769 2«l.__Romanos.
1019 2708 1077 2753 ut
1105 2696 1247 2753 vivus
1285 2706 1579 2769 caperetur.
1609 2696 1834 2755 lloberti
1872 2698 1969 2755 lib.
2011 2699 2107 2754 ha-

506 2764 601 2823 bet
630 2783 644 2821 :
674 2764 937 2841 Romanos
963 2777 1020 2823 ut
1069 2770 1208 2825 vivus
1238 2764 1505 2841 caperetur
1522 2771 1790 2838 instantes,
1824 2771 2105 2827 occidendo

507 2848 564 2893 ut
585 2836 904 2913 occidgretur
930 2842 1120 2913 coegit.
1151 2841 1229 2896 Tn
1262 2836 1381 2913 lege
1422 2842 1653 2898 Ilirtium
1693 2836 1785 2897 lib.
1819 2857 1911 2898 vnt
1939 2841 2105 2897 Com-

510 2918 679 2985 ment.
722 2907 892 2985 [ἕως.
920 2942 994 2954 —-
1019 2907 1403 2985 Verbaillirtii
1442 2928 1565 2983 cap.
1600 2913 1668 2968 19
1710 2928 1832 2985 pag.
1862 2914 1957 2971 ed.
1997 2912 2107 2969 Ou-

507 2981 776 3050 dendorp.
810 2983 937 3050 475,
976 2998 1098 3040 sunt
1133 3002 1148 3041 :
1189 2984 1318 3040 Cum
1360 2981 1567 3041 interim
1609 2986 1761 3041 nulla
1781 2981 2108 3041 'calamitate

506 3052 669 3141 pictus
691 3051 915 3141 Caycus
933 3057 1226 3141 [egredere
1254 3059 1459 3141 pratia,
1490 3058 1748 3141 silvasque
1768 3066 1958 3141 petere,
1989 3067 2103 3141 aut,

2214 2700 2475 2771 trepidare
2502 2707 2557 2756 et
2591 2697 2929 2771 perdomare,
2962 2696 3031 2754 ad
3058 2705 3235 2769 gentes
3267 2694 3566 2768 pertinere,
3603 2708 3717 2751 non
3753 2691 3821 2749 ad

2214 2772 2582 2899 tuggiliiiierea
2598 2841 2841 2913 Draptes.
2859 2838 3534 2913 Parisienses._Bolsning.,
3552 2837 3814 2913 l_littorp.,

2217 2912 2503 2971 Fabricius
2537 2922 2593 2971 et
2620 2909 2846 2971 Scuttns
2873 2912 3166 2969 ediderunt
3196 2910 3432 2983 Drapes,
3464 2909 3579 2965 sed
3619 2926 3817 2965 verum

2216 3002 2416 3043 nomen
2449 2987 2665 3042 videtur
2697 2985 2866 3040 fuisse
2898 2985 3144 3054 Draptes,
3175 2985 3219 3038 si
3246 2999 3378 3054 mss.
3412 2983 3587 3054 iisque
3616 2983 3817 3037 melio-

2218 3058 2370 3114 ribus
2389 3100 2403 3124 ,
2433 3057 2685 3114 standum
2716 3065 2821 3112 est.
2862 3055 2952 3111 Sic
2979 3052 3125 3110 enim
3157 3053 3417 3109 scribitur
3447 3052 3513 3107 in
3541 3052 3812 3110 Florentt.

506 3124 841 3202 invitantibus
862 3122 1143 3202 nostrised
1168 3122 1501 3193 deditionem,
1525 3122 1692 3202 potuit
1714 3122 1925 3202 adduci,
1945 3122 2106 3201 quin,
2134 3122 2181 3187 Ο
2213 3146 2297 3202 pr.
2326 3122 2442 3185 sive
2470 3130 2601 3202 cod.
2624 3127 2868 3202 Lohngob.
2893 3135 2950 3182 et
2976 3140 3114 3196 sec.,
3142 3135 3277 3202 utet
3298 3125 3470 3202 Lugd.
3498 3125 3629 3202 Dat.
3647 3141 3736 3194 pr.
3762 3136 3817 3181 et

509 3195 1105 3274 fortissime_prceliando
1127 3244 1143 3274 ,
1169 3195 1562 3274 compluresque
1604 3195 2104 3274 vulnerandoj‘oge-

506 3264 584 3350 ret
609 3264 773 3350 elatos
791 3264 1068 3350 iracundia
1096 3264 1313 3350 victores
1332 3274 1388 3350 in
1406 3288 1460 3326 se
1476 3264 1589 3350 tela
1613 3270 1891 3350 conjicere.
1914 3264 2106 3350 Nerine

509 3345 690 3420 tamen
717 3335 881 3420 video
904 3353 1003 3396 cur
1024 3358 1100 3420 ex
1136 3343 1220 3420 iis_
1233 3343 1417 3420 verbis
1448 3341 1626 3412 majus
1653 3335 1967 3420 praesidium
2005 3335 2105 3399 Fa-

513 3409 791 3492 briciosit
820 3413 1165 3492 prp_vnlgata
1208 3414 1479 3479 lectione,
1514 3409 1579 3469 ne
1613 3409 1756 3492 uiuus
1798 3422 2103 3492 caperetur,

508 3481 762 3563 instanter
800 3481 1277 3563 occidendo;_einn
1317 3494 1518 3563 _pateat
1561 3499 1633 3540 ex
1682 3481 2102 3563 llirtii'verbis,

508 3551 766 3625 omnibus
799 3554 974 3611 modis
1011 3556 1279 3613 institisse
1317 3557 1615 3625 Romanos,
1648 3566 1708 3612 ut
1735 3558 1919 3612 vivum
1946 3571 2105 3624 cape-

512 3633 637 3699 rent
663 3622 951 3699 Correum,
987 3627 1081 3683 sed
1111 3629 1262 3685 illum
1294 3628 1502 3692 hostes,
1532 3622 1610 3683 ad
1637 3622 2107 3699 comprehenden-

510 3694 640 3749 dum
657 3697 751 3778 .vel
794 3696 1189 3778 cohortandum
1228 3709 1302 3778 nt‘
1326 3699 1556 3778 dederet
1594 3694 2107 3778 sese,'accedenles

515 3768 783 3843 propius,
827 3768 1088 3843 ferociter
1128 3773 1417 3843 repnlisse,
1475 3771 1878 3843 plnrismosqne
1918 3773 2109 3827 vulne-

514 3852 688 3907 rasse,
718 3839 966 3912 adeoque
993 3839 1243 3899 effecisse.
1263 3884 1279 3911 ,
1312 3852 1371 3899 ut
1397 3839 1584 3900 hostes
1615 3839 1928 3899 occiderent
1958 3859 2107 3910 enm,

514 3925 680 3994 quem
727 3912 1026 3994 lubentius,
1061 3930 1161 3986 pro
1199 3916 1372 3986 gloria
1417 3914 2106 3994 victornm_,_speetandum

512 3980 793 4059 omnibus,
824 3980 1377 4044 vivum's'crvassent.
1422 3986 1694 4043 Revocavi
1727 3980 1889 4059 igitur
1915 3985 2109 4041 lectio-

514 4067 641 4129 nem
669 4055 949 4129 meliorem
973 4072 1039 4113 ex
1063 4058 1316 4115 omnibus
1337 4073 1473 4127 quos
1493 4055 1921 4125 consului'mss.,
1944 4072 2109 4129 quam

517 4124 741 4201 insuper
769 4127 1061 4201 conﬁrmat
1087 4131 1289 4201 optima
1318 4124 1407 4186 ed.
1442 4132 1775 4201 Augustana.

585 4194 680 4273 25;.
704 4198 785 4273 Ad
804 4198 1030 4272 aliquos.
1058 4194 1227 4273 Lugd.
1256 4202 1394 4257 Batt.
1415 4194 1555 4270 tres,
1567 4218 1689 4259 cum
1706 4202 1845 4260 Coll.
1865 4201 2111 4260 Gronov.

515 4268 688 4346 et
718 4268 982 4346 A_ug.,aut
1006 4268 1232 4346 aliquos.

575 4338 676 4423 .29.
729 4338 960 4398 Dimisit.
1007 4338 1181 4417 Lugd.
1215 4345 1336 4400 Bat.
1388 4353 1515 4401 tert.
1548 4352 1604 4401 et
1631 4343 1774 4400 Coll.
1822 4344 2064 4403 Gronov.
2091 4386 2108 4415 ,

516 4420 695 4559 ungi;
717 4483 837 4559 ipse
862 4494 1058 4541 autem.
1095 4487 1170 4559 E7:
1203 4487 1373 4559 Lugd.
1414 4486 1552 4559 l}att.
1601 4495 1733 4557 tres,
1765 4488 1876 4559 ipse
1914 4497 2107 4544 tamen.

587 4551 679 4609 28.
711 4553 780 4629 C.
797 4555 1071 4629 Caninius.
1102 4558 1182 4629 Ex
1211 4551 1387 4629 Lugd.
1415 4558 1561 4614 Batt.
1584 4551 1811 4629 sec.,C.
1834 4557 2113 4628 Caninius;

519 4632 637 4678 tres
688 4627 906 4698 reliqui.
947 4644 1073 4685 cum
1117 4628 1257 4685 Coll.
1298 4627 1567 4695 Gronov.,
1618 4628 1805 4685 Gallus
1845 4627 2114 4687 Caninius.

518 4698 801 4766 Agnomen
836 4700 964 4756 illud
999 4701 1100 4757 fuit
1125 4702 1493 4758 Caniniorum.

586 4767 678 4845 ἓξ.
710 4768 959 4845 Legatus.
993 4772 1131 4829 Edd.
1164 4775 1432 4845 quadam,
1466 4774 1596 4830 alter
1623 4773 1841 4845 legatus.

553 4911 565 4922 .
721 4839 999 4916 Stragibus
1027 4839 1205 4918 factis.
1241 4845 1475 4902 Additur
1506 4846 1558 4901 in
1602 4839 1833 4916 August.
1864 4862 1957 4919 per
1980 4847 2112 4902 anti-

518 4923 851 4985 cipationem.

538 4985 982 5073 rubiaﬁxs‘ilivit.
1011 4988 1199 5073 Lugd.
1226 4988 1345 5073 B_at.
1387 4997 1565 5073 quart.
1598 4988 1801 5073 etntluo
1846 4988 2112 5073 Flore_nt._,

521 5058 756 5181 imitata.
799 5058 903 5116 Ed.
944 5058 1117 5134 prima
1152 5072 1207 5118 et
1256 5058 1511 5129 Venetae,
1557 5062 1801 5118 exsiliens
1840 5078 1896 5117 se
1935 5063 2114 5136 injecit

645 5145 683 5184 ι.

521 5198 798 5328 insilia:
823 5203 991 5260 altera
1011 5204 1299 5261 insistente.
1324 5205 1496 5279 Lugd.
1519 5206 1636 5262 Bal.
1660 5213 1866 5278 quart.,
1892 5204 2114 5260 multum

703 5289 735 5326 η
758 5290 808 5328 e.

703 5289 808 5329 1118.

713 5344 912 5422 Capite.
947 5346 1046 5403 Ms.
1080 5349 1246 5422 idgm,
1272 5360 1468 5422 gentes.

725 5414 799 5492 I_n'
816 5417 1089 5475 Carnutes.
1123 5414 1294 5492 Flor."
1309 5437 1416 5492 pr..
1440 5422 1509 5477 ad
1546 5419 1817 5477 Carnutes.

599 5489 690 5544 35.
724 5488 1071 5564 Dumnacutn,
1115 5492 1172 5548 in
1198 5488 1373 5550 tribus
1393 5493 1659 5550 Florentt.
1691 5507 1741 5549 et
1765 5491 1939 5564 Lugd.
1989 5493 2109 5550 Bat.

521 5572 659 5623 sec.,
693 5570 761 5637 nt_
776 5572 832 5618 et
859 5563 949 5637 ed.
982 5562 1148 5633 Aug,
1184 5564 1364 5637 inveni
1412 5564 1773 5634 Domnacum;
1806 5562 1869 5622 in'
1886 5566 2110 5637 reliquis

530 5646 688 5696 mss.,
720 5630 1141 5695 Dominacum—et
1172 5635 1465 5693 Donacum.

718 5701 1140 5791 Elapsum._i)uo
1166 5724 1233 5767 ex
1260 5709 1432 5791 Lugd.
1468 5710 1634 5778 Batt.,
1662 5710 1887 5791 lapsum.

602 5774 689 5826 57.
722 5772 833 5831 Sed
860 5795 966 5835 eas.
994 5780 1069 5835 Ita
1098 5784 1312 5847 reposui
1338 5772 1404 5838 Es
1436 5796 1568 5838 mss.
1606 5772 1879 5850 omnibus,
1918 5780 2112 5850 depra-

529 5853 718 5900 varant
746 5849 892 5906 enim
919 5850 1046 5909 edd.
1079 5853 1132 5909 in
1163 5854 1253 5908 sed
1277 5869 1385 5923 eos,
1417 5868 1523 5910 non
1547 5849 1896 5913 attendentes
1918 5849 2106 5925 verba,

2210 3197 2337 3259 tert.
2362 3216 2487 3258 cum
2508 3200 2650 3258 Coll.
2675 3197 2918 3256 Gronov.
2934 3208 3097 3267 atque
3118 3197 3245 3254 edd.
3265 3199 3457 3263 prima,
3483 3197 3814 3262 Angustana

2208 3283 2264 3329 et
2292 3272 2537 3328 Venetis.
2588 3270 2845 3326 Eamdem
2895 3269 3227 3339 scripturam
3274 3268 3517 3324 indicant
3558 3268 3813 3324 Floreat.

2211 3354 2363 3412 tert.,
2396 3344 2571 3415 Lugd.
2601 3342 2718 3399 Bal.
2744 3358 2857 3415 see.
2876 3351 2931 3397 et
2951 3340 3095 3415 Ultr.
3125 3341 3252 3396 dum
3273 3341 3540 3415 ‘Adraptes
3561 3340 3815 3415 scribunt

2210 3412 2556 3497 redundante
2575 3415 2760 3486 priore
2781 3413 2961 3468 littera
2988 3413 3166 3497 hujus“
3169 3413 3317 3468 vocis
3341 3428 3407 3467 es
3429 3412 3812 3497 duplicatione

2209 3487 2541 3560 posterioris
2577 3483 2712 3556 'qute
2761 3483 3069 3556 praecessit.
3120 3483 3321 3556 Drapes
3367 3493 3546 3538 tamen
3589 3484 3644 3538 in
3691 3497 3812 3539 meo

2207 3560 2399 3617 codice
2419 3569 2472 3615 ct
2496 3559 2749 3615 Perizon.
2786 3556 3085 3623 invenitur,
3115 3556 3417 3628 eademque
3435 3553 3734 3610 diversitas
3759 3556 3811 3609 in

2208 3630 2371 3688 codd.
2401 3628 2635 3686 Caesaris
2663 3629 3008 3685 observatur.

2280 3703 2372 3758 59.
2403 3702 2698 3756 Lucterius.
2735 3700 3116 3769 Florenttspr.
3150 3707 3206 3754 et
3233 3712 3347 3753 sec.
3374 3739 3391 3763 ,
3417 3696 3690 3769 Lgcterius
3716 3712 3812 3753 seu

2214 3773 2618 3847 Lyaei-iusque;
2669 3770 3167 3847 tert.,_Lic_terius;
3216 3769 3389 3847 Lugd.
3435 3769 3577 3847 llatt.
3611 3784 3717 3847 _pr.
3758 3778 3810 3847 et

2211 3841 2375 3911 tert.,
2421 3841 2891 3917 Lipterius._Coll.
2938 3841 3218 3917 Gronov”
3274 3841 3567 3917 Lypterius.
3611 3842 3672 3917 In
3717 3841 3808 3897 ed.

2211 3920 2443 3987 August.
2474 3913 2668 3985 legitur
2696 3914 2955 3987 Leptirins
2976 3916 3065 3987 vel
3086 3913 3351 3968 Lcctert'us
3377 3913 3739 3987 conjunction.

2282 3984 2374 4047 b0.
2413 3984 2820 4045 Uxellodnnum.
2852 3986 2909 4041 In
2933 3986 3091 4042 codd.
3118 3996 3360 4050 etmss.,
3395 3984 3810 4050 l’elutudnnum,

2220 4060 2588 4122 Veludunum,
2627 4057 2976 4124 Velutunum,
3031 4056 3389 4119 Velucunum,
3434 4054 3806 4111 Velludonum.

2280 4133 2373 4189 41.
2413 4130 2696 4186 Pendebat.
2728 4129 2821 4186 Sic
2850 4144 3017 4195 mss.;
3047 4129 3275 4199 pendens
3304 4127 3431 4184 cdd.
3462 4127 3738 4199 qnmdam.

2283 4206 2377 4261 4'2.
2412 4202 2746 4277 Duabusguc.
2776 4199 3172 4274 Copulatn‘non
3213 4202 3464 4274 agnoscit
3484 4199 3660 4270 Lugd.
3693 4200 3807 4255 llas.

2252 4287 2394 4332 uart.

2212 4293 2394 4405 qui?
2414 4347 2588 4402 Medio
2611 4345 2815 4401 deinde.
2844 4344 3016 4415 Lugd.
3047 4344 3166 4400 Bal.
3198 4358 3311 4400 sec.
3329 4386 3344 4411 ,
3372 4343 3544 4400 medio
3574 4342 3718 4398 inde.

2285 4419 2378 4476 44.
2411 4419 2619 4474 Solum.
2646 4417 2819 4488 Lugd.
2853 4418 2973 4474 Bat.
3003 4431 3117 4472 sec.
3140 4458 3157 4479 ,
3184 4416 3319 4470 sola.

2141 4523 2194 4585 Ι)
2245 4564 2256 4575 ο
2289 4491 2381 4548 45.
2414 4490 2554 4545 Nam
2570 4486 2949 4574 unoeducibus
2964 4488 3384 4573 interfectonetc.
3406 4486 3649 4557 Fugite:
3671 4501 3810 4557 prac-

2222 4562 2319 4618 ito.
2348 4561 2496 4618 nuod
2527 4575 2854 4617 acerrimum
2901 4560 3023 4618 lntt.
3066 4560 3369 4618 Lucterius,
3400 4569 3594 4618 cantus
3623 4570 3806 4613 autem

2263 4577 2319 4627 ο,
2348 4561 2496 4624 quod
2527 4562 2854 4617 acerrimum
2901 4560 3023 4623 fuit,
3066 4557 3369 4623 Lucterius,
3400 4569 3594 4629 captus
3623 4570 3806 4613 autem

2224 4633 2323 4690 fuit
2351 4634 2602 4705 Draptes.
2632 4631 2834 4705 Hirtius
2859 4632 2929 4686 de
2954 4631 3106 4705 Bello
3132 4629 3275 4705 G_all.
3305 4630 3402 4685 lib.
3421 4645 3540 4705 vi",
3570 4645 3691 4699 cap.
3716 4629 3805 4698 56,

2222 4722 2275 4775 ιι.
2307 4706 2415 4761 490
2438 4700 2697 4771 {Capitur
2720 4703 2834 4775 ipse
2856 4717 2931 4775 eo;
2956 4703 3137 4775 prtulio
3161 4700 3403 4775 Draptes.
3440 4701 3805 4775 Romanorum

2219 4772 2398 4833 autem
2422 4775 2660 4831 ludibrio
2680 4790 2740 4830 se
2760 4772 2981 4844 eripuit.
3007 4774 3142 4846 ibid.
3169 4772 3293 4842 cap.
3317 4774 3419 4846 με
3449 4772 3666 4846 Draptes
3687 4774 3806 4844 (seu

2220 4859 2280 4904 ut
2315 4848 2459 4920 apud
2496 4846 2728 4920 llirtinm
2773 4842 3061 4920 scribitur,
3105 4842 3367 4920 Drappes)
3405 4842 3805 4920 quem'_captum

2219 4936 2329 4976 esse
2353 4914 2384 4975 n
2411 4920 2631 4976 Caninio
2662 4918 2816 4973 docui
2840 4962 2855 4988 ,
2903 4916 3008 4972 sive
3030 4914 3468 4989 indignationem
3494 4914 3671 4989 dolore
3695 4917 3806 4989 rin-

2218 4993 2488 5061 culorum,
2520 4992 2627 5046 sive
2652 4985 2849 5044 timore
2874 4989 3122 5061 gravioris
3148 4985 3431 5061 supplicii,
3473 4987 3651 5061 paucis
3688 4988 3801 5061 die:

2220 5065 2310 5119 bus
2349 5081 2403 5120 se
2441 5058 2556 5119 cibo
2596 5062 2843 5117 abstinuit
2860 5058 2891 5127 ,⁷
2912 5072 3064 5130 atque
3100 5061 3175 5115 ita
3206 5058 3422 5130 interiit.
3473 5058 3611 5128 Quid
3646 5059 3801 5114 alteri

2217 5138 2465 5192 evenerit
2493 5134 2621 5192 duci
2649 5147 2771 5189 mox
2805 5129 3170 5203 persequitur,
3212 5147 3264 5203 p.
3299 5129 3398 5186 50!
3427 5175 3443 5197 ,
3473 5130 3558 5185 his
3588 5131 3769 5203 verbis
3782 5146 3799 5186 :

2218 5205 2420 5263 Eodem
2450 5218 2676 5277 tempore
2705 5201 3001 5270 Lucterius,
3033 5220 3184 5277 quem
3214 5201 3513 5277 prgfugisse
3539 5201 3803 5277 ex‘prrrlia

2215 5280 2436 5351 scripsi,
2464 5273 2587 5333 eum
2610 5280 2669 5332 in
2698 5284 3003 5351 potestatem
3031 5273 3244 5351 uenisset
3277 5274 3562 5351 Epasnacti
3587 5273 3801 5351 Arverni

2215 5345 2421 5421 (crebro
2436 5352 2572 5421 enim
2593 5345 2858 5403 mutandis
2883 5348 3033 5421 locis,
3057 5345 3335 5421 multarunt
3346 5345 3481 5421 fidei
3500 5360 3552 5399 se
3569 5346 3803 5398 commit-

2216 5418 2382 5489 tebat,
2428 5420 2568 5493 quod
2596 5436 2853 5492 nusquam
2882 5419 3079 5493 diutius
3108 5419 3216 5493 sine
3244 5418 3482 5490 periculo
3515 5431 3802 5493 commora-

2215 5488 2677 5559 turnsvidebatur,
2711 5488 2834 5545 cum
2857 5490 2952 5544 sibi
2978 5491 3216 5545 conscius
3248 5488 3375 5545 esset
3401 5532 3415 5555 ,
3455 5505 3602 5559 quam
3625 5488 3803 5541 inimi.

2213 5581 2329 5619 cum
2351 5568 2553 5621 deberet
2575 5563 2828 5620 Caesarem
2851 5562 3080 5631 lmbrre).
3109 5563 3246 5615 hunc
3271 5561 3594 5632 Epasnactus
3615 5561 3801 5613 Arver-

2213 5653 2330 5703 nus,
2362 5638 2712 5709 amirissimus
2734 5635 2915 5709 populi
2944 5629 3188 5709 Romani,
3217 5629 3331 5687 sine
3351 5629 3670 5685 dubitatione
3692 5632 3798 5684 ulla

2211 5708 2439 5765 vinctum
2468 5712 2537 5763 ad
2564 5707 2820 5764 Caesarem
2851 5707 3085 5762 deduxit.

2284 5781 2375 5838 46.
2401 5783 2567 5853 Alter,
2587 5790 2695 5837 etc.
2718 5778 2819 5835 Ed.
2835 5777 3088 5850 AnguSt.,
3104 5776 3326 5833 alterum
3350 5791 3466 5832 cum
3479 5771 3797 5848 paucissimis

2211 5857 2381 5927 fugat.
