4060 6344
220 305 356 364 I025

1259 303 1739 364 IllS'l‘ORlAllUM
1779 302 1988 362 ΗΜ.Ιί
2029 303 2116 360 VI.
2158 303 2315 362 CAP.
2361 303 2474 361 XII.

3380 304 3520 363 I026

215 419 306 472 sed
344 417 411 472 ad
455 417 505 472 id
552 417 975 490 oppugnandum
1016 417 1233 476 Caesare
1273 435 1413 492 opus
1452 421 1570 477 fuit.
1627 421 1815 493 ltaque
1842 427 1892 486 A
1920 421 2047 478 dum
2103 437 2393 480 recurrere
2447 421 2515 477 ad
2567 418 2921 478 muniendum
2973 420 3234 493 oppidum
3293 423 3514 492 volunt,

216 512 418 567 certior
443 526 540 580 per
564 510 786 566 nuntios
812 510 854 542 ’⁵⁷
889 510 1060 567 factus
1082 511 1266 567 Caesar
1287 513 1556 569 accurrit:
1584 512 1816 568 circum-

214 604 528 676 spectisque
551 605 808 660 omnibus
837 605 1005 673 videt,
1040 606 1085 662 si
1113 621 1428 678 cXpugnare
1459 607 1511 663 vi
1538 607 1815 675 moliatur,

216 696 346 752 ludo
375 706 431 754 et
455 699 768 769 spectaculo
793 697 1030 755 hostium
1050 698 1345 756 delendum
1368 716 1489 757 esse
1514 701 1816 757 exercitum

217 788 385 862 408
414 805 574 846 suum
602 807 616 846 :
651 790 697 824 "3
722 807 892 847 unum
924 793 1100 848 solum
1134 807 1256 849 esse
1285 793 1547 864 praesidii,
1572 794 1616 828 ‘9
1644 795 1687 849 si
1711 810 1819 865 quo

216 883 380 939 modo
405 883 593 941 hostes
614 899 751 957 aqua
777 896 1093 943 arceantur.
1141 887 1247 943 Sed
1274 900 1327 944 et
1351 889 1454 945 hoc
1476 903 1693 962 quoque
1716 891 1817 946 uisi

216 977 400 1034 Caesar
433 981 480 1012 ⁵ο
510 997 617 1035 non
646 983 921 1053 potuisset
948 1001 962 1037 :
994 981 1264 1053 siquidem
1291 982 1417 1040 fons
1438 1024 1453 1051 ,
1485 1001 1593 1055 quo
1623 984 1689 1040 ad
1723 1001 1818 1055 po-

218 1081 334 1128 tum
375 1073 694 1140 utebantur,
744 1073 928 1130 medio
956 1073 1150 1130 devexi
1192 1075 1395 1130 montis
1423 1075 1595 1132 latere
1627 1077 1820 1133 funde-

216 1167 400 1224 batur.
442 1168 626 1252 thsar
660 1169 724 1224 ad
761 1169 1073 1238 proximum
1103 1168 1271 1225 fontis
1300 1170 1577 1226 admoveri
1610 1171 1817 1240 vineas,

219 1261 527 1332 turrimque
559 1261 770 1318 exstrui
793 1260 969 1332 jubet.
992 1261 1082 1318 Fit
1110 1265 1399 1335 magnus“
1419 1263 1566 1320 illico
1590 1279 1821 1321 concur-

222 1369 314 1410 sus
345 1369 414 1409 ex
440 1353 663 1424 oppido.
713 1353 920 1422 Quibus
959 1355 1082 1410 sine
1132 1355 1382 1426 periculo
1423 1343 1818 1428 prmliautibus,

220 1447 454 1504 Romani
493 1449 742 1520 quamvis
783 1449 1138 1520 pertinaciter
1163 1449 1512 1517 obsisterent,
1549 1451 1822 1509 crebrius-

221 1557 328 1613 que
382 1542 788 1609 succederent,
846 1543 1398 1624 complureshtameu
1458 1547 1817 1602 trucidantur.

221 1636 387 1709 Igitur
407 1637 706 1694 exstruitur
728 1647 982 1709 agger,et
1006 1639 1171 1696 turris
1196 1639 1394 1710 pedum
1417 1643 1823 1712 scxaginta,cu-

217 1730 307 1803 jus
329 1741 516 1788 vertex
543 1733 588 1764 δ’
613 1731 907 1802 adazquare
934 1731 1105 1788 fontis
1131 1733 1310 1790 locum
1343 1745 1548 1805 posset,
1579 1746 1638 1791 ut
1665 1738 1749 1794 vel
1776 1737 1821 1769 ⁸³

225 1837 290 1882 ex
321 1841 477 1896 :cquo
506 1827 614 1882 tela
643 1826 842 1898 conjici
875 1841 1112 1900 queant,
1155 1829 1242 1884 vel
1284 1831 1616 1902 prmeipitata
1659 1833 1821 1888 desu-
1854 1826 1901 1888 B

223 1931 320 1989 per
349 1933 610 1974 saxorum
643 1919 920 1975 volumina
951 1937 1058 1976 non
1087 1920 1286 1977 timeri.
1322 1922 1592 1994 Oppidani
1619 1935 1823 1991 autem,

221 2009 315 2066 ubi
339 2010 642 2066 eXanimari
666 2012 755 2067 siti
780 2027 886 2068 non
906 2014 1080 2068 solum
1101 2029 1299 2085 pecora
1318 2030 1438 2081 sua,
1453 2031 1642 2072 verum
1662 2017 1823 2073 etiam

218 2103 554 2161 infirmiores
579 2105 857 2162 hominum
893 2117 1079 2164 anates
1099 2109 1304 2174 vident,
1336 2126 1502 2182 cupas
1527 2113 1666 2182 pice,
1689 2128 1826 2169 sevo

219 2207 274 2255 et
306 2199 354 2230 “
381 2199 665 2256 scandulis
694 2201 933 2272 repletas
954 2244 970 2271 ,
1003 2217 1067 2259 ac
1094 2202 1294 2259 deinde
1325 2204 1554 2260 inmisso
1583 2205 1736 2277 igne,
1772 2207 1823 2262 in

222 2307 397 2364 prona
442 2294 820 2366 praacipitant,
873 2310 1076 2367 easque
1115 2296 1216 2367 ipsi
1269 2306 1383 2353 toto
1421 2298 1623 2369 oppido
1665 2300 1822 2354 etl‘usi

214 2387 654 2460 subsequuntur.
677 2388 1008 2446 Ardeatibus
1032 2389 1319 2459 machinis,
1345 2407 1466 2446 cum
1489 2409 1655 2462 grave
1681 2410 1821 2464 pra--

214 2480 352 2536 Iium
393 2479 508 2536 suis
535 2481 718 2538 Caesar
759 2497 823 2538 ac
854 2483 1221 2554 periculosum
1256 2484 1300 2515 ⁵⁸
1335 2483 1574 2554 videret,
1617 2484 1823 2541 cohor-

213 2582 299 2631 tes
344 2575 393 2607 ⁸⁶
447 2576 498 2631 in
538 2575 767 2633 circuitu
818 2576 1016 2649 oppidi,
1053 2576 1135 2633 ire
1183 2578 1444 2634 velociter
1498 2594 1596 2649 per
1639 2579 1823 2635 occul-

213 2677 335 2726 tum
384 2669 660 2742 imperat,
719 2681 884 2743 atque
928 2671 1166 2744 undique
1221 2673 1408 2729 subito
1459 2683 1672 2730 vastum
1712 2673 1822 2730 cla-

212 2780 432 2824 morem
460 2765 740 2825 attollere.
798 2767 917 2836 Quo
964 2767 1107 2826 facto
1158 2770 1492 2827 consternati
1543 2769 1820 2842 oppidani,

1921 516 1990 571 ab
2042 519 2451 589 oppugnatione
2509 516 2676 573 turris
2737 516 2824 574 vel
2877 517 3244 576 demolitione
3299 518 3520 590 aggeris

1919 605 2085 681 409
2113 609 2156 641 ⁸⁷
2204 617 2564 666 recesserunt.
2602 608 2682 664 llli
2731 618 2912 666 tamen
2941 610 3034 682 qui
3081 609 3151 667 ad
3187 609 3512 667 incidendus

1921 701 2086 757 fontis
2117 717 2286 760 venas
2311 703 2413 759 sub
2435 703 2662 760 obtentu
2683 703 2898 776 aggeris
2930 705 3054 772 tuti,
3082 703 3364 762 cuniculos
3393 720 3516 776 per-

1919 793 2222 866 fodiebaut,
2247 807 2492 868 repertos
2523 797 2576 852 in
2605 796 2862 854 abstruso
2885 813 3150 870 aquarum
3169 807 3518 868 meatus,per

1923 888 2090 945 multa
2111 888 2405 946 dividendo
2453 889 2662 945 tenuari
2703 890 2757 945 in
2796 890 3129 962 semetipsis,
3161 890 3520 962 cousumique

1923 983 2184 1039 fecerunt.
2204 982 2495 1054 Oppidani,
2522 983 2672 1038 fonte
2685 983 2910 1051 siccato,
2931 984 3116 1040 ultima
3136 984 3524 1057 desperatione

1922 1079 2186 1148 correpti,
2216 1075 2550 1132 deditionem
2579 1075 2663 1132 sui
2687 1075 2910 1133 faciunt.
2930 1077 3126 1150 Caesar
3164 1085 3368 1145 autem,
3401 1093 3523 1133 om-

1924 1172 2084 1229 nibus
2112 1169 2204 1245 qui
2233 1189 2384 1227 arma
2409 1171 2645 1228 tulerant
2676 1187 2868 1228 manus
2897 1172 3142 1240 sustulit,
3166 1181 3219 1228 et
3239 1171 3409 1228 vitam
3438 1188 3524 1230 re-

1924 1265 2102 1337 liquit,
2127 1265 2554 1336 quo”lestatior
2581 1274 2729 1322 esset
2764 1265 2926 1321 etiam
2960 1265 3196 1337 posteris
3234 1279 3395 1336 pugna
3421 1265 3521 1321 im-

1924 1358 2239 1429 proborum.
2275 1358 2496 1414 Multum
2524 1358 2670 1414 enim
2717 1358 2784 1414 ad
2829 1358 3188 1415 coercendam
3237 1358 3518 1415 audaciam

1927 1451 2062 1506 valet
2088 1449 2422 1521 propositum
2451 1449 2751 1522 punitionis
2774 1451 3244 1522 exemplum,cum
3275 1451 3391 1522 ipsa
3418 1450 3520 1506 mi-

1925 1545 2033 1600 seri
2074 1560 2314 1616 prmsens
2359 1545 2536 1601 forma
2587 1544 2844 1612 viventis,
2881 1555 2937 1602 et
2977 1545 3043 1600 ad
3084 1545 3517 1602 recordationem

1924 1640 2183 1698 admonet
2218 1640 2492 1708 conscios,
2535 1649 2589 1698 et
2639 1639 2708 1696 ad
2737 1639 3166 1697 sciscitationem
3193 1639 3338 1712 cogit
3366 1640 3532 1712 igua:

1926 1750 2036 1793 I’OS.

2522 1827 2752 1888 CAPUT
2799 1828 2914 1886 XII.

1930 1920 2196 1977 Miseriam
2217 1931 2261 1978 et
2292 1922 2638 1996 calamitatem
2668 1921 2862 1978 Gallia:
2910 1933 3173 1996 acceptam
3230 1941 3264 1980 a
3319 1923 3526 1982 Ca’sare

2359 1994 2568 2065 subjicit
2591 1996 2742 2076 quasi
2775 1996 2870 2050 sub
2895 1994 3092 2052 oculos.

2005 2115 2021 2144 ¹
2055 2110 2345 2169 Exhaustis
2377 2122 2538 2184 atque
2564 2111 2820 2170 edomitis
2846 2113 3038 2183 Gallis,
3067 2130 3296 2172 securus
3343 2114 3527 2171 Caesar

1927 2224 2051 2266 cum
2083 2209 2383 2281 legionibus
2416 2209 2469 2264 in
2493 2207 2704 2266 Italiam
2724 2211 2743 2240 '
2771 2209 2957 2277 rediit,
2973 2209 3151 2266 nullos
3173 2220 3296 2282 post
3321 2225 3383 2266 se
3408 2210 3529 2268 Gal.

1929 2303 2103 2360 lorum
2136 2313 2318 2360 motus
2340 2301 2766 2374 pertimescens;
2799 2302 2984 2360 3certo
3013 2318 3072 2360 se
3095 2304 3274 2360 sciens
3304 2302 3531 2360 minime

1926 2397 2138 2468 aliquos
2166 2395 2259 2468 qui
2307 2397 2390 2452 vel
2419 2397 2625 2452 moveri
2676 2396 2937 2463 audeant,
2970 2396 3057 2453 vel
3096 2397 3143 2453 si
3182 2405 3532 2462 moveantur,

1928 2488 2159 2545 timendi
2188 2488 2298 2544 sint
2325 2531 2340 2556 ,
2371 2489 2679 2561 reliquisse.
2713 2489 2983 2546 Constitui
3017 2506 3163 2546 nunc
3188 2499 3314 2546 ante
3341 2489 3530 2546 oculos

1930 2585 2096 2640 velim
2142 2597 2472 2655 exsanguem
2505 2582 2525 2614 ’⁵
2554 2583 2934 2654 deiectamque
2970 2582 3221 2654 Galliam,
3253 2591 3380 2654 post
3405 2582 3530 2640 illas

1929 2675 2342 2733 ardentissimas
2363 2675 2531 2749 410
2553 2675 2734 2734 febres
2766 2677 3121 2746 internosque
3149 2686 3314 2733 aestus
3343 2677 3363 2708 ⁵
3389 2677 3528 2732 vita-

1929 2770 2061 2827 lium
2091 2769 2315 2828 meliora
2345 2779 2639 2838 torrentes,
2676 2778 2735 2826 ut
2759 2784 2882 2830 sese
2908 2769 3126 2839 habeat,
3153 2779 3358 2843 quanta
3403 2785 3524 2826 ma-

1525 2950 1976 3010 IIAVERCAMPI
2014 2951 2251 3010 ΝΟΤΔΕ.

286 3073 386 3131 47.
415 3070 631 3129 Factus.
658 3071 831 3144 Lugd.
858 3073 999 3129 Batt.
1025 3089 1107 3144 pr.
1127 3081 1182 3130 et
1199 3081 1349 3139 tert.,
1378 3087 1502 3130 cum
1521 3072 1663 3129 Coll.
1685 3073 1824 3130 Gro-

213 3163 349 3204 nov.
369 3187 384 3211 ,
413 3146 662 3218 scribunt
692 3146 962 3210 redditus;
1000 3155 1057 3202 et
1086 3162 1209 3202 mox
1242 3146 1471 3201 occurrit
1505 3161 1602 3218 pro
1633 3162 1822 3201 accur-

214 3221 309 3282 rit,
335 3227 396 3274 ut
426 3227 480 3272 et
509 3216 860 3272 deludendum
891 3233 993 3288 pro
1015 3218 1319 3274 delendum.

284 3291 382 3346 48.
423 3289 594 3362 Unum
613 3287 918 3362 solumgesse
949 3291 1204 3362 prmsidii.
1240 3289 1342 3362 Ed.
1375 3305 1459 3362 pr.
1492 3306 1615 3345 cum
1647 3289 1822 3346 Paris.

214 3373 272 3418 et
303 3361 531 3418 Venetis
553 3402 566 3423 .
605 3361 700 3417 hoc
726 3360 896 3416 soluat
925 3360 1038 3418 esse
1072 3360 1396 3429 prwsitlt'ttm.
1441 3361 1723 3432 Bolsuiug.
1769 3369 1828 3418 et

215 3434 462 3499 Hittorp.
489 3478 503 3502 ,
535 3449 700 3506 unum
729 3433 899 3506 solum
927 3450 1035 3488 esse
1062 3434 1321 3506 praesidii,
1351 3435 1496 3506 quod
1531 3443 1582 3488 et
1614 3435 1666 3488 iu
1688 3431 1824 3506 mss.

215 3489 574 3561 omnib'us'et
602 3503 689 3559 ed.
722 3504 955 3574 August.
986 3489 1188 3560 iuveni.
1224 3489 1485 3574 Repo'suit
1512 3515 1693 3560 autem
1723 3504 1826 3560 Fac
1854 3489 1900 3554 C

217 3578 462 3643 bricius,
506 3593 662 3630 unum
705 3577 873 3631 soluat
907 3593 1018 3632 esse
1056 3577 1379 3645 prtesidium.
1434 3575 1668 3644 Verum,
1699 3591 1824 3632 cum

220 3651 337 3704 vim
357 3648 503 3703 hanc
523 3647 764 3704 abnuant
786 3663 918 3704 mss.
943 3647 1198 3715 Codices,
1227 3647 1522 3716 elliptieam
1550 3657 1676 3718 puto
1701 3663 1829 3704 esse

217 3720 530 3777 orationem
550 3759 566 3783 ,
599 3728 654 3774 et
679 3719 1013 3790 sttbintelligi
1047 3734 1207 3790 posse
1234 3719 1372 3774 loco.

292 3791 388 3847 69.
414 3791 474 3847 Si
490 3808 589 3862 quo
604 3791 778 3847 modo.
806 3791 867 3847 Et
885 3789 1156 3847 hic’ni’mls
1180 3791 1440 3848 liberales
1457 3790 1680 3847 fuerunt
1697 3789 1825 3846 edd.

221 3863 557 3930 duplicando
583 3862 818 3918 mediam
847 3877 1061 3931 vocem,
1096 3877 1217 3918 cum
1249 3877 1442 3920 omnes
1468 3862 1632 3919 codd.
1660 3877 1822 3931 mss.,

223 3934 560 4060 astipulante
609 3934 697 3991 ed.
738 3933 1010 4007 August.,
1070 3951 1171 4007 quo
1211 3935 1430 4007 legant,
1477 3949 1584 3990 non
1625 3950 1828 4007 quoquo

227 4022 312 4060 mo
358 4025 408 4060 0.

227 4022 408 4060 ηιοαο.

301 4078 391 4135 50.
418 4076 539 4131 Non
561 4078 831 4149 potuisset.
857 4077 927 4133 Et
950 4078 1068 4134 haec
1089 4087 1353 4134 constans
1375 4092 1507 4133 mss.
1537 4085 1623 4133 est
1641 4076 1825 4145 lectio,

229 4165 400 4219 quare
425 4148 624 4204 frustra
657 4162 782 4206 ante
809 4148 1126 4206 Fabricium
1157 4150 1438 4222 legebatur
1459 4165 1607 4222 nemo
1629 4150 1830 4222 potuis-

229 4230 327 4288 set,
358 4236 522 4290 quam
557 4222 846 4277 lectionem
878 4221 1018 4276 male
1051 4220 1334 4278 revocavit
1359 4223 1411 4276 in
1435 4220 1524 4274 ed.
1553 4237 1648 4274 sua
1672 4221 1826 4276 Scot-

233 4303 340 4350 tus.
374 4293 486 4348 Nisi
518 4291 702 4350 Cmsar
733 4294 917 4349 luisset
945 4292 1149 4360 Caesar,
1182 4309 1289 4349 non
1321 4292 1622 4361 potuisset,
1651 4291 1832 4362 inquit

231 4364 478 4436 Orosius.
510 4363 612 4419 Ed.
647 4367 874 4436 August.
905 4364 993 4420 hic
1021 4365 1220 4420 iterum
1248 4363 1572 4432 astipulatur
1595 4378 1728 4436 mss,

236 4508 264 4562 ὁ
305 4437 398 4561 5‘1.
431 4434 604 4492 Illico.
639 4434 1023 4508 EdiAugustq
1058 4437 1321 4510 undique;
1350 4444 1404 4492 et
1425 4451 1572 4502 mox,
1597 4435 1830 4491 trucida-

268 4523 333 4562 an
362 4525 446 4562 ur.

268 4518 446 4562 antur.

304 4579 395 4636 52.
427 4579 713 4650 Λάιειιυανε
733 4581 891 4653 fontis
915 4580 1082 4636 locum
1108 4589 1298 4649 posset.
1330 4579 1459 4636 Mss.
1484 4578 1597 4637 lere
1617 4593 1831 4649 omnes,

237 4668 449 4723 requare
477 4653 544 4705 ad
577 4655 734 4720 fontis
761 4656 931 4708 locum
963 4653 1143 4720 possit.

305 4724 396 4780 55.
430 4723 515 4778 Ea:
539 4741 704 4793 azquo.
746 4723 919 4796 Lugd.
953 4723 1094 4780 Batt.
1131 4741 1214 4795 pr.
1243 4733 1298 4781 et
1329 4732 1453 4780 tert.
1479 4765 1496 4791 ,
1535 4739 1656 4781 cum
1686 4723 1830 4781 Coll.

237 4794 503 4862 Gronov.,
533 4812 694 4866 wque.

306 4866 399 4923 54.
427 4866 712 4924 Scaudulis
733 4869 977 4938 repletas.
1008 4867 1066 4923 In
1088 4865 1474 4938 manuscriptis
1492 4877 1597 4935 est,
1625 4867 1833 4922 scindu-

236 4938 298 4994 lis
321 4955 342 4995 :
379 4955 481 4994 nos
521 4954 590 4994 ex
638 4939 836 5011 llirtio,
877 4938 1180 5005 scandulis,
1218 4939 1554 5011 scripsimus
1573 4954 1695 4994 cum
1727 4939 1834 4993 lto-

234 5012 413 5068 berto.
443 5011 481 5065 Α
499 5011 780 5066 scindendo
797 5009 1002 5076 autem,
1027 5020 1087 5064 ut
1106 5011 1221 5065 vult
1243 5009 1502 5076 Isidorus,
1529 5009 1688 5066 dicta:
1709 5018 1836 5065 sunt

236 5082 508 5137 scandala:
529 5098 548 5137 :
577 5098 696 5150 qua:
717 5095 840 5138 sunt
869 5098 1047 5153 parva:
1073 5082 1283 5137 tabellae
1307 5098 1376 5137 ex
1397 5083 1594 5138 robore
1616 5081 1702 5137 vel
1723 5081 1833 5137 alio

234 5153 382 5223 ligno
403 5153 684 5210 assulatim
710 5152 881 5212 seeto.
910 5152 1064 5210 Unde
1085 5153 1367 5210 Vitruvius
1391 5153 1514 5210 libr.
1540 5169 1602 5218 tt,
1625 5168 1745 5221 cap.
1775 5154 1829 5220 l,

235 5224 564 5295 quibusdam
595 5227 904 5282 nationibus
934 5242 1000 5281 ex
1032 5225 1297 5279 scandulis
1324 5225 1582 5280 robusteis
1605 5225 1835 5293 wdiﬁeia

237 5297 484 5352 constitui
502 5297 711 5352 scribit.
737 5297 1023 5354 Cornelius
1047 5312 1176 5351 vero
1201 5296 1400 5367 Nepos,
1426 5295 1682 5351 scandala
1704 5313 1832 5350 cou-

236 5378 425 5423 tectam
455 5369 617 5424 fuisse
641 5369 867 5425 Romam
899 5384 1067 5438 usque
1093 5367 1158 5422 ad
1189 5367 1638 5440 bellumPyrrhi,
1672 5368 1832 5440 annis

237 5440 365 5504 470,
387 5450 576 5512 auctor
596 5451 698 5497 est.
726 5440 866 5511 Lege
887 5441 1119 5497 Plinium
1142 5440 1269 5495 libr.
1286 5438 1534 5512 xvr,jca‘p.
1554 5440 1640 5496 10.
1665 5438 1831 5494 Fusa.

306 5514 398 5569 55.
443 5511 669 5568 Videret.
705 5512 926 5568 Frustra
954 5523 1011 5570 et
1037 5520 1231 5568 contra
1251 5527 1384 5569 mss.
1405 5511 1662 5567 inminere
1681 5527 1830 5583 quie-

237 5579 364 5638 dam
393 5584 522 5639 cdd.
551 5585 832 5654 adjiciunt.

307 5654 402 5738 {$6.
446 5654 515 5710 In
549 5656 793 5713 circuitu.
843 5656 934 5716 Sic
966 5656 1161 5731 jubcnt
1184 5657 1366 5729 legere
1388 5669 1547 5723 mss.,
1587 5671 1691 5711 nou
1732 5655 1834 5710 cir-

237 5739 456 5786 curtum.

311 5800 407 5875 57;
446 5799 803 5875 Recesserunt.
837 5801 977 5858 Flor.
1014 5801 1496 5875 prndeeesserunt.
1531 5798 1640 5875 Pro
1665 5815 1829 5873 oppu-

240 5873 486 5950 gnatione
507 5871 676 5948 Lugd.
702 5874 819 5932 But.
855 5890 966 5935 sec.
1000 5871 1056 5934 et
1081 5872 1245 5947 Ultr.,
1267 5872 1665 5946 expugnatione.

2003 3074 2090 3131 58.
2129 3073 2403 3130 Testatior.
2428 3073 2567 3132 Coll.
2593 3076 2860 3144 Grouov.,
2891 3085 3180 3150 testatura;
3207 3075 3376 3150 Lugd.
3408 3076 3526 3134 But.

1934 3155 2086 3220 terg.
2117 3154 2398 3220 testatum;
2427 3163 2555 3220 m0}
2583 3163 2721 3218 sec.,
2753 3159 2810 3204 ut
2836 3149 3215 3220 improborum.

2001 3216 2282 3295 (ξιιμ-ΧΠ.
2316 3248 2391 3295 -—_
2417 3220 2465 3295 l.
2497 3216 2783 3295 Exhaustis
2808 3216 3232 3295 atqueegontitis.
3265 3222 3361 3279 Ed.
3390 3223 3528 3295 Aug.

1933 3288 2110 3362 legit,
2136 3289 2419 3362 (inchoastis
2446 3292 2618 3362 itaque
2649 3303 2696 3347 et
2719 3288 2959 3348 edomitis
2987 3291 3176 3349 Gallis.

2003 3361 2058 3417 Ξ.
2085 3360 2282 3417 Rediit.
2312 3361 2431 3416 Duo
2459 3360 2726 3432 ett-Lugd.
2762 3363 2928 3428 Batt.,
2959 3365 3111 3420 redit.

2007 3435 2058 3489 5.
2091 3433 2245 3504 Certo
2267 3450 2323 3488 se
2352 3434 2535 3488 sciens.
2597 3435 2824 3492 Mediam
2851 3450 3039 3492 vocem
3067 3448 3125 3493 ιιι
3165 3437 3411 3494 inutilem
3442 3435 3540 3492 de-

1933 3504 2048 3562 lent
2075 3504 2248 3575 Lugd.
2292 3505 2408 3560 Bat.
2437 3515 2560 3560 tert.
2588 3516 2644 3561 et
2670 3506 2806 3563 Coll.
2839 3507 3076 3564 Gronov.
3117 3520 3284 3566 recte.

2002 3576 2055 3631 4.
2095 3575 2457 3651 Defectumque
2487 3576 2733 3632 Galliam.
2767 3578 2964 3651 Nescio
2985 3580 3113 3651 quid
3163 3580 3392 3635 moverit
3417 3579 3534 3636 edi-

1933 3657 2100 3714 tores,
2128 3660 2183 3702 ιιι
2211 3663 2334 3722 cum
2367 3649 2620 3722 defectam
2652 3651 2703 3704 in
2731 3650 2885 3705 codd.
2922 3649 3284 3714 invenissent,
3317 3660 3374 3706 et
3403 3667 3530 3722 pro—
3555 3671 3558 3674 ’

1936 3729 2122 3793 pterea
2149 3718 2597 3793 collocassentin
2621 3722 2886 3791 margine,
2929 3731 3110 3778 tamen
3161 3718 3536 3793 defetam’ma-

1933 3791 2134 3846 lueriut
2177 3790 2374 3856 edere;
2435 3790 2716 3846 Fabricius
2737 3790 2882 3848 enim
2908 3802 2965 3849 et
3007 3790 3240 3849 Scottus
3280 3794 3532 3848 vitiosam

1930 3861 2178 3918 eamdem
2213 3861 2502 3934 lectionem
2529 3871 2877 3934 receperunt,
2895 3878 3054 3934 quam
3077 3876 3256 3919 tamen
3290 3863 3538 3919 unanimi

1931 3949 2204 3991 consensu
2238 3933 2528 3999 repudiant
2557 3933 2750 3990 omnes
2777 3933 3193 4003 quos’consului
3223 3950 3384 4000 mss.,
3409 3951 3535 3991 cum

1931 4005 2054 4061 cod.
2092 4021 2189 4060 seu
2220 4004 2356 4060 edit.
2383 4007 2715 4078 Augustaoa.
2749 4006 2939 4078 Neque
2967 4022 3118 4063 sana:
3145 4007 3345 4062 mentis
3382 4008 3537 4076 quis-

1932 4077 2388 4149 quamprcherre
2419 4091 2578 4146 posse
2621 4077 2857 4143 videtur,
2914 4078 3210 4135 dummodo
3241 4078 3536 4149 diligenter

1932 4146 2209 4221 attendat;
2244 4146 2427 4221 Deleta
2447 4149 2591 4221 enim
2625 4149 2768 4205 idem
2795 4149 3107 4221 signiﬁcare
3145 4146 3367 4207 videtur
3389 4149 3534 4221 quod

1933 4219 2092 4287 e,7'eta
2115 4219 2256 4290 apud
2290 4219 2605 4278 Sallustium
2637 4221 2689 4276 in
2707 4219 2938 4276 Catilina
2968 4235 3090 4290 cap.
3117 4222 3186 4277 55
3219 4239 3233 4275 :
3257 4222 3353 4287 Ac,
3381 4219 3541 4277 ueluti

1933 4291 2086 4359 e/feta
2115 4301 2410 4364 parentum,
2434 4294 2615 4347 multis
2656 4293 3046 4364 tempestatibus
3077 4292 3219 4347 haud
3242 4309 3370 4364 sane
3396 4294 3544 4362 quis-

1933 4380 2092 4438 quam
2116 4362 2319 4438 Roma:
2354 4362 2803 4438 uirtutenmagnus
2833 4365 2956 4435 fuit.
2976 4365 3205 4438 Referri
3237 4363 3403 4438 igitur
3426 4364 3539 4421 alio

1935 4436 2144 4506 nequit,
2175 4435 2280 4490 nisi
2306 4434 2372 4490 ad
2398 4434 2769 4506 sterilitatem,
2799 4434 2855 4493 et
2901 4436 3225 4492 exhaustam
3265 4434 3438 4492 'aunis
3484 4446 3542 4492 et

1935 4505 2128 4579 crebra
2169 4507 2357 4579 sobole
2386 4505 2801 4564 fecunditatem.
2857 4506 3208 4578 Nequaquam
3261 4507 3428 4579 igitur
3478 4507 3537 4579 in

1935 4576 2214 4634 Orosianis
2256 4579 2408 4634 hisce
2433 4579 2613 4634 locum
2641 4579 2781 4635 tueri
2813 4589 3014 4649 potest,
3046 4576 3100 4636 in
3132 4576 3336 4651 quibus
3361 4577 3540 4651 Gallia

1937 4665 2048 4705 non
2076 4660 2426 4719 comparatur
2454 4652 2612 4706 matri
2651 4651 2850 4720 elfetae,
2881 4661 3067 4721 atque,
3093 4649 3395 4708 visceribus
3427 4649 3539 4707 las-

1936 4722 2036 4786 sis,
2063 4725 2373 4794 exhaustae;
2401 4721 2725 4794 sedmagno
2763 4725 2978 4793 corpori
3009 4722 3156 4794 quod
3168 4721 3388 4788 ,morbo
3409 4736 3536 4777 cor-

1938 4801 2152 4866 reptum
2177 4792 2458 4866 validiore,
2472 4792 2738 4866 vigorem,
2756 4792 2902 4866 vires
2919 4803 2974 4850 et
2992 4792 3310 4866 sanguinem
3330 4794 3532 4866 amisit.

1859 4887 1910 4951 υ
1941 4863 2153 4951 ρείεςςα
2191 4864 2354 4951 igitur
2381 4864 2577 4951 Gallia,
2601 4863 3280 4951 stibintellec'tosanguine
3305 4865 3388 4951 vel
3408 4865 3540 4951 εἰνὶ-

1936 4935 2052 5004 bus,
2070 4935 2159 4992 hic
2181 4937 2379 4991 dicitur
2399 4944 2454 4990 ut
2475 4935 2616 5004 apud
2643 4935 3278 5002 Plinium,Columéllam
3302 4945 3357 4992 et
3373 4936 3534 5004 alios,

1938 5009 2102 5064 homo
2123 5007 2352 5076 defectus
2378 5009 2576 5074 animo,
2601 5009 2769 5074 senio,
2795 5017 2971 5074 (etate,
2994 5016 3101 5065 etc.

2009 5081 2060 5135 5.
2086 5077 2347 5152 Ῠνὶιαιὶωη
2391 5077 2609 5152 meliora
2648 5088 2929 5152 torrentes.
2958 5079 3085 5136 Haec
3132 5089 3217 5137 est
3264 5078 3538 5152 scriptura

1935 5152 2053 5207 cod.
2083 5151 2326 5221 Longoh.
2361 5149 2476 5205 sive
2499 5150 2743 5222 Floreat.
2776 5151 2936 5222 primi
2967 5162 3024 5206 ut
3053 5162 3104 5206 et
3127 5167 3264 5218 sec.,
3293 5149 3394 5207 nec
3426 5163 3535 5205 non

1936 5223 2106 5294 Lugd.
2141 5222 2256 5278 Bat.
2290 5235 2399 5279 sec.
2435 5230 2596 5294 atque
2639 5221 2835 5294 Ultraj.
2891 5221 3250 5278 Medullorum
3277 5223 3542 5278 exhibent

1936 5292 2180 5366 Floreat.
2208 5301 2333 5366 tert.
2363 5299 2419 5366 et
2447 5292 2616 5366 Lugd.
2644 5293 2760 5350 Bat.
2790 5292 2995 5366 quan...
3024 5296 3178 5366 quasi
3203 5294 3406 5366 vellent
3431 5310 3538 5366 me-

1941 5365 2170 5432 dullam,
2192 5365 2336 5434 quod
2363 5365 2417 5420 in
2453 5364 2570 5421 Meo
2593 5365 2662 5421 ita
2692 5364 2892 5434 exstat,
2922 5375 2981 5422 ut
3008 5364 3187 5422 littera
3208 5365 3399 5420 ultima
3419 5365 3537 5420 sive

1942 5455 2013 5505 m,
2046 5438 2114 5495 ad
2147 5439 2386 5509 figuram,
2417 5437 2623 5509 litterae
2672 5455 2698 5492 v
2734 5439 2982 5494 videatur
3010 5439 3295 5509 accedere.
3326 5435 3385 5492 In
3413 5437 3540 5493 aliis

1939 5526 2073 5568 mss.
2116 5507 2280 5581 atque
2325 5507 2450 5565 edd.
2482 5511 2902 5581 vettaomnibus
2951 5507 3197 5581 molliora
3236 5509 3534 5581 invenitur,

1935 5579 2772 5712 qvuogspraztuleruntFabricius
2791 5589 2846 5638 et
2875 5580 3114 5652 Scottus,
3137 5579 3286 5655 Virg.
3312 5580 3532 5640 IEneid.

1936 5668 2016 5722 tv,
2048 5657 2151 5712 66:

2276 5813 2363 5867 Est
2381 5813 2540 5866 mollis
2561 5813 2750 5866 ﬂamma
2775 5810 3018 5865 medullas

2056 5877 2277 5946 Interea,
2303 5886 2359 5936 et
2379 5881 2583 5934 tacitum
2599 5878 2720 5933 vivit
2736 5877 2832 5930 sub
2854 5882 3061 5943 pectore
3078 5874 3283 5935 vulnus.
