4096 6350
513 235 645 293 1051

1925 235 2129 295 PAULI
2170 233 2404 297 OROSII

3679 235 3704 291 i
3715 235 3827 294 03?.

502 351 630 407 bus.
660 348 867 418 Caesar,
901 348 1184 407 Rubicone
1208 349 1434 408 ﬂumine
1457 351 1474 382 '°
1499 360 1854 417 transmeato,
1891 368 2018 408 mox
2049 363 2106 408 ut
2135 373 2178 431 Α
2213 356 2336 411 liam
2374 355 2614 420 rediens,
2647 353 2934 410 obsidione
2964 354 3253 420 domitam,
3286 353 3394 408 vita
3425 361 3632 407 tantum
3664 362 3724 405 ct
3755 354 3822 405 li-

507 442 814 498 Arituinum
837 446 1007 511 venit,
1052 445 1296 515 quinque
1325 445 1603 511 cohortes,
1637 461 1773 516 quas
1798 456 1925 502 tunc
1955 449 2107 503 solas

509 536 768 604 habebat,
796 553 918 594 cum
945 539 1144 610 quibus
1167 541 1249 610 (ut
1273 539 1348 594 ait
1380 539 1590 610 Livius)
1610 539 1802 594 orbem
1833 550 2104 596 terrarum

508 629 734 687 adortus
764 643 879 701 est,
909 632 1036 704 quid
1082 633 1228 687 l’acto
1254 647 1390 703 Opus
1431 643 1600 700 esset,
1635 633 1876 689 edocuit.
1912 635 2108 704 Deplo-

509 743 638 784 rans
669 727 899 798 injurias
923 743 1048 782 suas
1073 767 1090 794 ,
1141 741 1360 783 causam
1389 726 1520 782 belli
1561 727 1740 782 civilis
1765 768 1780 793 ,
1814 743 1914 798 pro
1944 729 2101 784 restio

509 821 726 878 tuendis
755 821 810 877 in
839 821 1068 893 patriam
1115 821 1364 890 tribunis,
1395 836 1519 878 esse
1565 831 1788 878 testatus
1837 834 1939 877 est.
1975 821 2108 878 lude

509 930 607 986 per
637 912 935 971 Antonium
980 921 1190 984 septem
1235 915 1515 980 cohortes,
1555 930 1678 984 qua:
1717 914 1859 985 apud
1887 914 2108 971 Sulmo-

507 1026 633 1068 nem
664 1008 1039 1074 morabatttur,
1066 1024 1096 1063 a
1119 1007 1374 1064 Lucretio
1399 1009 1421 1041 ⁸
1453 1011 1683 1080 recepit,
1718 1017 1830 1066 tres
1861 1009 2109 1080 legiones

508 1121 631 1178 quae
668 1119 790 1160 eum
824 1102 1058 1159 Domitio
1100 1102 1243 1174 apud
1272 1102 1567 1160 Corlinium
1621 1103 2008 1170 morabantur,
2042 1101 2108 1156 ad

509 1210 693 1272 partes
714 1213 843 1254 suas
866 1197 1122 1254 traduxit.
1145 1197 1440 1267 Pompeius
1468 1209 1631 1270 atque
1657 1198 1836 1253 omnis
1863 1207 2106 1262 senatus,

510 1294 892 1351 crescentibus
916 1294 1152 1350 Caesaris
1174 1293 1412 1359 viribus,
1439 1293 1663 1364 trepidi,
1698 1305 1976 1364 tamquam
2003 1292 2110 1346 ltu-

508 1389 580 1445 lia
609 1388 772 1461 pulsi,
798 1389 852 1444 in
877 1387 1144 1446 Graeciam
1172 1387 1490 1452 transvecti,
1513 1387 1869 1460 Dyrrachium
1887 1384 2110 1457 gerendi

510 1482 638 1538 belli
673 1483 863 1539 sedem
893 1480 1239 1552 delegerunt.
1272 1481 1456 1536 Caesar
1491 1478 1718 1533 Romam
1754 1479 1930 1544 venit,
1969 1478 1989 1508 θ
2017 1491 2112 1530 ne-

509 1585 805 1646 gatatnque
831 1574 932 1630 sibi
963 1589 1028 1628 ex
1077 1572 1274 1628 terario
1318 1573 1626 1643 pecuniam,
1679 1569 1868 1625 fractis
1903 1568 2110 1624 toribus

507 1667 747 1736 invadit,
779 1668 1117 1739 protulitque
1152 1683 1218 1724 ex
1244 1682 1312 1722 co
1341 1667 1461 1722 auri
1497 1665 1678 1736 pondo
1703 1673 1939 1736 quatuor
1966 1662 2112 1717 mille

2213 448 2428 505 bertate
2458 463 2740 516 concessa,
2787 448 3002 504 cmteris
3048 448 3216 504 rebus
3243 448 3470 503 abrasit.
3505 450 3543 479 ¹¹
3574 449 3647 502 At
3682 462 3822 501 vero

2213 542 2495 600 Dolabella
2514 545 2556 576 ι’
2573 543 2806 614 partium
2829 541 3086 609 thsaris,
3104 543 3158 596 in
3179 541 3397 614 lllyrico
3417 555 3514 610 per
3531 539 3818 595 Octavium

2211 646 2268 694 et
2288 636 2551 692 Libonem
2576 637 2775 703 victus,
2797 636 3080 706 cepiisque
3103 645 3320 702 exutus,
3354 635 3398 665 ¹³
3419 635 3488 690 ad
3512 632 3818 688 Antonium

2210 732 2366 803 fugit.
2403 730 2446 762 ³⁸⁵
2474 731 2710 787 Basillus
2749 740 2806 786 et
2848 729 3144 787 Sallustius
3177 730 3221 760 ¹⁸
3250 743 3346 798 per
3375 727 3618 798 singulas
3648 724 3824 796 legio-

2213 840 2346 892 nes,
2377 824 2574 896 quibus
2607 833 2906 895 prmerant,
2959 821 3214 878 similiter
3231 830 3288 878 et
3313 823 3583 877 Antonius
3606 861 3624 889 ,
3676 819 3822 876 Ilor-

2219 916 2426 974 tensius
2477 933 2692 989 quoque
2726 917 2794 972 ab
2826 915 3013 972 intimo
3055 916 3189 970 mari
3223 930 3345 970 cum
3376 915 3550 970 classe
3579 928 3822 968 concur-

2214 1027 2364 1077 rens,
2396 1026 2587 1066 omnes
2617 1010 2824 1081 pariter
2853 1009 3119 1065 adversus
3146 1007 3442 1064 Octavium
3463 1016 3518 1063 et
3547 1005 3818 1062 Libonem

2213 1103 2462 1176 profecti,
2485 1102 2646 1175 417
2667 1103 2778 1160 “et
2798 1101 2925 1158 victi
2946 1112 3094 1159 suttt.
3121 1100 3397 1156 Antonius
3418 1114 3540 1155 cum
3572 1114 3630 1154 se
3653 1098 3824 1154 Octa-

2213 1201 2303 1253 vio
2334 1199 2374 1229 ⁸⁷
2399 1213 2521 1253 cum
2553 1196 2868 1268 quindecim
2896 1195 3220 1252 cohortibus
3242 1193 3507 1259 dedisset,
3533 1208 3729 1248 omnes
3747 1191 3818 1247 ad

2216 1293 2530 1364 Pompeium
2554 1309 2582 1346 a
2606 1291 2818 1348 Libone
2838 1291 3060 1347 deducti
3093 1299 3244 1346 sunt.
3272 1291 3315 1322 ⁸⁸
3339 1289 3506 1345 Curio
3533 1304 3601 1345 ex
3628 1286 3822 1344 Sicilia

2215 1388 2268 1444 in
2295 1386 2536 1442 Africam
2559 1401 2683 1442 cum
2715 1385 2960 1440 exercitu
2984 1393 3365 1454 transgressus
3385 1391 3507 1438 est:
3535 1397 3697 1453 quem
3720 1379 3823 1436 Ju-

2215 1481 2280 1536 ba
2313 1494 2404 1536 rex
2437 1479 2701 1535 continuo
2730 1488 3017 1548 exceptum
3059 1491 3182 1533 cum
3210 1474 3462 1532 omnibus
3489 1475 3664 1546 copiis
3692 1483 3810 1529 tru-

2211 1573 2437 1631 cidavit.
2509 1572 2765 1629 Octavius
2812 1570 3043 1627 Salonas
3091 1570 3133 1604 ¹⁹
3181 1583 3499 1641 oppugnare
3548 1575 3816 1634 conatus,

2212 1682 2405 1722 omnes
2435 1681 2572 1736 pene
2599 1665 2789 1734 capias
2818 1677 2957 1734 quas
2986 1662 3144 1719 duxit
3172 1662 3373 1722 amisit.
3403 1661 3610 1717 Ctelius
3632 1660 3817 1715 desci-

508 1775 732 1822 centum
761 1763 984 1835 triginta
1007 1762 1268 1834 quinque,
1297 1763 1314 1792 ⁷
1338 1761 1548 1831 argenti
1574 1760 1754 1829 pondo
1782 1773 1948 1828 prope
1970 1772 2106 1812 non-
2143 1772 2184 1833 Β
2215 1759 2348 1814 vita
2375 1758 2623 1822 Ca-sare,
2674 1772 2740 1812 ac
2781 1771 2840 1812 se
2879 1755 3061 1811 Miloni
3105 1754 3278 1810 exsuli
3313 1753 3515 1824 junxit.
3560 1753 3816 1822 Cumque

507 1869 668 1932 genta
698 1859 887 1916 millia.
923 1855 1090 1930 416
1118 1856 1249 1912 lude
1278 1857 1557 1927 digressus
1583 1853 1888 1908 Ariminum
1929 1851 1994 1906 ad
2027 1852 2104 1905 lc-

507 1954 723 2025 giones,
753 1967 878 2008 mox
912 1950 1079 2020 Alpes
1104 1957 1467 2016 transvectus,
1500 1947 1800 2002 Massiliam
1841 1946 2012 2008 venit,
2042 1943 2108 1999 ad

509 2062 672 2118 quam
723 2044 1178 2119 oppugnandam,
1225 2047 1400 2101 Rcum
1457 2051 1712 2113 receptus
1763 2058 1872 2097 non
1930 2051 2109 2107 esset,

507 2141 828 2198 Tribonium
871 2155 995 2196 cum
1047 2139 1221 2194 tribus
1272 2137 1578 2208 legionibus
1634 2136 1984 2206 relinquens,
2040 2133 2108 2188 ad

507 2233 803 2305 Hispanias
839 2233 1157 2301 contendit,
1190 2248 1324 2302 quas
1372 2230 1438 2288 L.
1484 2231 1775 2296 Alranius,
1809 2239 1865 2285 ct
1908 2229 1976 2283 Μ.
2009 2228 2110 2285 I’e-

509 2327 704 2393 treius,
737 2335 794 2382 et
823 2327 894 2382 Μ.
923 2325 1117 2395 Varro,
1154 2325 1472 2394 Pompeiani
1505 2323 1694 2390 duces,
1725 2338 1846 2380 cum
1881 2323 2110 2394 legioni-

509 2419 616 2477 bus
643 2419 985 2476 obtinebant.
1038 2419 1114 2475 lbi
1154 2418 1340 2474 multis
1383 2417 1588 2488 prtcliis
1632 2417 1911 2472 Petreium
1949 2417 2109 2472 Afra-

511 2514 773 2587 niumque
799 2522 1113 2586 superatos,
1155 2516 1176 2547 ⁹
1201 2512 1506 2585 composita
1555 2513 1812 2583 pactione
1833 2551 1848 2576 ,
1879 2511 2109 2566 dimisit.

511 2609 570 2667 ltt
595 2609 859 2668 ulteriore
901 2625 1031 2668 vero
1072 2609 1330 2681 Hispania
1363 2608 1497 2665 duas
1533 2607 1835 2679 legionesa
1863 2607 1935 2663 Μ.
1971 2606 2109 2664 Var-

511 2716 650 2759 rone
681 2702 941 2773 suscepit.
993 2701 1259 2760 Similiter
1283 2710 1339 2758 et
1375 2700 1547 2758 duces
1578 2701 1728 2771 ejus,
1766 2701 1810 2732 '°
1839 2700 1944 2757 ltoc
1986 2711 2108 2768 est,

508 2789 677 2848 Curio
704 2792 966 2850 Catonem
996 2791 1183 2849 Sicilia
1209 2791 1437 2863 expulit,
1467 2791 1716 2849 Valerius
1739 2791 1957 2848 Cottam
1981 2791 2112 2848 Sar-

509 2885 682 2956 dinia,
712 2886 1058 2947 Tuberonem
1081 2886 1268 2945 Africa
1302 2886 1480 2945 Varus
1497 2886 1682 2960 ejecit.
1711 2887 1897 2945 Cresar
1917 2885 2109 2944 Massi-

2213 1852 2374 1908 ambo
2414 1866 2699 1906 servorum
2742 1864 2902 1903 manu
2932 1848 3172 1920 Capuam
3203 1862 3516 1918 oppugnare
3546 1845 3818 1902 moliren-

2216 1953 2324 2011 tur,
2356 1944 2522 1999 occisi
2554 1950 2701 1998 sunt.
2738 1941 2962 1998 Bibulus
2988 1940 3130 2012 apud
3153 1939 3459 2012 Corcyram
3491 1940 3702 2010 pudore
3728 1938 3817 1993 vi-

2213 2047 2334 2093 ctus
2357 2079 2372 2103 ,
2399 2034 2544 2106 quod
2575 2033 2842 2090 custodia:
2869 2033 2989 2104 ejus
3011 2075 3027 2101 ,
3079 2048 3244 2102 quam
3289 2034 3483 2103 pelago
3519 2043 3574 2088 et
3613 2031 3817 2103 oppido

2215 2131 2620 2204 pra-tendebat,
2654 2129 2827 2185 hostis
2855 2128 3120 2193 illuserat,
3151 2126 3332 2183 inedia
3360 2141 3484 2183 sese
3509 2125 3821 2198 vigiliisque

2214 2230 2467 2288 coniecit.
2497 2227 2542 2259 ²⁰
2585 2225 2792 2298 Appius
2831 2223 3094 2280 Claudius
3134 2220 3501 2288 Censorinus,
3542 2223 3635 2293 qui
3658 2221 3818 2292 jussu

2213 2320 2460 2390 Pompeii
2507 2320 2772 2377 Grteciatn
2818 2319 3107 2385 tuebatur,
3147 2318 3263 2390 jam
3301 2318 3560 2373 abolitam
3602 2316 3819 2389 Pythici

2213 2415 2422 2472 oraculi
2468 2413 2632 2470 ﬁdem
2676 2414 2846 2468 voluit
2885 2413 3158 2484 experiri:
3199 2412 3400 2484 quippe
3424 2412 3495 2468 ab
3527 2427 3596 2467 eo
3623 2410 3819 2466 adacta

2214 2517 2367 2566 vates
2397 2507 2736 2566 descendere
2769 2509 2824 2563 in
2855 2523 3079 2576 Specum
3106 2548 3121 2573 ,
3167 2507 3516 2578 respondisse
3546 2507 3722 2564 fertur
3745 2507 3821 2563 de

2214 2603 2362 2658 bello
2397 2602 2747 2659 consulenti:
2798 2599 2952 2656 Nihil
2980 2603 3048 2656 ad
3079 2611 3126 2656 te
3153 2600 3278 2668 hoc,
3323 2599 3589 2669 Romane,
3622 2601 3822 2656 bellum

2215 2698 2477 2768 pertinet,
2509 2698 2553 2729 ’ί
2587 2695 2799 2752 Euboea:
2825 2696 2954 2751 cazla
2985 2695 3259 2751 obtinebis.
3305 2694 3455 2753 Coela
3499 2707 3680 2753 autem
3721 2713 3822 2753 vo-

2213 2799 2344 2847 cant
2371 2791 2676 2846 Euboicum
2703 2791 2905 2846 sinum.
2937 2791 3012 2846 lta
3043 2791 3250 2861 Appius
3277 2790 3536 2862 perplexa
3568 2790 3820 2847 incertus

2212 2895 2363 2941 sorte
2388 2882 2664 2939 discessit.
2688 2884 2733 2915 "
2765 2883 3037 2940 Admonet
3067 2897 3166 2942 nos
3192 2883 3395 2956 aliquid
3425 2884 3817 2941 obtrectatori~

1801 3029 2252 3088 HAVERCAMPI
2291 3031 2526 3089 NOTAE.

584 3145 639 3203 4.
679 3142 1039 3202 Transmeato.
1074 3144 1222 3200 Flor.
1257 3153 1383 3202 tert.
1415 3145 1742 3202 transmisso.

586 3218 639 3290 Ei.
683 3215 918 3290 Recepit.
949 3219 1079 3273 Mss.
1103 3218 1350 3286 quidam,
1380 3219 1581 3290 recipit.
1611 3218 1714 3274 Pro
1743 3217 2102 3286 morabantur,

512 3287 637 3348 edd.
663 3289 909 3358 qtttcdam
932 3331 946 3352 ,
970 3299 1135 3343 erant.

584 3362 639 3418 6.
685 3360 1042 3432 Negatuntquc
1069 3377 1132 3416 ea:
1155 3361 1344 3416 (erario
1365 3361 1655 3432 pecuniam.
1688 3360 2014 3432 luterposuit
2045 3378 2104 3418 se

511 3433 638 3505 huic
663 3434 740 3487 rei
765 3431 827 3488 ι..
848 3431 1098 3505 Metellus
1121 3431 1372 3505 tribunus
1395 3434 1588 3501 plebis.
1618 3434 1759 3505 App.
1786 3431 1884 3489 lib.
1915 3450 1976 3500 ll,
2008 3436 2105 3490 Dio

511 3503 610 3560 lib.
647 3519 760 3572 xu,
788 3505 987 3559 Lucan.
1024 3504 1119 3559 lib.
1154 3520 1235 3559 ιιι.
1266 3503 1430 3560 ΡΑΒιι.

583 3577 638 3632 7.
679 3575 890 3648 Argenti
931 3577 1128 3648 pondo.
1172 3575 1399 3642 lnquirit
1445 3576 1494 3630 itt
1529 3576 1667 3630 hanc.
1704 3591 1969 3632 summam
2002 3577 2105 3633 Btt-

509 3647 660 3721 datus
690 3647 769 3704 de
787 3650 923 3704 Asse
951 3647 1054 3721 lib:
1088 3663 1157 3721 tt,
1198 3663 1321 3720 pag.
1361 3648 1466 3704 518
1489 3689 1504 3716 ,
1549 3664 1709 3720 quem
1753 3649 1898 3705 vide.
1927 3650 2100 3721 Lugd.

507 3718 815 3848 galtt.ttres
850 3736 970 3776 cum
1015 3719 1158 3776 Coll.
1205 3718 1445 3776 Gronov.
1497 3718 1699 3792 pondus
1739 3721 1842 3778 hoc
1884 3721 1936 3778 iit
1984 3718 2104 3778 loco

548 3807 578 3846 e
603 3807 670 3848 en
704 3831 718 3846 .

548 3801 718 3848 elent.

582 3867 636 3919 8.
679 3863 808 3918 Cum
837 3873 1070 3936 receptus
1098 3879 1200 3919 non
1225 3873 1374 3919 esset.
1403 3863 1459 3918 lit
1510 3880 1642 3936 mss.
1669 3864 1993 3935 quibusdam
2027 3865 2103 3922 le-

548 3933 654 3991 itur
707 3951 820 3997 cur.
857 3933 1006 4006 quad
1055 3934 1110 3990 itt
1145 3935 1400 3991 omnibus
1450 3935 1623 3991 Edilis
1677 3933 1946 3994 Servatur.
1993 3937 2102 3994 Sed

559 4007 684 4080 ugd.
730 4007 873 4062 Batt.
907 4022 1020 4063 sec.
1050 4017 1106 4062 et
1134 4016 1314 4080 quart.
1354 4008 1601 4080 scribunt
1638 4024 1788 4074 cunt,
1839 4011 1981 4080 quod
2015 4009 2103 4066 ltic

509 4079 725 4134 videtur
753 4093 878 4134 esse
927 4078 1293 4150 reponendum
1315 4119 1328 4140 .
1377 4078 1478 4134 nisi
1529 4079 1780 4135 malimus
1803 4078 1970 4151 quod,
2005 4098 2102 4150 pro

507 4166 612 4221 qua
645 4164 778 4206 voce
809 4151 1010 4220 passim
1041 4152 1093 4206 in
1124 4167 1256 4207 mss.
1289 4151 1570 4206 Orosianis
1605 4167 1699 4206 cur
1728 4153 1895 4208 scribi
1937 4153 2098 4209 solet.

581 4224 636 4278 9.
677 4221 974 4294 Composita
1016 4223 1272 4294 pactione.
1323 4222 1461 4278 Edd.
1493 4223 1737 4294 quaedam
1770 4225 2103 4282 interserunt

512 4293 720 4364 [traderis
749 4293 938 4350 contra
972 4293 1105 4350 mss.

584 4367 675 4422 10.
717 4364 836 4442 Hoc
867 4376 961 4442 est.
1001 4365 1154 4442 Solet
1183 4365 1256 4442 ita
1296 4365 1441 4442 loqui
1488 4367 1753 4442 0rosius._
1778 4369 1957 4442 Quare
1984 4379 2099 4442 post

511 4436 642 4502 lucc,
666 4436 810 4508 quod
839 4436 963 4492 edd.
997 4437 1214 4507 quidam
1243 4436 1464 4502 habent,
1497 4450 1646 4496 recte
1678 4440 1950 4508 rejiciunt.

584 4511 674 4564 lt.
718 4508 780 4561 At
804 4525 920 4564 vero
952 4508 1245 4564 Dolabella.
1291 4508 1449 4564 Hunc
1491 4509 1670 4566 locum
1698 4512 1928 4566 studiosi
1975 4513 2098 4568 dili-

509 4589 698 4651 genter
727 4581 908 4652 legere
936 4581 1170 4643 debent,
1223 4595 1346 4636 cum
1387 4589 1494 4636 tota
1543 4581 1660 4638 lucc
1699 4597 1788 4638 res
1817 4600 1844 4637 a
1875 4581 2093 4642 Czesare

510 4667 617 4727 non
643 4651 817 4727 longe,
848 4651 1111 4727 ab_in_itio
1147 4652 1242 4727 lib.
1297 4667 1356 4706 ιιι
1381 4652 1448 4708 de
1477 4654 1622 4709 bello
1647 4654 1791 4710 civili
1822 4654 2092 4727 descripta

508 4721 868 4800 interciderit.
913 4724 1116 4800 Eadem
1156 4724 1401 4800 breviter
1449 4737 1713 4800 narratur
1741 4727 1816 4800 ab
1846 4721 2094 4800 Appiano

508 4804 567 4851 et
600 4795 799 4864 Dione,
847 4795 944 4852 sed
966 4812 996 4850 a
1029 4795 1250 4852 Lucano
1298 4795 1472 4852 fusius
1519 4797 1850 4854 describitur
1889 4795 1985 4855 lib.
2018 4818 2091 4857 tv.

509 4864 646 4924 Vide
679 4866 898 4924 Florum
932 4868 1025 4922 lib.
1060 4883 1132 4937 tv,
1162 4883 1212 4923 c.
1245 4865 1302 4924 2.
1334 4866 1498 4924 ΕΔΜ.

506 4939 668 5068 ac”.
690 4937 957 5024 .Partium
975 4939 1213 4995 Cwsaris.
1249 4941 1306 4995 In
1335 4940 1658 5012 quibusdam
1680 4943 1831 5010 edd.,
1859 4959 1924 5000 ex
1946 4955 2094 5016 parte

595 5027 750 5066 sam.

549 5025 729 5066 (εεαηε
737 5051 750 5066 .

578 5084 668 5140 15.
707 5083 792 5158 ᾼᾴ
824 5082 1130 5158 Antonium.
1162 5083 1220 5141 In
1249 5083 1376 5142 cod.
1407 5083 1555 5141 Flor.
1581 5101 1665 5158 pr.
1701 5087 1782 5142 Art
1813 5087 2094 5144 Antonium

502 5154 980 5228 confugitjegitur.

580 5225 683 5282 ΗΣ
735 5225 988 5282 Basillus.
1029 5225 1280 5283 Lucanus
1309 5228 1404 5284 lib.
1435 5245 1486 5284 tv
1515 5247 1528 5284 :
1555 5230 1623 5285 Et
1655 5230 1891 5287 Basilum
1922 5233 2094 5289 videre

506 5297 710 5356 ducent.
744 5299 852 5356 Sed
878 5298 949 5355 de
993 5300 1096 5355 ltoe
1127 5303 1346 5356 nomine
1371 5300 1615 5358 dicemus
1644 5318 1696 5359 c.
1731 5303 1820 5358 18.
1849 5303 1951 5360 Far
1965 5321 2016 5360 ιι.

580 5369 669 5426 15.
710 5369 816 5443 Per
852 5370 1086 5442 singulas
1119 5371 1360 5443 legiones.
1395 5373 1638 5430 Pessime
1682 5376 1734 5430 itt
1765 5374 1960 5431 Orosio
2007 5378 2091 5432 al-

507 5441 684 5532 lectus
735 5442 828 5532 hic
877 5441 1193 5532 locus‘luLit'.
1245 5443 1381 5532 Etim
1431 5445 1484 5500 in
1529 5447 1803 5532 plerisque
1847 5463 1977 5503 mss.
2005 5448 2096 5532 (ut

505 5513 766 5590 colligere
788 5515 922 5590 licet
947 5529 1015 5571 ex
1046 5515 1218 5570 tribus
1248 5513 1734 5590 Ειομιοιιιιηίιιιιςάζ
1762 5519 1887 5590 Dat.
1909 5513 2090 5590 tertio,

504 5583 659 5659 Meo,
675 5584 929 5659 Perizon.
960 5595 1128 5659 atque
1166 5584 1294 5659 cod.
1325 5587 1492 5659 Aug.)
1524 5583 1831 5659 legeretur,
1866 5583 2098 5647 Basillus

503 5666 554 5714 ct
583 5657 870 5732 Sallustius
899 5657 1134 5732 singulas
1166 5657 1683 5730 legiones,'editores
1712 5661 1965 5718 viderunt
1989 5662 2098 5724 im-

505 5729 805 5798 perfectum
827 5729 933 5787 hoc
959 5729 1124 5787 modo
1147 5729 1271 5786 esSc
1293 5746 1536 5796 sensum,
1565 5740 1735 5798 atque
1761 5734 1829 5789 de
1859 5749 1959 5790 suo
1985 5734 2096 5790 lar-

503 5799 601 5876 giti
627 5810 756 5858 sunt
783 5811 1048 5875 parantes.
1081 5802 1233 5869 Quod
1267 5817 1436 5875 usque
1465 5803 1534 5860 ad
1567 5799 1876 5863 Fabricium
1906 5821 2097 5866 omnes

2133 3145 2178 3208 C
2211 3145 2336 3202 edd.
2387 3154 2613 3216 excepta
2644 3145 2876 3217 August.
2911 3147 3221 3217 occupavit.
3261 3145 3550 3204 Fabricius
3577 3157 3763 3204 autem
3794 3191 3810 3217 ,

2213 3220 2361 3274 nulla
2391 3218 2706 3274 mutationis
2747 3233 2863 3274 sua:
2894 3218 3108 3274 ratione
3136 3219 3221 3274 vel
3248 3220 3572 3276 auctoritate
3603 3221 3812 3287 addita,

2213 3291 2457 3360 reposuit
2483 3290 2790 3345 dividentes.
2815 3289 2864 3344 Is
2887 3305 3127 3360 quoque.
3159 3291 3250 3360 qui
3275 3290 3518 3348 Florent.
3549 3293 3674 3348 cod.
3705 3303 3819 3348 ter-

2213 3363 2345 3417 tium
2396 3364 2675 3427 exaravit,
2729 3362 2920 3417 deesse
2965 3362 3172 3430 aliquid
3204 3363 3427 3432 videns,
3478 3365 3662 3420 verbis
3695 3363 3819 3420 illis

2208 3436 2394 3504 quibus
2423 3446 2702 3502 praerunl,
2727 3434 3115 3504 superscripsit
3143 3435 3406 3490 ducentes.
3439 3436 3512 3492 At
3537 3451 3662 3504 ego,
3687 3454 3816 3491 cum

2208 3506 2261 3562 in
2291 3507 2462 3562 tribus
2493 3506 2653 3561 codd.
2693 3520 2826 3561 mss.
2870 3506 3043 3575 Lugd.
3070 3505 3241 3572 Batt.,
3273 3516 3539 3577 praeterea
3580 3509 3634 3563 itt
3668 3508 3812 3564 Ultr.

2209 3586 2262 3632 ct
2293 3579 2345 3632 in
2375 3578 2508 3632 Coll.
2548 3578 2789 3634 Gronov.
2828 3577 3128 3651 invenerint
3163 3595 3255 3648 per
3272 3579 3531 3651 singulas,
3564 3596 3671 3635 non
3701 3582 3814 3635 du-

2209 3651 2372 3704 bitavi
2405 3665 2589 3704 veram
2620 3653 2758 3722 hanc
2781 3663 2905 3705 esse
2930 3649 3224 3722 lectionem
3243 3695 3256 3718 ,
3283 3649 3444 3722 atque
3469 3668 3534 3708 ex
3563 3667 3651 3716 ea,
3685 3669 3815 3708 cum

2205 3731 2486 3777 contracte
2530 3721 2863 3778 scriberetur
2913 3738 3036 3791 per,
3070 3721 3312 3777 editores
3361 3721 3568 3792 primos
3613 3723 3817 3780 fecisse

2207 3804 2478 3864 parantes.
2504 3795 2608 3850 Per
2642 3794 2886 3863 singulas
2921 3805 3103 3848 autem
3135 3793 3379 3863 legiones
3400 3793 3456 3850 lti
3486 3796 3612 3850 victi
3641 3806 3810 3863 sunt,

2205 3865 2350 3938 quod
2395 3881 2502 3920 non
2546 3865 2858 3934 conjunctis
2903 3864 3077 3935 copiis
3103 3911 3117 3934 ,
3160 3865 3256 3920 sed
3298 3867 3495 3938 singuli
3537 3883 3665 3923 cum
3709 3885 3812 3923 sua

2207 3937 2445 4019 legione,
2479 3938 2566 3993 cui
2593 3946 2886 4007 praeerant,
2921 3953 3139 3992 manum
3168 3952 3290 3993 cum
3317 3937 3476 3997 hoste
3501 3953 3809 3997 conserue-

2204 4019 2334 4064 l'llli.

2279 4083 2366 4155 t6.
2395 4079 2464 4135 Et
2489 4081 2611 4135 victi
2639 4090 2779 4136 sunt.
2806 4081 2956 4138 Meus
2976 4079 3147 4139 codex
3171 4081 3610 4155 conjtmctionem
3641 4095 3691 4140 et
3713 4103 3815 4143 ex-

2204 4153 2412 4224 pungit.

2275 4227 2366 4302 17.
2395 4224 2527 4302 Cum
2553 4227 2846 4298 quindecim
2874 4227 3196 4286 cohortibus.
3233 4226 3335 4290 Ed.
3367 4231 3532 4302 Aug.,
3573 4246 3694 4284 cum
3730 4247 3810 4288 xtl

2203 4299 2522 4354 cohortibus.

2276 4370 2367 4444 18.
2401 4371 2558 4428 Curio
2587 4381 2635 4427 et
2667 4373 2875 4430 Sicilia.
2907 4372 3036 4441 Qua:
3069 4373 3156 4428 hic
3183 4373 3250 4428 de
3271 4370 3526 4431 Curionis
3550 4374 3808 4444 interitu,

2205 4453 2261 4517 et
2300 4443 2627 4517 Salouarum
2663 4447 3096 4517 oppugnatione,
3137 4446 3266 4517 item
3303 4447 3370 4502 de
3396 4447 3467 4502 Μ.
3497 4447 3708 4504 (Ζωιὶιιο
3749 4443 3809 4505 et

2202 4513 2270 4643 ἓξ.
2302 4515 2499 4573 Milone
2522 4513 2994 4589 perstringuntur,
3029 4532 3091 4572 ea
3118 4516 3305 4574 thsar
3337 4521 3561 4590 cepiose
3591 4532 3809 4579 narrat.

2248 4604 2369 4643 ABR.

2248 4604 2347 4643 ABR
2357 4629 2369 4642 .

2274 4661 2364 4736 it).
2399 4660 2744 4736 oppugnare.
2772 4663 2900 4736 Mss.
2929 4662 3145 4736 quidam
3172 4679 3496 4736 expugnare.

2272 4731 2364 4787 20.
2405 4731 2918 4808 AppinsgClaudius.
2962 4734 3113 4790 Hauc
3149 4731 3263 4808 rem
3299 4731 3524 4808 exponit
3554 4736 3811 4794 Valerius

2203 4801 2296 4858 lib.
2325 4819 2364 4873 ι,
2397 4801 2534 4861 εζ8.
2568 4804 2704 4861 Vide
2734 4805 2938 4861 Lucan.
2971 4807 3067 4861 lib.
3096 4823 3146 4862 v.
3185 4807 3347 4864 FABR.

2273 4875 2366 4950 2|.
2409 4874 2618 4950 Eubius:
2656 4879 2800 4934 creta.
2846 4877 2902 4933 ln
2944 4879 3226 4949 impressis
3254 4880 3457 4936 Valerii
3496 4880 3654 4937 libtis
3685 4889 3806 4950 est,

2204 4945 2415 5023 {Subiere
2441 4948 2656 5023 cellam;
2700 4953 2751 5004 in
2796 4945 3195 5023 manuscripto,
3245 4950 3455 5008 Euboea:
3488 4956 3706 5023 coctam,
3747 4945 3810 5011 et

2202 5017 2424 5087 deinde,
2453 5019 2596 5077 caelte
2617 5023 2824 5076 eubrew.
2858 5017 3113 5079 Lucanus
3143 5042 3154 5078 :

2502 5175 2523 5202 ,ν
2552 5171 2565 5185 .
2609 5177 2620 5188 .
2655 5135 2902 5202 Solusque
2922 5139 3146 5202 quietem

2325 5176 2528 5250 Euboici
2548 5176 3366 5256 vast;laiegsvc‘oitv'ai‘le-tenebis.
3577 5205 3732 5257 FAII.

2270 5306 2360 5361 2‘2.
2389 5307 2640 5364 Admonet
2663 5325 2781 5375 nos,
2816 5319 2924 5366 etc.
2953 5309 3237 5375 Vulgatam
3262 5311 3404 5368 hanc
3429 5312 3722 5370 lectionem
3748 5315 3803 5369 si

2200 5380 2558 5456 retineamus,
2584 5382 2865 5456 consulere
2883 5380 3084 5456 aliquid
3107 5384 3554 5444 obtrectatoribus.
3585 5387 3802 5456 signili-

2198 5451 2378 5518 cabit,
2420 5451 2667 5521 proferre
2689 5453 2904 5525 aliquid
2950 5451 3002 5509 in
3046 5470 3234 5512 eorum
3275 5451 3662 5514 commodum:
3692 5459 3803 5525 Qui

2201 5537 2268 5603 an
2291 5537 2485 5603 sensus
2515 5525 2586 5578 sit
2611 5524 2767 5603 hujus
2791 5524 2893 5580 loci
2917 5525 3070 5603 valde
3090 5527 3312 5603 dubito;
3332 5530 3648 5603 prasertim
3671 5524 3803 5585 cum

2203 5594 2257 5649 in
2285 5594 2459 5671 tribus
2501 5595 2937 5671 tnss_._Florentt.
2971 5599 3307 5671 totidemque
3330 5599 3501 5671 Lugd.
3535 5601 3681 5656 Batt.
3717 5612 3805 5655 at-

2202 5681 2308 5736 quc
2352 5667 2575 5739 insuper
2614 5666 2752 5723 Ultr.
2796 5668 3008 5739 legatur
3048 5670 3110 5724 ab
3141 5666 3572 5728 obtrectatoribus
3604 5678 3804 5728 nostris

2203 5738 2472 5792 consultor
2492 5739 2596 5813 iste
2621 5738 2905 5813 consulere.
2941 5743 3248 5811 Quomodo,
3281 5747 3326 5800 si
3357 5761 3456 5813 pro
3480 5745 3674 5801 saeculi
3707 5747 3801 5800 sui

2203 5817 2366 5880 captu
2395 5810 2684 5882 scripserit
2712 5811 2962 5885 Orosius,
2992 5810 3321 5888 significabit
3349 5810 3495 5875 idem
3517 5818 3665 5888 quod
3697 5819 3798 5874 ob-
