4096 6350
331 326 469 382 1053

1361 336 1832 400 HISTORIARUM
1870 341 2077 400 LIBER
2121 344 2208 402 Vl.
2248 348 2404 406 CAP.
2453 351 2571 410 XV.

3473 365 3612 424 1034

326 443 430 500 bus
457 445 659 503 nostris
688 448 970 507 consultor
997 450 1098 508 iste
1127 456 1433 516 consulere.
1477 460 1786 529 Queruntur
1812 466 1918 522 uti-
1943 470 1993 530 Α
2021 474 2114 538 get
2135 469 2424 525 esuriens?
2454 469 2588 526 Nam
2605 481 2650 514 ιο
2668 470 2807 528 sicut
2839 471 2939 544 ipsi
2962 473 3222 546 fatemur,
3255 480 3347 536 vel
3369 483 3620 554 obscura,

326 551 433 608 que
472 538 579 596 fide
603 538 1036 601 Christianorum
1070 548 1172 604 sibi
1209 565 1370 609 sacra
1404 555 1716 626 interdicta,
1745 575 1913 619 etcre-

325 628 649 701 moniasque
674 633 941 703 sublatas,
973 637 1019 669 ¹³
1049 648 1105 695 et
1129 641 1200 695 ob
1225 641 1328 700 hoc
1351 647 1616 718 maxime,
1643 652 1787 722 quod
1826 669 1918 710 ex-

323 720 395 776 tis
439 723 816 797 vaticiniisque
865 732 1208 788 cessantibus
1257 735 1451 794 futurae
1498 720 1676 815 518—
1709 743 1914 812 clades,

321 815 446 886 quia
473 817 601 872 sciri
629 819 675 851 ’δ
706 832 1008 892 nequeunt,
1041 841 1148 882 non
1178 829 1437 886 vitantur.
1469 831 1578 888 Cur
1600 851 1732 906 ergo
1758 836 1918 909 longe

322 917 449 965 ante
480 909 770 982 imperium
792 913 1026 974 Caesaris
1057 919 1503 995 nativitatemque
1528 923 1752 994 Christi,
1779 929 1920 986 sicut

328 1001 572 1071 ipsorum
602 1016 852 1064 auctores
877 1016 1203 1068 attestantur
1222 1054 1239 1083 ,
1275 1014 1477 1072 abolita
1503 1016 1682 1074 fuerat
1706 1020 1916 1093 Pythici

322 1097 531 1154 oraculi
571 1098 742 1156 ﬁdes?
783 1102 998 1160 Aholita
1023 1117 1206 1164 autem
1237 1108 1384 1179 ideo,
1429 1112 1552 1184 quia
1580 1124 1912 1189 contempta.

322 1189 489 1248 Porro
520 1203 702 1252 autem
734 1212 903 1268 quare
930 1209 1274 1274 contempta,
1317 1207 1419 1262 nisi
1461 1209 1587 1280 quia
1629 1211 1714 1267 vel
1756 1211 1913 1281 falsa,

321 1283 403 1340 vel
428 1299 600 1355 vana,
643 1291 730 1346 vel
768 1290 978 1349 dubia?
1018 1295 1163 1354 unde
1191 1301 1489 1369 prudenter
1517 1303 1563 1334 ³³
1591 1313 1747 1375 poeta
1779 1321 1915 1376 prae-

318 1380 536 1436 monuit
568 1401 580 1436 :

442 1491 713 1548 Ineonsulti
735 1497 940 1564 abeunt,
963 1503 1236 1572 sedemque
1260 1508 1418 1562 odere
1441 1511 1638 1576 Sibylla:
1661 1527 1676 1565 :

318 1599 388 1658 Et
415 1616 486 1659 ne
515 1601 654 1661 forte
685 1607 834 1678 parvi
862 1609 916 1666 id
944 1611 1190 1681 pendant
1215 1655 1229 1680 ,
1262 1616 1406 1686 quod
1435 1629 1752 1691 contemptu
1785 1623 1915 1679 abo-

319 1692 473 1752 litum
502 1707 665 1768 atque
692 1702 1035 1772 antiquatum
1069 1706 1186 1774 fuit,
1217 1707 1321 1764 hoc
1343 1717 1446 1776 est,
1471 1721 1566 1766 aut
1590 1729 1790 1770 numen
1822 1725 1915 1771 aut

316 1786 507 1844 sedem
529 1830 546 1856 ,
574 1790 622 1822 “
648 1793 850 1863 Apollo
881 1794 970 1852 ille
996 1795 1220 1869 Pythius
1245 1809 1385 1870 erat,
1415 1818 1576 1874 quem
1603 1805 1781 1863 ferunt
1802 1823 1917 1863 ma-

2021 561 2107 619 vel
2140 561 2274 620 falsa
2298 565 2554 634 dicendo,
2593 567 2710 638 ipse
2740 567 2936 639 Apollo
2976 569 3212 627 seducit.
3249 571 3619 641 Quamobrem

2021 675 2179 732 aequo
2201 662 2384 717 animo
2406 661 2602 729 ferant,
2625 662 2669 694 ³¹
2691 663 2791 719 etsi
2819 665 3018 721 imitari
3043 665 3258 723 interim
3283 669 3496 737 nolunt,
3525 688 3623 727 nos

2020 752 2073 808 id
2106 755 2354 811 veritatis
2376 755 2585 826 judicio
2617 757 2779 811 etiam
2813 758 3124 827 prohibere,
3156 760 3298 829 quod
3323 773 3623 832 potuerunt

2021 849 2257 920 majores
2285 864 2495 919 eorum,
2524 853 2610 908 vel
2635 852 2972 923 experiendo
3000 864 3376 915 contemnere.
3406 859 3622 916 Interea

2019 943 2165 1011 apud
2217 942 2574 1014 Dyrrachium
2623 946 2781 1002 multi
2836 946 3082 1006 Orientis
3125 965 3282 1022 reges
3330 952 3400 1008 ad
3452 953 3620 1009 Pom-

2019 1037 2202 1106 peium
2232 1051 2358 1095 cum
2381 1040 2596 1096 auxiliis
2622 1041 2666 1073 ³¹
2698 1052 3096 1102 convenerunt.
3129 1044 3250 1113 Quo
3279 1061 3403 1102 cum
3435 1047 3619 1105 Caesar

2020 1129 2284 1197 venisset,
2327 1130 2642 1202 Pompeium
2669 1133 2958 1192 obsidione
2981 1134 3182 1192 frustra
3221 1138 3411 1205 cinxit,
3441 1138 3486 1170 ⁸³
3508 1140 3624 1211 ipse

2021 1232 2222 1279 terram
2267 1224 2314 1256 "‘
2343 1226 2654 1297 quindecim
2705 1229 2937 1287 millium
2991 1246 3246 1301 passuum
3295 1233 3438 1290 fossa
3483 1250 3627 1306 prae-

2019 1323 2396 1381 struens,cum
2423 1317 2497 1374 illi
2522 1322 2690 1377 maria
2719 1333 2990 1392 paterent.
3017 1324 3309 1397 Pompeius
3338 1329 3620 1385 castellum

2018 1409 2290 1480 quoddam
2317 1410 2681 1484 prOpiuquum
2707 1416 2866 1482 mari,
2887 1415 2933 1451 ³⁵
2955 1415 3099 1488 quod
3129 1417 3478 1475 Marcellinus
3506 1430 3625 1476 tue-

2017 1500 2198 1570 batur,
2229 1503 2448 1569 evertit,
2479 1505 2844 1576 praesidiaque
2869 1505 3103 1565 Caesaris
3128 1527 3251 1582 quae
3281 1512 3478 1568 ibidem
3511 1531 3625 1568 mo-

2018 1594 2286 1652 rabantur
2328 1597 2553 1654 occidit.
2603 1599 2788 1655 C:esar
2835 1599 3170 1673 Torquatum
3237 1603 3621 1677 legionemque

2020 1701 2205 1757 unam,
2252 1696 2310 1743 ut
2349 1700 2706 1762 expugnaret,
2750 1708 3044 1764 aggressus
3087 1705 3195 1751 est.
3231 1696 3344 1753 Hoc
3375 1699 3621 1768 periculo

2020 1780 2297 1836 sociorum
2331 1781 2625 1854 Pompeius
2651 1785 2894 1856 cognito,
2925 1801 3118 1843 omnes
3155 1803 3222 1844 eo
3269 1790 3457 1858 cepias
3488 1804 3624 1846 con-

316 1897 427 1952 guo
451 1883 549 1942 illo
575 1886 622 1918 ’τ
649 1861 898 1960 Pvthone
923 1902 1178 1963 serpente
1206 1861 1526 1968 interfecto,
1574 1903 1739 1958 totius
1777 1905 1916 1960 vati-
1945 1861 1992 1922 Β
2023 1873 2186 1929 "am
2215 1891 2227 1926 ⁵
2252 1872 2310 1968 in
2338 1889 2514 1968 3qu
2562 1890 2622 1931 se
2648 1875 2796 1932 illico
2845 1874 3032 1932 om“
3073 1892 3281 1934 omissa
3333 1879 3624 1937 Obs'dmne

316 1975 611 2035 cinationis
637 1991 862 2038 auctore
890 1993 946 2040 et
976 1986 1246 2059 principe,
1290 1989 1564 2048 haeredem
1593 2003 1648 2052 et
1676 1997 1822 2053 sedis
1861 2007 1915 2055 et

315 2067 678 2127 divinationis
709 2083 763 2130 et
790 2076 1027 2134 numinis
1050 2079 1324 2139 exstitisse
1353 2100 1366 2138 :
1413 2083 1594 2157 ibique
1633 2102 1756 2144 eum
1790 2090 1917 2147 red-

315 2160 450 2219 dere
470 2163 707 2235 elegisse
729 2182 1014 2238 responsa.
1041 2171 1131 2227 ubi
1157 2183 1276 2231 orta
1299 2189 1422 2231 cum
1445 2187 1669 2237 auctore
1692 2182 1804 2252 ipsa
1828 2183 1914 2239 di-

313 2253 522 2312 vinatio
548 2257 875 2317 videbatur:
921 2275 1184 2334 praeterea
1208 2283 1372 2340 quem
1403 2286 1499 2342 per
1527 2273 1670 2330 alias
1699 2292 1915 2349 quoque

313 2355 584 2406 terrarum
609 2363 793 2422 partes
824 2359 1211 2426 spumantibus
1238 2362 1450 2432 buccis,
1475 2367 1775 2441 rabidoque
1804 2371 1914 2430 dis-

310 2453 476 2499 cursu
519 2447 695 2503 omnis
739 2448 1063 2510 furiatorum
1106 2464 1282 2513 ructat
1322 2459 1532 2516 insania
1560 2505 1575 2530 ,
1640 2464 1707 2520 ad
1751 2483 1911 2537 quem

309 2534 530 2606 plurimi
580 2547 847 2598 terrarum
897 2560 1090 2618 reges,
1139 2551 1294 2621 quasi
1335 2554 1382 2586 ’⁸
1419 2555 1486 2610 ad
1514 2556 1692 2614 vivam
1718 2534 1908 2618 vocem

308 2631 549 2688 consulti
589 2636 828 2692 numinis
867 2652 1296 2710 concurrerunt,
1334 2645 1424 2702 cui
1465 2650 1769 2722 saepissime
1809 2655 1910 2726 ipsi

309 2735 530 2793 quoque
555 2723 785 2783 Romani
815 2731 1232 2801 opulentissima
1257 2737 1400 2792 dona
1429 2740 1718 2799 miserunt.
1769 2723 1847 2801 At
1864 2746 1909 2802 si

309 2810 508 2883 Apollo
538 2816 645 2874 iste
674 2818 900 2891 Pythius
930 2823 1190 2893 paulatim
1229 2825 1582 2890 discernente
1621 2837 1911 2906 experien-

311 2905 385 2962 tia
417 2918 785 2982 contemptus,
813 2916 1040 2974 relictus
1068 2929 1231 2991 atque
1258 2923 1494 2981 abolitus
1521 2934 1606 2984 est
1626 2969 1641 2996 ,
1670 2929 1802 3001 quid
1831 2933 1911 2987 vi-

308 3015 438 3058 vum
470 3002 541 3060 de
572 3015 789 3064 mortua
821 3009 1050 3079 pecude,
1070 3007 1206 3083 quid
1237 3030 1428 3072 verum
1456 3018 1526 3075 de
1551 3030 1769 3079 amente
1795 3039 1910 3080 mu-

306 3094 538 3154 liercula
563 3101 771 3170 sperari
799 3105 1021 3173 potest?
1050 3104 1192 3175 Quid
1222 3117 1524 3181 postremo,

436 3213 480 3244 ²⁹
505 3211 699 3266 Inﬂavit
718 3228 828 3266 eum
854 3217 1050 3282 pinguis
1073 3219 1197 3271 ebur
1221 3221 1504 3286 Tyrrhenus
1528 3227 1589 3278 ad
1613 3241 1742 3293 aras,

300 3335 472 3415 419
512 3343 773 3416 expositis
801 3347 997 3420 opimae
1030 3351 1254 3421 pecudis
1301 3354 1596 3425 intestinis,
1647 3374 1756 3417 non
1789 3363 1898 3420 fin-

2017 1966 2311 2022 convertit.
2335 1966 2650 2040 Torquatus
2673 1979 2856 2026 autem
2879 1986 2910 2027 e
2932 1971 3223 2042 vestigio“6
3236 1988 3621 2046 prorumpens,

2017 2073 2268 2116 aversum
2314 2061 2596 2118 insecutus
2623 2073 2728 2119 est.
2767 2065 2842 2119 lta
2867 2065 3104 2120 Czesaris
3150 2066 3356 2123 milites
3386 2069 3614 2138 ancipiti

2017 2151 2265 2223 periculo
2294 2154 2492 2222 territi,
2530 2154 2648 2226 ipso
2678 2155 2896 2213 Caesare
2933 2157 3132 2214 frustra
3162 2159 3490 2226 obsistente,
3524 2160 3617 2217 fu-

2016 2254 2235 2316 gerunt.
2267 2246 2560 2319 Pompeius
2587 2264 2718 2306 vero
2737 2251 2780 2283 ³⁷
2803 2249 3037 2307 Caesaris
3060 2267 3278 2324 quoque
3307 2255 3624 2312 testimonio

2019 2343 2220 2407 victor,
2261 2355 2681 2414 persequentem
2720 2347 2998 2402 revocavit
3037 2350 3370 2406 exercitum.
3404 2350 3450 2386 ³⁸
3476 2351 3622 2418 Qua-

2020 2441 2149 2490 tuor
2196 2436 2368 2492 millia
2412 2438 2644 2495 militum
2692 2440 2948 2512 Caasaris,
3004 2443 3364 2501 centuriones
3421 2446 3623 2519 viginti

2021 2525 2152 2597 duo,
2188 2528 2232 2562 ³⁸
2263 2531 2583 2603 equitesque
2635 2531 2868 2590 Romani
2910 2538 3226 2606 complures
3255 2538 3422 2612 420
3462 2541 3514 2596 in
3553 2556 3620 2596 eo

2015 2619 2208 2689 praelio
2237 2622 2368 2676 caesi
2400 2631 2549 2680 sunt.
2585 2625 2767 2680 Caesar
2796 2626 2927 2684 inde
2956 2629 3126 2683 citato
3162 2633 3379 2700 agmine
3409 2648 3509 2702 per
3541 2633 3616 2688 E-

2014 2711 2192 2781 pirum
2227 2712 2280 2768 in
2327 2713 2665 2771 Thess-aliam
2697 2719 2958 2788 perrexit.
3006 2720 3294 2792 Pompeius
3325 2739 3450 2778 cum
3499 2740 3617 2780 ma-

2015 2804 2178 2860 ximis
2226 2806 2397 2878 copiis
2439 2819 2694 2877 secutus,
2744 2811 3057 2883 bellumque
3100 2817 3458 2871 commissum
3507 2827 3614 2874 est.

2011 2894 2198 2967 Itaque
2230 2896 2276 2928 ‘°
2321 2899 2613 2956 instruitur
2659 2900 2930 2973 utrimque
2982 2903 3153 2960 acies.
3203 2905 3246 2937 δι
3307 2906 3603 2978 Pompeius

2011 2989 2284 3060 octoginta
2325 3002 2380 3048 et
2433 3003 2557 3049 octo
2600 2993 2860 3051 cohortes
2905 2996 3105 3066 triplici
3155 2997 3348 3056 ordine
3391 3001 3620 3058 locavit.

2011 3079 2262 3139 Fuerunt
2283 3094 2466 3142 autem
2494 3087 2744 3156 peditum
2769 3089 3127 3161 quadraginta
3157 3092 3348 3161 millia,
3390 3095 3605 3166 equites

2011 3173 2066 3232 in
2090 3176 2311 3235 sinistro
2331 3195 2499 3236 cornu
2531 3183 2796 3250 sexcenti,
2830 3181 2885 3237 in
2917 3183 3110 3240 dextro
3135 3186 3437 3257 quingenti,
3473 3203 3621 3258 prae-

1929 3248 1974 3312 ί)
2009 3278 2156 3328 terea
2212 3287 2371 3345 reges
2419 3275 2612 3343 multi,
2665 3286 2969 3346 senatores,
3021 3279 3342 3352 equitesque
3390 3282 3621 3338 Romani

2004 3369 2224 3439 plurimi
2269 3369 2477 3442 absque
2516 3369 2562 3402 ’⁵⁸
2611 3371 2814 3427 levium
2854 3380 3251 3432 armaturarum
3291 3389 3488 3447 magna
3520 3390 3618 3434 co-

1585 3499 2038 3567 HAVERCAMPI
2076 3511 2307 3571 ΝΟΤᾸΒ.

306 3602 905 3684 ενεςιαιρνε-ξ-ςοηευιηε
925 3646 940 3671 ,
970 3606 1010 3663 i.
1043 3621 1093 3664 e.
1131 3607 1496 3682 interrogare,
1519 3623 1684 3684 prout
1713 3619 1900 3676 statim

308 3672 460 3746 iacit,
494 3674 553 3746 in
581 3675 712 3738 illis,
737 3674 842 3730 Cur
869 3693 1016 3746 ergo,
1045 3688 1156 3736 etc.

376 3743 471 3829 23:
507 3742 669 3829 Etgob
694 3742 1343 3829 Ιιοσνηιατὲἰηὶξ.ἰιι-ωδε.
1387 3753 1657 3816 Florentt.
1701 3760 1899 3829 tribus,

305 3815 483 3899 Lugd.
508 3817 649 3877 Batt.
674 3828 982 3899 quatuor-et
1002 3819 1405 3899 Coll._Gronov_.
1428 3835 1590 3899 atque
1610 3815 1748 3886 vett.
1772 3815 1898 3888 edd:

305 3887 532 3968 legitur,
591 3899 639 3944 et
651 3887 730 3968 ab
742 3889 848 3968 _Itoc
873 3892 989 3968 ideo
1013 3895 1260 3968 maxime,
1288 3897 1397 3968 nisi
1420 3887 1564 3968 quod
1589 3901 1648 3954 ob
1670 3887 1902 3960 absiﬁjt’,

305 3960 444 4032 edit.
476 3961 616 4032 Aug.
651 3959 938 4029 Vulgatam
967 3959 1255 4021 lectionem
1283 3959 1450 4024 Meus"
1477 3981 1530 4024 et
1559 3970 1738 4032 Periz.
1769 3959 1900 4032 con-

306 4031 682 4109 ιιι-ριξιιιεριιιη
709 4032 864 4109 Ultr._
881 4049 1063 4109 eaque
1080 4037 1211 4092 satis
1240 4040 1408 4109 proba
1435 4051 1541 4097 est.

381 4101 475 4189 ξε.
511 4101 816 4189 aequitum.
842 4101 1012 4189 Lugd.
1043 4101 1394 4189 [fattxp'nﬁet
1423 4122 1558 4189 tert.
1577 4158 1591 4183 ,
1625 4128 1898 4189 nequeant.

510 4171 675 4253 Poeta
695 4171 1032 4253 praemonuit.
1061 4171 1250 4250 Virgil.
1277 4180 1493 4238 Aineid.
1523 4171 1603 4253 ιη’,
1638 4171 1770 4244 452.

376 4245 473 4301 26.
505 4245 831 4334 Apelleis“:
873 4247 1099 4334 Pythius
1138 4245 1271 4334 erat.
1316 4245 1762 4334 Edit._August._,
1789 4260 1902 4334 Py-

305 4315 454 4373 thon.
493 4315 685 4386 Apollo
713 4319 810 4373 iste
838 4315 969 4375 era't.
999 4321 1058 4377 In
1090 4322 1283 4378 eodem
1308 4325 1431 4381 cod.
1463 4315 1674 4386 limavex
1703 4315 1894 4389 Gloss'a

303 4397 526 4472 recepta
553 4389 964 4472 prmcedebant:
989 4392 1178 4472 Apollo
1201 4398 1446 4472 successit
1481 4399 1645 4458 meres
1675 4405 1899 4472 serpenti

305 4461 363 4543 in
390 4460 713 4548 divinatione
734 4459 967 4533 Python.
1011 4459 1140 4519 Post
1180 4465 1370 4538 Apollo
1409 4475 1655 4529 successit
1694 4459 1903 4548 Sibylla

303 4531 363 4586 in
386 4531 730 4588 divinatione.

378 4602 493 4683 Ξῖ..
514 4603 754 4676 Pythone
779 4618 1034 4680 serpente.
1075 4607 1153 4666 De
1177 4608 1424 4683 Pythone
1451 4613 1820 4676 Callimachus
1849 4619 1902 4677 in

308 4672 622 4746 Apollinem
645 4692 661 4733 :

429 4785 536 4824 ne“
554 4799 614 4824 τοι
629 4787 794 4827 κατιόντι
817 4788 1012 4838 συνήντετο
1037 4785 1221 4840 δαιμόνιος
1243 4791 1312 4844 θήρ
1325 4820 1336 4838 ,

434 4843 542 4895 Αὶνὸς
564 4846 656 4901 ὄφις,
677 4851 742 4889 τὸν
767 4851 832 4901 μὶν
848 4852 894 4891 σὺ
917 4853 1132 4904 “uiuacis,
1153 4849 1264 4893 ἄλλον
1290 4843 1454 4908 itfiqu

432 4909 578 4950 Βάλλων
598 4911 690 4951 cimini
712 4913 852 4954 ὀϊστόν.

303 5002 581 5078 ζῐᾶεειε

429 5099 671 5176 gorridus
689 5106 905 5176 occurrit
925 5117 1134 5176 serpens
1152 5075 1258 5176 fera
1276 5108 1472 5176 bestia,
1501 5109 1656 5176 Pytho
1683 5124 1696 5160 :

430 5162 591 5237 Quem
613 5172 666 5215 tu
685 5167 1000 5237 descendens
1014 5162 1228 5237 'perimis
1245 5172 1343 5222 cito
1361 5162 1560 5224 fatiferd
1579 5188 1694 5226 arcu
1706 5214 1720 5237 ,

429 5223 670 5278 Continua
691 5228 916 5280 volucres
933 5223 1050 5280 dum
1069 5231 1241 5295 dirigis
1263 5239 1371 5286 arte
1393 5223 1614 5300 sagittas.

303 5326 610 5411 _I_)_ionysin_s_
635 5330 1054 5411 Afer_6_pa'¢xgwa
1079 5333 1316 5411 δςλφρνην
1361 5339 1618 5411 appellat.
1651 5339 1895 5396 Tibullus

300 5401 404 5476 lib1
420 5399 491 5476 _ti,
524 5401 610 5476 ubi
637 5399 896 5476 Delphica
925 5403 1097 5476 Pytho
1119 5409 1145 5460 ε)
1172 5399 1342 5464 Fasti.

375 5472 466 5531 28.
511 5471 594 5527 Ad
621 5471 787 5550 vivam
820 5471 1151 5550 vorem._Etl.
1188 5479 1352 5550 Aug.,
1395 5482 1464 5536 ad
1508 5500 1668 5538 uuam
1697 5500 1893 5543 vocem.

301 5543 432 5617 mox
458 5558 589 5617 mss.
621 5553 678 5599 et
701 5545 857 5601 editt.
885 5547 1152 5617 quaedam,
1185 5543 1576 5608 concurrerunt.

373 5614 466 5696 29_.
510 5613 725 5696 ullarit
753 5633 867 5671 cum
897 5613 1122 5696 pyrguis.
1139 5613 1353 5679 Versus
1375 5634 1457 5681 cst
1481 5625 1686 5696 Virgilii
1717 5627 1784 5684 de
1811 5642 1897 5684 se-

301 5687 488 5743 cundo
518 5687 660 5744 libro
685 5687 903 5758 Georg.
925 5687 1092 5747 Fasti.

375 5760 468 5814 50.
511 5758 659 5832 Sicut
685 5760 784 5831 ipsi
813 5761 1057 5832 fatentur.
1101 5764 1234 5820 Sine
1264 5765 1425 5821 modo
1453 5766 1570 5824 hsce
1594 5768 1740 5832 prius
1765 5785 1896 5827 eon-

299 5829 423 5907 iusa
453 5829 776 5907 legebantur
804 5829 883 5907 sic
917 5851 936 5907 :_
961 5832 1084 5888 Non
1103 5835 1296 5907 ﬁngent
1319 5839 1549 5894 esuriens
1575 5829 1762 5894 ?Nam
1785 5845 1890 5897 sic-

302 5911 362 5962 ut
385 5903 505 5975 ipsi.
538 5901 707 5959 Laur.
743 5932 815 5944 —
836 5902 1065 5975 Vulgata
1099 5901 1245 5964 recte
1274 5923 1336 5966 se
1370 5909 1572 5978 habet,
1607 5912 1746 5970 nihil
1785 5913 1893 5972 int-

591 5996 870 6063 Panos.
917 5997 1159 6062 XXXI.

2006 3625 2349 3682 mutandum.

2078 3697 2170 3778 ᾷί.
2213 3696 2330 3778 Etsi
2359 3698 2561 3778 imitari
2598 3699 2807 3778 interim
2846 3699 3054 3757 nolunt.
3112 3702 3239 3778 Ita,
3282 3713 3602 3778 reponendo

2005 3768 2102 3848 etsi
2133 3783 2230 3850 pro
2243 3770 2322 3856 'si,
2357 3770 2600 3856 s‘er'i‘bere
2640 3771 2838 3855 iubent
2885 3788 3078 3830 omnes
3106 3768 3268 3856 codd.
3302 3768 3472 3850 m'ss.;
3507 3768 3606 3856 pro

2004 3837 2416 3911 interimALugd.
2443 3841 2562 3896 Bat.
2595 3837 2678 3910 pr.
2708 3843 2929 3911 insuper
2958 3856 3100 3902 amat
3131 3848 3184 3902 in
3207 3857 3427 3910 tantum.

2076 3909 2166 3984 αξξ.
2208 3909 2606 3984 ροηυεηεηιηιζ
2635 3912 2784 3969 Flor.
2818 3909 2926 3984 pr.,
2952 3929 3217 3973 uenerunt.

2079 3979 2335 4062 §S._1pse
2362 3991 2569 4062 terrant
2599 3979 2892 4056 quindecim
2922 3989 3143 4042 millium
3187 4010 3458 4062 passuum.
3487 3997 3603 4056 Mu-

2009 4053 2498 4130 nitionisspatium
2530 4053 2714 4111 Caésar
2742 4072 2849 4130 non
2881 4053 3342 4130 expressitjsicut
3367 4083 3468 4123 nec
3490 4053 3606 4126 LE.-

2009 4139 2177 4202 canus
2202 4124 2481 4202 initiolib.
2523 4143 2604 4202 vt_._
2631 4129 2866 4202 Appian.
2915 4124 3008 4185 lib.
3045 4148 3112 4196 ιι,
3157 4124 3404 4202 manu;
3435 4124 3610 4200 3.....-

2007 4199 2148 4271 ciae;
2178 4201 2265 4255 καὶ
2291 4198 2495 4271 χιλίους
2521 4198 2652 4254 edit.
2691 4199 2889 4255 Florus
2915 4203 3106 4257 scribit
3133 4198 3411 4265 Caesarem
3446 4198 3607 4270 Poni-

2009 4269 2114 4339 peii
2148 4269 2329 4324 castra
2365 4285 2451 4324 svi
2478 4271 2706 4325 millium
2737 4271 2876 4326 vallo
2900 4273 3223 4332 abduxisse.
3260 4279 3428 4338 FABR.

2075 4339 2164 4422 δι.
2201 4339 2510 4427 Quindecim
2529 4342 2774 4399 millium.
2806 4343 2935 4400 Mss.
2967 4346 3174 4418 aliquot
3200 4364 3410 4425 amant,
3443 4360 3600 4427 quino

2003 4411 2172 4465 decim
2195 4412 2443 4468 millibus.

2198 4483 2358 4572 Quod
2391 4483 2752 4572 M'tzrcellinus.
2792 4484 3057 4546 Lentulus
3082 4489 3427 4555 Marcellinus
3449 4517 3600 4572 qua:-

2006 4562 2126 4609 stor
2158 4572 2170 4609 :
2196 4553 2403 4612 Caesar.
2430 4557 2597 4612 FABR.

2211 4626 2589 4708 Prorumpeus.
2632 4629 2735 4686 Ed.
2767 4631 3023 4708 Augus_t.,
3049 4651 3345 4708 erumpens.

2082 4697 2172 4753 57.
2195 4699 2428 4785 .Cwsaris
2454 4717 2669 4785 quoque
2697 4697 2988 4785 testitttonio
3009 4697 3212 4785 'victor'.
3255 4710 3368 4785 Hoc
3404 4717 3597 4785 pratlio

1932 4757 1986 4817 D
2009 4769 2308 4852 commisso
2338 4770 2404 4825 ad
2454 4757 2804 4853 ﬁyrrachium
2850 4757 3600 4858 vietusowsar:

2013 4856 2120 4916 non
2149 4843 2404 4916 instante,
2433 4842 2653 4916 negavit
2679 4860 2813 4916 eum
2853 4846 3074 4903 vincere
3100 4850 3240 4906 seire
3266 4842 3288 4905 ε’
3305 4842 3600 4916 Suetonius

2011 4912 2064 4967 in
2084 4911 2254 4986 iulio2
2286 4911 2562 4969 Plutarch.
2595 4915 2649 4969 in
2677 4915 2936 4986 Pompeio
2967 4928 3022 4972 et
3047 4918 3284 4979 Cresare.
3315 4911 3484 4986 Fasti.

2082 4983 2178 5071 58ζ
2196 4983 2457 5071 'Quatucr
2476 4986 2652 5071 millia
2670 4983 2917 5071 militum.
2945 4989 3220 5071 Plutarch:
3253 4995 3309 5049 in
3337 4983 3598 5071 Pompeio

2007 5053 2299 5128 δισχιλίους
2330 5057 2512 5113 habet.
2546 5056 2913 5114 Centuriones
2941 5059 3126 5117 Caesar
3157 5063 3253 5120 lib.
3289 5083 3349 5123 nt
3375 5053 3597 5128 comm:

2007 5127 2318 5200 editxxxtt,
2366 5143 2471 5184 non
2501 5145 2634 5184 χχιι.
2681 5129 3108 5189 lilium—Idem
3141 5151 3403 5194 numerus
3447 5127 3596 5200 χχιιι

2003 5196 2065 5326 ξι
2109 5198 2348 5281 editione
2398 5200 2644 5271 principe
2691 5203 2953 5269 occurrit,
2984 5213 3043 5260 ut
3076 5213 3134 5261 et
3161 5207 3404 5267 Parisina
3435 5196 3599 5286 atque

2052 5281 2247 5326 enetts.

2052 5281 2247 5327 enetts.

2075 5341 2166 5426 ξς).
2209 5341 2539 5426 Εᾳιιὶιρεᾳμρ.
2579 5343 3034 5426 coniunctionem
3073 5350 3190 5407 sive
3226 5355 3476 5426 copulam
3505 5357 3600 5416 de-

2004 5413 2281 5487 len_tm_ss.
2311 5425 2369 5472 et
2401 5416 2525 5471 edd.
2558 5413 2798 5487 quidam.

2074 5485 2165 5559 4t).
2191 5484 2501 5542 Instruitur.
2531 5484 2609 5543 ita
2641 5503 2769 5544 mss.
2802 5489 3055 5547 meliores
3077 5503 3131 5549 et
3152 5494 3277 5552 edd.
3303 5508 3458 5556 vett..
3489 5517 3598 5559 non

2003 5557 2310 5613 instituitur.
2617 5577 2620 5580 ’

2075 5629 2164 5704 Al.
2197 5628 2480 5704 Pompeius
2493 5633 2762 5704 octoginta
2782 5643 2829 5688 et
2851 5645 2963 5689 octo
2988 5636 3242 5695 cohortes.
3275 5641 3350 5699 De
3372 5661 3599 5702 numero

2004 5702 2283 5789 copiarum
2316 5702 2598 5789 nonnidem
2624 5702 2816 5761 omnes
2854 5707 3216 5778 scripserunt,
3247 5728 3356 5783 quo
3383 5717 3452 5772 de
3479 5723 3595 5789 Ap.

2005 5775 2197 5843 pianus
2218 5773 2313 5829 lib.
2343 5790 2397 5829 ιι.
2426 5774 2597 5831 Ἐλειι.

2073 5845 2162 5900 42.
2185 5844 2398 5925 Levium
2415 5856 2821 5902 armaturarum.
2848 5848 2982 5908 Tres
3008 5850 3179 5925 Lugd.
3215 5855 3354 5915 Batt.
3385 5869 3441 5917 et
3459 5861 3600 5920 Coll.

2001 5916 2269 5989 Granum,
2301 5918 2490 5976 levium
2515 5929 2858 5978 armatorum.
3073 5943 3077 5948 ·

3008 6023 3087 6096 33
