4096 6350
349 334 486 396 103⁸1

1379 342 1847 406 lllSTORlARUM
1889 345 2093 406 LIBER
2134 340 2223 409 VL
2262 350 2419 409 CAP.
2462 349 2601 407 XVI.

3500 350 3525 408 Ι
3535 346 3642 409 038

347 448 455 503 lam
490 457 618 506 tunc
644 448 814 508 fuisse
832 450 1247 522 bibliothecam,
1274 471 1397 528 quae
1427 467 1589 514 extra
1615 461 1659 493 ⁵³
1688 460 1945 530 qnadrin-
1973 463 2022 524 Α
2049 461 2388 521 deditionem
2425 462 2809 535 desperatione
2847 460 3149 535 compulit,
3177 476 3517 538 regnumque
3540 465 3643 523 E-

346 552 512 614 gcnta
558 545 726 603 millia
772 546 1038 605 librorum
1092 548 1279 618 fuisse,
1330 567 1395 609 ac
1436 570 1537 625 per
1567 555 1670 612 hoc
1709 556 1950 614 evasisse

346 635 626 692 credatur.
658 637 846 695 Caesar
869 652 1052 712 postea
1083 643 1315 701 insulam
1347 646 1437 703 ubi
1464 646 1676 703 Pharus
1704 656 1791 704 est
1817 689 1830 711 ,
1866 662 1951 705 ce-

348 728 448 800 pit.
484 730 564 787 Eo
600 730 841 789 Achillas
886 750 1010 790 cum
1053 735 1371 795 Gabinianis
1410 729 1677 795 militibus
1707 738 1755 773 “
1779 741 1947 797 venit.

350 821 547 897 lugens
575 840 753 897 pugna
778 829 1076 884 commissa
1102 840 1185 886 est
1213 845 1226 885 :
1259 845 1452 903 magna
1498 831 1573 888 ibi
1616 831 1953 890 Casariano-

347 928 468 970 rum
498 916 732 973 militum
760 919 1049 977 multitudo
1087 922 1291 979 cecidit
1318 962 1335 991 ,
1365 938 1555 979 omnes
1584 923 1748 981 etiam
1780 925 1949 980 inter.

349 1010 588 1071 feetorcs
614 1015 855 1087 Pompeii
898 1017 1175 1074 interfecti
1200 1028 1325 1075 sunt
1350 1035 1365 1085 ;
1390 1018 1648 1079 Ctesarvi
1695 1020 1953 1076 insisten-

350 1102 483 1158 tium
518 1105 755 1163 hostium
787 1123 1040 1180 pressus,
1074 1110 1336 1182 scapham
1367 1111 1616 1170 ascendit
1642 1127 1657 1179 ;
1689 1127 1793 1184 qua
1826 1125 1951 1169 mox

352 1196 595 1268 pondere
636 1200 1084 1273 subsequentium
1131 1213 1355 1276 gravata
1403 1219 1468 1263 ac
1518 1205 1733 1270 mersa,
1762 1221 1859 1277 per
1887 1220 1953 1263 cc

350 1306 550 1366 pessus
574 1295 643 1352 ad
666 1310 861 1353 navem
894 1314 998 1354 una
1026 1312 1189 1356 manu
1215 1301 1425 1357 elevata
1452 1341 1468 1368 ,
1501 1314 1605 1372 qua
1627 1299 1849 1357 chartas
1876 1310 1954 1357 Ie-

351 1388 616 1457 nebat,“
644 1389 882 1448 natando
931 1395 1218 1465 pervenit,
1266 1410 1396 1451 mox
1422 1394 1604 1453 navali
1650 1389 1988 1452 certamine'

351 1480 596 1551 pulsatus
619 1522 633 1548 ,
661 1496 858 1555 magna
884 1484 931 1516 "
952 1484 1213 1544 felicitate
1238 1487 1476 1546 classem
1500 1487 1707 1561 regiam
1738 1496 1832 1544 aut
1857 1483 1953 1544 de-

352 1572 555 1643 pressit
585 1584 677 1632 aut
702 1577 871 1646 cepit.

842 1669 1009 1744 523
1050 1670 1278 1729 CAPUT
1312 1672 1455 1729 xw.

352 1759 525 1817 Cmar
552 1759 1137 1837 Alemandrinisregem
1177 1765 1382 1834 reddit,
1412 1766 1796 1824 Alexandrinos
1825 1764 1951 1824 sub-

734 1836 832 1910 igit
856 1876 873 1903 ,
905 1836 1139 1910 civesque
1165 1837 1361 1893 multos
1392 1838 1567 1894 ctedit.

425 1949 442 1981 ί
472 1949 865 2006 Alexandrinis
911 1951 1224 2021 petentibus
1266 1967 1452 2023 regem
1479 1954 1501 1986 '
1529 1951 1798 2021 reddidit,
1831 1967 1949 2009 mo-

350 2042 559 2111 nitum,
582 2051 641 2099 ut
670 2042 841 2115 magis
886 2043 1181 2101 amicitiam
1217 2044 1553 2110 Romanam,
1600 2060 1763 2118 quam
1797 2059 1948 2102 arma

353 2134 592 2206 experiri
625 2135 936 2192 astuderet.
962 2136 1067 2205 Qui
1112 2147 1292 2193 tamen
1327 2137 1348 2169 ⁸
1379 2138 1530 2194 illico
1560 2149 1617 2192 ut
1648 2138 1790 2195 liber
1812 2137 1947 2205 fuit,

352 2229 557 2285 bellum
589 2230 808 2299 intulit,
836 2230 933 2287 sed
962 2232 1225 2287 continuo
1256 2248 1380 2287 cum
1425 2240 1540 2288 toto
1570 2232 1815 2288 exercitu
1846 2247 1948 2288 suo

348 2332 407 2379 et
434 2323 553 2393 ipse
581 2323 794 2381 deletus
827 2334 932 2379 est.
964 2324 1097 2380 Nam
1132 2326 1321 2397 viginti
1369 2326 1539 2382 millia
1584 2328 1864 2383 hominum
1894 2328 1947 2383 in

349 2427 419 2471 eo
449 2414 593 2471 bello
617 2429 757 2471 caesa
786 2414 1122 2486 referuntur,
1155 2417 1447 2474 duodecim
1478 2418 1649 2473 millia
1676 2433 1798 2474 cum
1826 2432 1949 2490 sep-

351 2508 591 2580 tuaginta
621 2510 799 2583 longis
826 2511 1063 2567 navibus
1096 2511 1280 2568 dedita
1299 2554 1314 2580 ,
1363 2513 1647 2584 quingenti
1678 2526 1745 2569 ex
1773 2512 1950 2567 victo-

348 2602 504 2659 ribus
526 2604 794 2663 cecidisse
815 2606 837 2638 ³
868 2605 1142 2662 dicuntur.
1170 2605 1283 2663 Rex
1318 2607 1439 2678 ipse
1466 2605 1795 2663 adolescens
1831 2620 1952 2662 sca-

350 2695 454 2767 pha
478 2707 739 2770 exceptus
765 2711 823 2756 ut
847 2698 1078 2771 fugeret,
1100 2698 1289 2756 multis
1313 2699 1682 2756 insilientibus
1710 2714 1952 2766 mersus,

351 2800 691 2862 necatusque
719 2802 823 2849 est.
859 2794 878 2825 ⁶
904 2793 1118 2865 Corpus
1148 2793 1264 2864 ejus
1297 2793 1364 2849 ad
1403 2794 1553 2850 littus
1601 2792 1948 2862 devolutum,

352 2883 553 2941 indicio
601 2886 786 2942 lorica:
834 2902 1017 2944 aureae
1072 2890 1354 2960 cognitum
1417 2888 1537 2944 fuit.
1596 2888 1713 2956 Qua
1766 2885 1953 2944 Caesar

353 2977 738 3036 Alexandriam
798 2979 1125 3052 praemissa,
1178 2981 1582 3039 Alexandrinos
1630 2995 1824 3038 omnes
1880 2979 1948 3036 ad

2052 556 2203 629 gypti
2250 555 2559 629 Cleopatras
2611 555 2785 612 dedit.
2819 555 2950 613 inde
3013 556 3230 629 Syriam
3293 567 3641 630 pervagatus,

2053 651 2423 707 'Pharnacem
2437 651 2490 705 in
2508 649 2682 707 Ponto
2700 650 2849 707 vicit.
2874 650 3066 708 Postea
3084 665 3219 707 vero
3239 666 3399 721 quam
3415 651 3644 709 Romam

2056 745 2230 812 venit,
2252 744 2274 778 ⁸
2300 744 2532 800 dictator
2555 752 2613 799 et
2641 744 2832 800 consul
2860 752 3099 811 creatus,
3123 744 3178 800 in
3211 743 3449 802 Africam
3476 754 3649 803 trans-

2056 838 2152 903 iit,
2191 845 2249 894 et
2276 838 2420 907 apud
2451 837 2729 909 Thapsum
2759 854 2880 893 cum
2910 838 3048 895 Juba
3074 847 3130 894 et
3159 838 3419 910 Scipione
3441 854 3648 911 pugna-

2029 929 2133 1001 .vit
2153 972 2169 997 ,
2204 929 2607 1001 maximamque
2636 929 2708 985 ibi
2740 929 3021 985 hominum
3050 928 3452 989 multitudinem
3479 932 3648 988 inter-

2056 1020 2206 1078 fecit.
2239 1022 2425 1079 Castra
2459 1023 2746 1096 utriusque
2782 1023 2995 1094 direpta
3026 1032 3191 1091 sunt,
3230 1024 3518 1095 sexaginta
3541 1024 3653 1082 ele-

2006 1144 2009 1147 -
2057 1113 2245 1183 pltauti
2273 1115 2441 1187 capti.
2465 1114 2603 1171 Cato
2633 1130 2760 1172 sese
2794 1116 2940 1187 apud
2975 1115 3186 1174 Uticam
3219 1116 3441 1173 occidit.
3471 1116 3653 1173 “Juba

2057 1208 2101 1241 ¹⁰
2124 1208 2433 1280 percussori
2457 1209 2704 1281 jugulum
2736 1211 2779 1243 “
2804 1212 2985 1280 pretio
3014 1211 3146 1268 dato
3163 1254 3178 1277 ,
3204 1211 3456 1282 praebuit.
3489 1210 3655 1297 424

2057 1301 2307 1359 Petreius
2334 1303 2530 1360 eodem
2561 1318 2621 1360 se
2659 1305 2842 1376 gladio
2872 1306 3149 1378 perfodit:
3175 1308 3361 1378 Scipio
3390 1308 3443 1363 iu
3491 1310 3612 1364 navi
3636 1352 3650 1374 ,

2056 1408 2161 1465 qua
2193 1394 2260 1450 ad
2285 1395 2575 1466 Hispanias
2601 1397 2784 1467 lugere
2811 1398 3156 1455 contendens
3179 1400 3404 1456 “vento
3434 1409 3653 1457 coactus

2058 1486 2111 1541 in
2134 1485 2370 1542 Africam
2395 1487 2656 1555 redierat,
2680 1488 2725 1522 ⁸³
2747 1489 3044 1560 semetipso
3063 1491 3354 1562 jugulavit.
3380 1491 3437 1546 In
3463 1493 3653 1549 eadem

2057 1578 2184 1635 navi
2219 1580 2384 1636 etiam
2431 1579 2495 1636 T.
2534 1580 2841 1655 Torquatus
2891 1583 3107 1643 occisus
3132 1594 3237 1641 est.
3268 1584 3455 1642 Caesar
3495 1585 3657 1645 Pom-

2057 1672 2165 1743 peii
2196 1670 2376 1744 Magni
2410 1680 2636 1744 nepotes
2657 1716 2673 1743 ,
2700 1673 2979 1743 ﬁliamque
3007 1673 3052 1707 “
3081 1674 3394 1746 Pompeiam
3416 1718 3430 1742 ,
3467 1676 3659 1731 simul—

2057 1778 2166 1838 que
2210 1778 2337 1823 cum
2379 1762 2465 1823 his
2505 1766 2764 1824 Faustum
2804 1766 3010 1841 Syllam
3047 1778 3103 1826 et
3137 1767 3422 1827 Afranium
3455 1780 3510 1826 et
3553 1768 3657 1827 Pe-

1985 1855 2032 1922 B
2062 1858 2257 1916 treium
2289 1858 2461 1914 lilium
2490 1858 2651 1930 jussit
2680 1861 2882 1917 occidi.
2917 1860 3048 1918 inde
3087 1870 3324 1933 quatuor
3365 1863 3660 1934 triumphis

2059 1947 2261 2008 Urbem
2286 1951 2596 2020 ingressus,
2629 1951 2897 2023 disposito
2925 1962 3267 2024 recuperatae
3298 1954 3437 2023 reip.
3472 1961 3615 2010 statu
3643 1971 3658 2020 ;

2062 2041 2106 2076 “
2126 2042 2388 2099 continuo
2412 2043 2457 2075 “
2480 2042 2533 2099 ln
2562 2040 2854 2114 Hispanias
2890 2053 3078 2100 contra
3102 2042 3394 2116 Pompeios
3414 2045 3661 2117 Pompeii

2055 2137 2199 2196 filios
2245 2137 2555 2208 prolectus,
2581 2137 2624 2171 ¹¹¹
2653 2139 2892 2207 septimo
2938 2139 3151 2195 decimo
3195 2156 3357 2212 quam
3400 2157 3654 2213 egressus

2053 2231 2123 2287 ab
2154 2231 2304 2289 Urbe
2332 2230 2509 2288 fuerat
2550 2230 2671 2297 die,
2715 2230 3016 2303 Saguntum
3052 2234 3332 2303 pervenit,
3360 2236 3660 2308 statimque

2058 2326 2322 2387 adversus
2346 2325 2639 2396 Pompeios
2666 2324 2833 2393 duos,
2864 2335 2920 2391 et
2954 2324 3255 2383 Labienum
3297 2336 3460 2401 atque
3490 2330 3535 2364 “‘
3557 2331 3655 2386 At-

2059 2418 2192 2475 tium
2216 2416 2452 2490 Varum,
2486 2420 2652 2475 multa
2684 2418 2826 2483 bella
2861 2430 2915 2475 et
2942 2419 3096 2479 varia
3128 2430 3276 2482 sorte
3305 2424 3495 2494 gessit.
3521 2424 3661 2486 Ulti-

2059 2528 2205 2569 munt
2238 2512 2442 2569 bellum
2472 2512 2613 2583 apud
2639 2513 2680 2548 ί⁹
2703 2513 2956 2571 Mundam
2990 2515 3181 2571 urbem
3208 2525 3420 2586 gestum
3453 2526 3570 2583 est,
3615 2519 3660 2557 to

2059 2607 2150 2685 ubi
2183 2608 2349 2662 tantis
2399 2616 2488 2664 est
2537 2606 2747 2663 viribus
2794 2607 3145 2674 dimicatum,
3181 2617 3439 2682 tantaque
3484 2611 3662 2668 caedes

2061 2707 2182 2755 acta
2206 2743 2219 2768 ,
2255 2708 2312 2753 ut
2337 2696 2521 2754 Caesar
2550 2714 2793 2772 quoque,
2826 2699 3105 2761 veteranis
3133 2701 3299 2758 etiam
3328 2706 3443 2760 suis
3467 2705 3660 2783 cedere

2061 2807 2170 2849 non
2197 2791 2682 2861 erubescentibus,
2717 2807 2837 2849 cum
2869 2793 3005 2851 caldi
3033 2794 3265 2865 cogique
3295 2797 3467 2852 aciem
3503 2811 3656 2853 suam

2057 2894 2335 2949 cerneret,
2363 2883 2667 2955 praevenire
2700 2892 2875 2939 morte
2907 2884 3148 2941 iuturum
3180 2886 3309 2943 victi
3342 2887 3580 2944 dedecus
3605 2890 3648 2931 υ

2054 2976 2336 3049 cogitarit,
2370 2990 2494 3034 cum
2524 2975 2708 3034 subito
2740 2990 2932 3035 versus
2963 2977 3019 3033 in
3047 2975 3224 3050 fugam
3257 2978 3638 3052 Pompeiorum

1634 3152 2089 3214 HAVERCAMPI
2127 3155 2357 3213 NOTAE.

423 3288 514 3372 82.
550 3288 943 3372 Quadringenta
972 3293 1135 3372 millia
1156 3294 1696 3372 librat-um.:l‘ot_i_dem
1719 3296 1950 3372 Alexan-
1980 3299 2027 3364 C
2057 3294 2210 3354 ferro
2236 3310 2620 3372 congressum,
2651 3305 2813 3368 atque
2836 3298 2909 3355 ita
2939 3307 3232 3372 utrumque
3251 3301 3504 3372 periisse.
3523 3305 3652 3365 Flo-

351 3367 485 3423 ἀνίοι
513 3369 702 3438 arsisse
730 3364 959 3438 legimus
981 3382 1048 3423 ex
1081 3366 1420 3438 'l‘estinttittio
1442 3366 1580 3423 Livii
1606 3369 1750 3437 apud
1782 3370 1953 3427 Sene-
2058 3383 2151 3424 rus
2178 3364 2636 3424 tradit'Petreium
2677 3364 2843 3435 super
2875 3384 3094 3427 mensas

351 3452 472 3495 cam
497 3440 566 3494 de
595 3434 898 3512 Tranquili.
932 3434 1134 3512 eapl9.
1167 3436 1382 3512 Gellius
1404 3434 1746 3512 septingenta
1776 3438 1951 3512 millia

354 3519 606 3594 timuerat
630 3508 823 3594 nam,
851 3525 971 3594 cap.
1101 3530 1125 3594 ,ε
1169 3508 1364 3594 Ingens
1393 3508 1568 3594 postea
1590 3508 1861 3594 :numerus
1882 3510 1949 3569 li-

352 3579 560 3655 brorum
580 3583 632 3655 in
668 3581 901 3655 .!z'gypto
924 3579 967 3655 ia,
990 3579 1284 3655 Ptolemaeis
1299 3582 1505 3655 regibus
1524 3581 1602 3637 vel
1626 3582 1949 3654 conquisitus

351 3654 429 3709 vel
461 3654 722 3728 confectus
753 3652 825 3708 est
850 3694 865 3718 ,
898 3654 968 3728 ad
996 3652 1164 3728 millia
1196 3652 1376 3728 ferme
1397 3654 1716 3728 voluminum
1738 3652 1946 3728 septin-

350 3735 505 3797 genta
533 3740 550 3778 :
576 3726 665 3781 sed
707 3743 765 3781 ea
795 3726 967 3780 omnia
993 3723 1126 3779 bello
1167 3723 1339 3797 priore
1379 3725 1737 3781 Alexandrino
1759 3771 1774 3795 ,
1803 3723 1948 3784 'dum

354 3796 604 3870 diripitur
630 3797 894 3870 eacivitas
912 3837 927 3863 ,
951 3812 1053 3850 non
1084 3796 1270 3870 sponte
1303 3812 1465 3867 neque
1495 3813 1651 3870 opera
1678 3797 1945 3869 consulta,

349 3868 443 3923 sed
462 3866 505 3922 'a
534 3866 782 3924 militibus
804 3872 935 3939 forte
964 3868 1292 3939 auxiliariis,
1324 3866 1535 3923 incensa
1557 3876 1692 3922 sunt.

424 3940 513 4013 6'5.
554 3940 728 4013 Venit.
759 3938 1114 4013 Mss._eted‘d.
1148 3938 1404 4013 quidam,
1436 3948 1615 4013 postea
1641 3941 1796 4013 venit.

424 4007 514 4069 64.
558 4009 829 4068 Ntttando.
869 4009 1004 4068 Cod.
1045 4006 1292 4082 Longob.
1317 4055 1330 4076 ,
1361 4006 1512 4067 Me'us
1533 4020 1589 4068 et
1612 4019 1735 4069 tert.
1765 4010 1941 4080 Flor.,

351 4085 526 4139 nando
554 4087 801 4140 pervenit.

423 4154 512 4211 65.
546 4154 845 4212 Felicitate.
875 4156 1080 4229 anes
1105 4154 1264 4212 codd.
1293 4169 1425 4229 mss.
1459 4164 1626 4229 atque
1652 4154 1775 4229 edd.
1804 4163 1939 4229 vett.

351 4226 558 4297 legunt,
586 4228 856 4299 facilitate.
874 4227 1157 4297 Vulgatam
1184 4224 1565 4284 tamen'serva't
1594 4224 1797 4284 Paulus
1821 4227 1942 4283 Dia-

349 4314 521 4355 conus
553 4300 604 4354 iu
630 4301 737 4354 line
762 4299 856 4355 lib.
889 4316 940 4355 vt
971 4299 1110 4355 Hist.
1142 4299 1295 4355 Misc.

425 4370 555 4426 CAP.
582 4370 799 4444 XVI.—
822 4373 874 4429 1.
902 4370 1268 4444 Alexandrinis
1305 4370 1614 4444 petentibus.
1650 4368 1746 4425 Ed.
1770 4372 1935 4443 Aug.,

354 4442 726 4515 Alexaudrinis
746 4459 919 4515 regem
949 4441 1260 4515 petentibus,
1293 4440 1542 4515 reddidit.

423 4516 480 4568 2.
505 4512 776 4586 Reddidit.
804 4512 987 4586 Lugd.
1012 4514 1156 4570 Batt.
1197 4526 1327 4578 tres,
1355 4514 1543 4586 reddit.

424 4586 477 4658 ὃ.
515 4584 786 4658 _Studeret.
840 4584 1014 4658 Lugd.
1060 4586 1193 4658 Bal.
1221 4600 1304 4656 pr.
1332 4585 1556 4640 studeat.

422 4656 479 4711 4.
504 4655 682 4723 Illico,
708 4667 762 4729 ut
792 4655 1061 4729 liber'fuit.
1084 4655 1495 4727 Edd.qutedam
1528 4666 1684 4724 vett.,
1710 4668 1765 4712 ut
1810 4657 1937 4713 liber

351 4728 474 4800 fuit,
497 4729 637 4800 illico
657 4728 871 4800 bellum,
899 4728 1007 4786 etc.

422 4801 478 4856 5.
533 4798 806 4856 Dicuntur.
856 4796 1061 4857 Malunt
1103 4798 1211 4856 hoc
1247 4796 1474 4856 verbum
1518 4815 1650 4856 mss.
1700 4812 1934 4867 omnes;

352 4872 556 4946 vulgg,
590 4875 909 4946 referuntur.

422 4945 477 4999 6.
506 4944 730 5017 Corpus.
752 4944 1077 5017 LugdaBat.
1129 4960 1237 5017 pr,
1256 4958 1591 5017 _corpusque.

425 5017 476 5070 7.
502 5014 904 5072 Pharnacemiu
926 5016 1118 5072 Ponto.
1147 5015 1227 5072 De
1254 5014 1536 5075 Pharnace
1559 5022 1617 5070 et
1639 5029 1697 5069 re
1719 5028 1840 5069 cum
1871 5028 1939 5069 eo

347 5098 522 5215 ἔρδω,
575 5089 712 5146 Hirt.
756 5089 828 5145 de
877 5089 993 5145 uel.
1041 5087 1225 5155 Alex.,
1261 5087 1359 5143 Dio
1407 5087 1503 5142 lib.
1552 5101 1686 5153 xui,
1727 5094 1781 5139 et
1817 5086 1933 5141 alii.

395 5175 518 5215 sua.

395 5175 518 5217 ABR.

422 5233 478 5288 8.
510 5232 745 5288 Dictator
764 5241 812 5287 et
834 5232 1034 5287 consul.
1063 5230 1309 5297 Orosius,
1344 5240 1559 5287 secutus
1580 5228 1818 5285 fortasse
1848 5228 1937 5285 Li-

352 5304 527 5371 vium,
561 5304 651 5361 hic
670 5314 856 5374 aperte
887 5302 1159 5360 Caesarem
1183 5318 1275 5357 an.
1302 5301 1368 5359 U.
1404 5318 1578 5361 nccvu
1609 5300 1932 5374 dictatorem

346 5383 404 5429 et
432 5372 715 5432 consulem
743 5390 800 5432 ιιι
827 5385 1071 5432 creatum
1104 5374 1382 5446 ostendit:
1417 5374 1665 5446 quamvis
1693 5372 1809 5427 haec
1850 5372 1933 5430 di-

347 5453 559 5516 ctatura
588 5465 692 5504 nou
726 5450 921 5516 omnes
943 5446 1182 5503 Annales
1207 5445 1569 5516 suifragautes
1590 5447 1806 5512 habeat,
1827 5461 1932 5516 qua

342 5514 506 5591 gere
525 5519 787 5591 Sigonius,
803 5522 855 5574 iu
880 5514 1077 5574 Fastis.
1100 5517 1178 5591 De
1197 5518 1345 5591 bello,
1362 5514 1543 5590 Africo
1569 5525 1751 5574 exstat
1776 5514 1929 5591 llirtii

335 5584 558 5646 Comm.
586 5584 664 5648 ile
690 5590 881 5647 eodem
904 5605 1097 5645 omnes
1120 5589 1211 5644 alii
1242 5584 1570 5660 scriptores;
1600 5604 1767 5658 quare
1796 5590 1848 5643 in
1870 5602 1932 5644 re

346 5670 537 5733 aperta
569 5665 767 5733 nostris
802 5663 977 5720 verbis
1004 5660 1228 5716 minimc
1254 5676 1391 5730 Opus
1422 5670 1528 5718 est.
1563 5660 1730 5733 FABB.

420 5731 649 5790 9.Juba.
677 5732 849 5808 Lugd.
883 5733 999 5790 But.
1034 5740 1196 5804 pr.et
1217 5742 1339 5788 teri.
1359 5750 1478 5787 cum
1508 5732 1931 5798 Coll.Gruuov.,

344 5800 487 5858 Iuba
513 5823 620 5858 rem.

387 5820 487 5858 una
513 5823 620 5862 rex.

421 5878 509 5933 l0.
564 5878 888 5935 Percussori.
944 5878 1049 5935 Dio
1103 5877 1297 5934 scribit
1322 5875 1513 5933 Jubam
1563 5893 1684 5934 cum
1716 5877 1934 5932 Petreio

1965 4703 2018 4765 D
2043 4703 2223 4781 extis.
2241 4703 2681 4785 ausaausa

2058 3383 2151 3424 rus
2178 3373 2341 3424 tradit
2368 3373 2636 3424 Petreium
2677 3382 2843 3435 super
2875 3384 3094 3427 mensas
3134 3373 3328 3430 Jubanl
3370 3385 3423 3429 et
3462 3389 3524 3432 se
3572 3381 3652 3436 in-

2058 3439 2364 3514 terfecisse.
2391 3439 2470 3497 De
2513 3439 2791 3514 Scipionis
2837 3439 3058 3499 interitu
3108 3454 3307 3514 praeter
3357 3443 3648 3507 historicos

2052 3510 2261 3569 Seneca
2292 3512 2389 3567 lib.
2432 3527 2491 3568 lll
2520 3511 2694 3579 Epist.
2726 3510 2892 3568 Pass.

2130 3583 2217 3638 ll.
2264 3582 2442 3637 Pretio
2473 3584 2615 3654 dato.
2661 3583 2894 3654 Egregia
2938 3594 3021 3642 est
3054 3587 3371 3648 emendatio
3410 3593 3645 3650 Rubcuii

2053 3653 2230 3739 Elect.
2263 3654 2424 3739 t,_10’,
2457 3652 2729 3739 ‘Petreiof
2762 3652 2954 3739 Neque
2996 3657 3205 3739 dubito,
3250 3662 3381 3739 quin
3412 3666 3644 3739 Orosius

2049 3725 2350 3796 scripserit.
2375 3722 2513 3780 Juba
2544 3726 2834 3796 percussori
2864 3722 3113 3798 iugulum
3154 3722 3363 3787 Petreio
3400 3722 3638 3808 prwbuit.

2048 3794 2204 3872 Nam,
2224 3799 2267 3852 si
2286 3796 2611 3872 credidisset
2631 3796 2854 3872 Orosius
2878 3801 3054 3872 pretio
3073 3800 3222 3868 dato,
3251 3817 3283 3856 a
3311 3818 3640 3872 percussore

2048 3842 2413 3939 h‘es'c'i’oquuo':
2423 3842 2670 3924 «$2535.17
2683 3867 2710 3922 .l
2722 3842 3644 3946 u'b’iinf'EEripZiQZét'in'E'tZTJt‘:

2048 3938 2171 3999 bus.
2200 3939 2439 3995 Petreius
2461 3956 2556 3994 suo
2576 3955 2632 3999 se
2669 3940 2848 3999 gladio
2885 3941 3133 3999 perfodit.
3165 3942 3344 3999 Nunc.
3381 3951 3639 3999 uuoniam

2048 3941 2171 4006 bus,
2200 3941 2439 3995 Petreius
2461 3956 2556 3994 suo
2576 3955 2632 3999 se
2669 3941 2848 4010 gladio
2884 3941 3133 4013 perfodit.
3165 3942 3344 4015 Nunc,
3381 3941 3640 4016 quoniam

2047 4010 2179 4066 dicit
2205 4011 2408 4079 eodem,
2432 4013 2741 4090 necessitrio
2757 4011 2989 4094 intelligi
3016 4014 3179 4098 debet
3198 4015 3268 4071 de
3289 4019 3493 4142 gladio,
3524 4036 3635 4094 quo

2047 4092 2204 4137 antea
2234 4081 2459 4142 iubam.
2491 4082 2615 4138 dem
2663 4095 2724 4138 se
2753 4096 2934 4142 ipsum
2967 4085 3225 4142 confecit.
3259 4085 3290 4140 Ι
3315 4090 3365 4142 le
3391 4105 3538 4142 enim
3583 4105 3631 4142 ιιι

2044 4092 2204 4165 antea
2234 4081 2459 4167 illitam,
2491 4082 2615 4167 dein
2633 4095 2724 4167 “se
2753 4081 3365 4167 ipsunt'coufecitLllle
3391 4081 3556 4148 euim'
3583 4105 3631 4149 ct

2044 4154 2153 4224 regi
2178 4152 2382 4221 suffecit
2407 4166 2453 4208 et
2480 4152 2599 4208 sibi.
2632 4152 2826 4208 Florus
2852 4154 2943 4209 lib.
2964 4171 3038 4223 tv,
3068 4173 3192 4228 cap.
3214 4157 3271 4213 2.

2119 4226 2227 4305 12.
2244 4225 2407 4305 ιξθηέο
2433 4235 2663 4280 coactus.
2688 4223 2859 4298 Lugd.
2893 4225 3036 4305 Batt,
3064 4245 3179 4305 p_r.,
3210 4239 3339 4289 tert.
3371 4240 3428 4288 et
3454 4246 3633 4305 quart.

2043 4297 2305 4391 opmpol.
2339 4296 2607 4364 Gronov.,
2649 4296 2797 4351 vento
2818 4305 2968 4355 actus
2996 4296 3231 4374 Africam
3259 4296 3509 4374 redierai,
3540 4321 3635 4363 tte-

2040 4366 2543 4521 ωῗοέῩ-ἓῒηιειξρεθ.
2592 4438 2983 4521 Εμαλμυςωι.
3025 4449 3084 4500 et
3108 4443 3352 4515 Venetae,
3390 4450 3633 4521 semetip-

2040 4526 2175 4566 sum.
2206 4513 2521 4569 Assentitur
2542 4511 2665 4568 cod.
2696 4510 2839 4568 Uitr.

2114 4584 2202 4657 id.
2237 4582 2565 4657 Pompeiam.
2598 4582 2697 4657 Ed.
2729 4582 2897 4655 Aug,
2938 4586 3198 4657 Pompeii.

2235 4654 2495 4739 cntinuo
2514 4656 2610 4739 Ain.
2625 4653 2959 4739 Ηὶξεξαιίξρδἓ
2981 4653 3235 4739 Βοξὺςιιο
3266 4660 3631 4739 ⁸ἔξὶεραῃίεηιιε

2046 4735 2223 4781 exstat
2243 4730 2681 4785 Commentarius
2707 4730 2889 4784 Hirtii.
2922 4730 2999 4785 De
3042 4731 3235 4787 eodem
3266 4730 3543 4790 Plutarch.
3566 4747 3628 4793 et

2046 4794 2149 4853 Dio
2179 4798 2272 4855 lib.
2296 4814 2447 4856 mu.
2484 4798 2653 4855 Fusa.

2238 4869 2308 4946 I_u
2337 4870 2645 4946 Hispauias.
2667 4868 2774 4946 Ed:
2809 4871 3068 4946 Aggust..
3099 4874 3152 4928 in
3180 4872 3518 4946 Hispaniam.

2122 4941 2209 4996 l7.
2243 4941 2477 5025 Septimo
2507 4941 2725 4997 decimo.
2750 4939 3114 5025 lta_Ff9reatt.
3149 4939 3298 5013 trusi
3331 4947 3446 5013 alii,
3478 4948 3623 5004 decl-

3090 5033 3366 5167 vigilibris
3394 5092 3625 5167 vetustis

2046 5157 2262 5237 legitur.
2296 5156 2504 5237 Namet
2529 5156 2626 5237 Dio
2646 5158 2892 5237 Πρύπλων
2911 5155 3338 5237 intercilino
3357 5161 3621 5237 nominat.

2046 5226 2303 5296 vulgares
2326 5228 2448 5284 libri
2478 5226 2640 5282 modo
2660 5228 2887 5299 Actium,
2907 5232 3066 5287 modo
3091 5226 3301 5286 Acciu'm
3325 5231 3544 5289 habent.
3564 5235 3623 5290 ln

2039 5299 2318 5381 Plutarchi
2346 5302 2551 5356 Catone
2593 5300 2855 5359 mendose
2895 5303 3085 5381 οὐάρος
3110 5300 3332 5365 ’Ἄππιος
3371 5318 3618 5361 vocatur.

2037 5371 2202 5501 ωδ.
2231 5443 2491 5499 Mundam
2520 5442 2717 5499 urbem.
2766 5444 2894 5501 Mss.
2930 5454 2985 5502 et
3022 5446 3149 5503 edd.
3178 5446 3429 5517 quidam,
3458 5446 3617 5504 Mun-

2034 5516 2157 5588 dam
2181 5519 2396 5588 ﬂumen.
3250 5552 3260 5562 .

2108 5586 2197 5644 20.
2235 5588 2519 5669 Ubitagttis
2546 5597 2646 5655 est,
2669 5599 2774 5644 etc.
2810 5589 2960 5669 Mss.
2980 5598 3036 5645 et
3060 5590 3149 5669 ed.
3169 5591 3387 5669 quidam
3407 5613 3619 5669 expun-

2036 5671 2173 5732 gunt
2197 5669 2292 5716 est.
2326 5659 2433 5716 Alii
2458 5669 2844 5731 transponunt,
2874 5661 2961 5715 ubi
2987 5663 3142 5718 tantis
3171 5663 3365 5720 viribus
3402 5659 3621 5728 dimica.

2038 5743 2494 5876 tuglfsgogitarit.
2525 5803 2694 5875 Lugd.
2717 5803 2858 5859 Ball.
2889 5813 3019 5871 tres,
3040 5804 3182 5862 Ultr.
3227 5819 3283 5865 et
3303 5808 3443 5868 Coll.
3470 5815 3614 5872 Gro-

2042 5890 2193 5943 uov.,
2219 5878 2484 5947 cogitaret.
