4096 6350
342 295 476 354 1οη

1369 299 1849 361 HISTORIARUM
1890 301 2098 360 LIBER
2137 303 2221 360 γι.
2265 301 2420 362 CAP.
2465 302 2647 361 XVIII.

3503 311 3640 369 {012

345 408 474 464 belli
502 422 534 464 a
557 407 770 466 civibus
793 409 979 468 Cresar
1001 411 1292 480 occiditur,
1323 412 1378 469 in
1397 413 1605 470 cmdem
1633 415 1795 471 unius
1825 424 1934 472 tra-
1962 420 2016 482 Α
2039 431 2203 471 unum
2227 414 2468 480 redacta,
2493 415 2652 487 longe
2682 415 2830 472 aliud
2875 431 3069 474 omnes
3118 419 3367 476 homines
3411 425 3627 479 vivendi

342 503 546 560 buntur
572 505 786 576 agmina
817 507 1423 565 eonsciorum.Certum
1437 509 1582 565 enim
1606 508 1936 580 erat,”quia

345 596 534 653 Caesar
554 597 776 670 indigne
799 609 1144 673 peremptus,
1190 602 1378 672 plures
1407 602 1612 658 habere
1640 612 1825 672 posset
1855 601 1938 656 ul-

337 700 515 746 tores.
546 689 591 722 “
618 691 967 765 Plurimaque
991 693 1247 752 nobilitas
1277 709 1385 751 una
1416 695 1577 750 simul
1601 705 1790 750 catena
1821 709 1940 751 sce-

341 783 473 840 leris
504 785 817 856 copulatur,
848 801 917 844 ne
955 787 1100 844 forte
1130 788 1175 821 ²⁸
1212 796 1358 844 tanta
1399 789 1666 844 malorum
1708 787 1937 844 materia

337 890 448 931 non
479 875 608 933 belli
636 878 1010 948 magnitudine
1030 881 1376 950 suppleatur,
1409 879 1504 935 sed
1528 877 1784 935 vindicta:
1813 878 1937 934 bre-

339 968 510 1024 vitate
541 977 818 1026 tenuetur.
835 969 1134 1028 “Medeam
1150 971 1296 1028 illam
1321 971 1520 1028 fabula:
1545 971 1783 1028 ferunt"
1803 970 1939 1027 den-

338 1069 422 1115 tes
473 1060 750 1130 quondam
805 1063 975 1118 occisi
1026 1064 1236 1120 sevisse
1291 1064 1602 1136 serpentis,
1663 1079 1694 1120 e
1736 1063 1936 1136 quibus

338 1152 494 1223 quasi
521 1153 568 1186 "
594 1161 912 1224 competens
938 1156 1132 1212 semini
1183 1169 1340 1228 seges
1368 1199 1384 1224 ,
1431 1157 1632 1213 armati
1685 1157 1938 1213 homines

346 1254 495 1301 terra
530 1245 888 1313 emerserint,
925 1262 1158 1320 seseque
1195 1262 1322 1305 mox
1361 1248 1594 1304 invicem
1650 1247 1939 1318 pugnando

347 1341 765 1410 prostraverint.
799 1339 869 1397 Et
896 1340 1115 1412 quidem
1145 1341 1252 1398 hoc
1297 1351 1583 1414 poetarum
1631 1349 1938 1398 commenta

345 1429 654 1498 ﬁnxerunt,
686 1430 729 1463 ⁸⁸
756 1441 941 1488 nostra
974 1443 1158 1489 autem
1207 1433 1410 1503 Roma,
1446 1435 1663 1490 Caesare
1704 1432 1889 1489 occiso
1916 1473 1934 1501 ,

332 1531 541 1594 quanta
564 1522 634 1580 de
659 1523 936 1582 cineribus
963 1525 1083 1597 ejus
1122 1526 1342 1597 agmina
1386 1535 1596 1583 armata
1639 1524 1931 1598 parturiit?

350 1616 571 1682 Quanta
622 1615 764 1674 bella
814 1617 868 1674 in
911 1620 1281 1676 testimonium
1325 1621 1541 1676 misera:
1595 1619 1938 1676 fecunditatis

343 1724 456 1766 non
477 1709 774 1782 “legenda
801 1713 1004 1784 pueris,
1033 1712 1128 1769 sed
1153 1714 1196 1748 ²¹
1228 1714 1522 1786 spectanda
1550 1714 1760 1785 populis
1782 1713 1936 1770 exci-

337 1803 506 1860 tavit?
525 1814 581 1861 et
613 1815 792 1862 tamen
814 1804 1006 1862 horum
1034 1805 1203 1880 428
1225 1807 1468 1862 omnium
1515 1807 1781 1862 malorum
1825 1807 1928 1862 ini-

331 1896 468 1952 tium
489 1895 745 1969 superbia
767 1910 872 1954 est.
906 1893 1035 1955 lude
1075 1900 1121 1932 "
1155 1908 1485 1956 exarserunt
1519 1900 1662 1957 bella
1699 1901 1914 1970 civilia,

333 1987 465 2045 inde
487 1989 683 2046 iterum
711 1990 756 2022 "
787 1990 1139 2062 pullularunt.
1172 1991 1289 2048 Non
1327 2007 1461 2061 ergo
1503 1992 1704 2063 iniusta
1747 1994 1926 2049 emdes

347 2091 668 2149 esteorum,
697 2083 788 2152 qui
817 2097 938 2139 eam
973 2083 1169 2155 injuste
1198 2083 1244 2119 “
1273 2093 1658 2142 consectantur
1681 2126 1697 2154 ,
1739 2084 1788 2142 si
1813 2100 1930 2140 am-

333 2174 562 2231 bitionis
590 2176 864 2233 aemulatio
895 2193 992 2249 per
1021 2178 1170 2249 ipsos
1191 2186 1356 2250 atque
1387 2180 1439 2235 in
1479 2179 1613 2251 ipsis
1656 2188 1712 2236 et
1751 2183 1929 2253 agitur

329 2281 388 2327 et
411 2271 653 2341 punitur,
673 2270 848 2328 donec
867 2273 960 2344 qui
987 2273 1367 2330 detrectavere
1384 2274 1694 2345 collegium,
1719 2275 1930 2332 discant

331 2361 477 2421 terre
525 2362 864 2421 dominatum
915 2382 930 2424 :
993 2380 1314 2438 summaque
1362 2365 1578 2437 imperii
1639 2367 1802 2424 totius
1859 2369 1926 2424 ad

2042 525 2212 580 genus
2231 511 2484 578 subeant,
2522 519 2579 566 ut
2603 526 2795 567 omnes
2826 512 3102 568 humiliter
3119 514 3335 584 placere
3365 517 3640 585 studeant,

2042 617 2150 657 non
2178 602 2478 658 insolenter
2505 603 2804 659 ollcndere.
2831 604 2937 660 Sed
2963 605 3028 660 ad
3062 615 3168 660 tam
3215 607 3488 663 salubrem
3539 609 3642 664 hu-

2041 693 2286 748 militatis
2304 693 2611 750 doctrinam
2643 697 2902 767 magistro
2925 713 3059 767 opus
3089 707 3193 754 est.
3216 701 3419 771 Itaque,
3439 715 3640 770 oppor-

2043 794 2170 842 tune
2201 788 2519 858 compositis
2542 789 2729 854 rebus,
2758 792 2989 862 Augusti
3027 789 3258 847 Cwsaris
3298 795 3636 866 temporibus

2042 891 2203 937 natus
2221 891 2302 937 est
2335 881 2595 938 Dominus
2621 883 2871 945 Christus
2906 886 2990 939 ε²⁵
3018 885 3143 957 qui,
3197 901 3318 941 cum
3366 889 3416 940 in
3459 886 3636 943 forma

2043 973 2138 1030 Dei
2171 983 2337 1041 esset,
2372 974 2600 1031 formam
2647 977 2788 1032 servi
2843 977 3120 1033 humiliter
3169 979 3465 1048 assumpsit
3509 997 3521 1033 :
3576 989 3637 1034 ut

2045 1077 2174 1124 tunc
2198 1067 2419 1124 demum
2443 1070 2624 1140 aptior
2643 1069 2796 1125 lierct
2817 1069 3137 1125 lunnililatis
3152 1071 3445 1138 institutio,
3463 1086 3563 1142 qua
3575 1088 3637 1126 n-

2040 1160 2110 1217 do
2140 1161 2247 1232 iam
2279 1176 2379 1232 per
2412 1171 2582 1218 totum
2607 1163 2867 1219 mundum
2898 1178 3058 1235 poena
3081 1164 3353 1236 superbia:
3375 1165 3625 1225 omnibus

2040 1264 2187 1312 esset
2215 1255 2490 1328 exemplo.

2599 1371 2827 1430 CAPUT
2868 1372 3057 1430 XVIII.

2111 1506 2192 1564 De
2224 1507 2426 1566 Caesare
2454 1509 2737 1566 Octaviano
2761 1511 3016 1595 Augusto,
3041 1512 3292 1584 rebusque
3327 1530 3422 1584 per
3450 1530 3564 1569 eum

2745 1596 2922 1658 gestis.

2109 1716 2268 1773 Anno
2328 1717 2397 1772 ab
2444 1717 2591 1774 Urbe
2649 1718 2868 1774 condita
2928 1733 3093 1785 nccx,
3150 1717 3436 1775 interfecto
3492 1720 3637 1776 Julio

2034 1809 2280 1878 Caesare,
2339 1811 2354 1841 ⁸
2394 1810 2720 1866 Octavianus
2749 1857 2762 1882 ,
2810 1813 2900 1883 qui
2952 1821 3278 1868 testamento
3325 1811 3453 1868 Julii
3484 1813 3636 1867 ’Cze-

2030 1904 2166 1960 saris
2229 1905 2479 1960 avunculi
2539 1914 2593 1961 et
2665 1907 3041 1963 baereditatem
3103 1906 3268 1980 429
3321 1917 3376 1963 et
3438 1922 3634 1963 nomen

2031 2006 2442 2067 assumpserat,
2513 1997 2765 2068 idemque
2813 1998 2905 2068 qui
2955 2006 3140 2069 postea
3192 2013 3374 2054 rerum
3434 2001 3636 2068 potitus

2031 2089 2305 2160 Augustus
2354 2098 2440 2145 est
2482 2091 2682 2159 dictus,
2730 2091 2890 2146 simul
2939 2099 3000 2146 ut
3046 2092 3271 2147 Romam
3317 2091 3636 2148 adolescens

2031 2180 2326 2238 admodum
2364 2184 2536 2250 venit,
2578 2182 2816 2239 indolem
2840 2197 2993 2239 suam
3022 2183 3179 2239 bellis
3203 2184 3455 2240 civilibus
3490 2184 3511 2216 ³
3541 2200 3634 2238 γοα

2032 2277 2126 2334 vit.
2196 2276 2330 2333 Nam
2362 2319 2378 2345 ,
2437 2286 2496 2334 ut
2555 2277 2792 2334 breviter
2848 2279 3312 2334 coacervationem
3369 2279 3633 2334 malorum

2032 2371 2346 2440 exolicem,
2394 2370 2414 2401 ⁸
2468 2371 2605 2429 bella
2657 2371 2833 2428 civilia
2889 2372 3127 2444 quinque
3178 2372 3345 2444 gessit
3403 2390 3416 2426 :
3471 2373 3634 2428 Muti-

1621 2507 2073 2568 llAVERCAMPI
2113 2510 2343 2569 ΝΟΤᾸΕ.

407 2620 495 2676 15.
523 2621 661 2690 Quia
681 2619 879 2678 Cwsar.
910 2620 1051 2677 Puto
1075 2619 1363 2693 legendum
1387 2634 1533 2688 esse,
1558 2628 1722 2692 prout
1751 2621 1804 2680 in
1831 2623 1922 2679 ed.

335 2693 584 2765 principe
605 2703 807 2760 exstat,
835 2693 994 2765 quod.
1027 2693 1081 2747 In
1107 2694 1388 2748 codicibus
1424 2694 1568 2748 enim
1609 2694 1790 2750 Orosii
1831 2709 1928 2750 vo-

333 2764 427 2822 ces
446 2764 607 2836 quod,
631 2768 779 2837 quia,
810 2764 925 2832 cur,
962 2765 1141 2821 solent
1163 2766 1481 2836 permutari.
1513 2766 1571 2820 ln
1603 2765 1928 2834 quibusdam

334 2851 468 2893 mss.
511 2839 668 2894 abest
703 2838 878 2908 enim,
919 2839 976 2894 in
1015 2837 1262 2908 pluribus
1303 2852 1402 2908 pro
1449 2847 1618 2907 posset
1667 2838 1930 2893 scribitur

333 2909 522 2982 possit.
553 2977 612 2982 __
690 2981 696 2982 ,
970 2978 995 2982 _
1111 2979 1124 2982 _
1621 2919 1626 2923 '

409 2980 498 3036 14.
543 2977 905 3052 Plurimaque.
955 2978 1218 3051 Copulam
1258 2996 1356 3053 que
1403 2994 1510 3036 non
1556 2979 1802 3052 agnoscit
1836 2979 1927 3037 ed.

554 3125 752 3182 Tanta.
786 3125 958 3199 Lugd.
1003 3126 1122 3182 Bat.
1157 3123 1267 3180 duo
1319 3139 1444 3182 cum
1471 3121 1611 3180 Coll.
1654 3122 1926 3190 Gronov.,

353 3217 423 3255 an
465 3215 564 3253 em.

353 3215 459 3255 ‘ana
465 3215 564 3253 em.

411 3254 500 3327 i6.
533 3269 771 3326 Medeam
791 3271 959 3327 illam.
992 3268 1199 3325 Fabula
1225 3279 1309 3325 est
1339 3268 1392 3325 in
1424 3265 1713 3338 Apollonii
1746 3267 1924 3337 Argo-
1956 3254 2000 3318 C

333 3343 574 3400 nauticis
636 3343 731 3400 lib.
792 3358 850 3399 ιιι
913 3349 972 3399 et
1012 3339 1190 3399 Ovidii
1243 3337 1604 3411 Metamorpb.
1662 3337 1759 3394 lib.
1828 3355 1920 3396 vn.

333 3414 507 3559 FAII‘I‘:
544 3487 736 3543 Dentes
780 3487 1062 3559 quondam.
1123 3485 1252 3542 limo
1293 3483 1585 3542 meliorum
1630 3480 1792 3538 codd.
1842 3492 1926 3539 est

338 3557 502 3616 lectio
520 3575 535 3626 ;
563 3559 681 3624 alii,
709 3557 983 3630 quosdam.

410 3632 501 3688 18.
524 3623 829 3700 'Compe'tens
849 3630 1211 3703 seminiseges.
1231 3627 1374 3685 ltain
1398 3641 1533 3684 mss.
1559 3624 1639 3681 Ex
1659 3623 1787 3681 edd.
1808 3624 1926 3696 qui-

333 3701 483 3769 dam,
508 3710 847 3774 competentes
865 3702 1050 3774 semini
1073 3701 1289 3774 segetes.

2105 2627 2160 2682 '5.
2204 2625 2378 2683 Fovit.
2416 2627 2506 2684 Sic
2553 2625 2656 2684 feci
2708 2645 2772 2685 ex
2803 2629 2942 2684 novit
2981 2639 3037 2684 et
3077 2633 3226 2686 vovit.
3269 2632 3359 2689 Sic
3399 2633 3496 2688 lib.
3526 2649 3632 2694 vn.

2033 2700 2234 2753 occulto
2265 2700 2455 2770 [ledere
2482 2716 2696 2767 rovens,
2729 2703 2956 2757 restitue
2986 2705 3181 2770 fovens.
3208 2703 3370 2758 Forte
3397 2704 3527 2758 nihil
3553 2714 3632 2758 te-

2033 2784 2183 2824 mere
2215 2772 2284 2825 sit
2333 2771 2680 2837 mutandum,
2726 2773 2769 2826 si
2801 2775 3011 2826 rovendi
3059 2775 3262 2828 variam
3313 2775 3628 2831 consideres

2035 2841 2334 2917 notionem.
2367 2843 2535 2917 Laur.
2582 2873 2654 2917 στ-
2705 2843 2938 2899 Verbum
2979 2845 3105 2914 fovit
3151 2845 3250 2899 loci
3305 2847 3625 2917 elegantiam

2036 2913 2219 2986 tollit;
2268 2916 2408 2968 novit
2437 2957 2452 2980 ,
2484 2913 2627 2986 quod
2672 2925 2858 2986 contra
2910 2913 3042 2971 vett.
3089 2932 3210 2986 qua:
3241 2913 3631 2986 prmcésscrant

2037 2984 2163 3039 edd.
2192 3000 2404 3047 omnes.
2434 2984 2639 3054 recepit
2666 2985 2968 3054 Fabricius,
3002 2984 3156 3043 nauci
3181 2984 3285 3043 non
3308 3001 3412 3051 est,
3443 2999 3498 3042 ut
3528 3005 3630 3046 nec

2037 3057 2223 3120 movit,
2255 3057 2398 3121 quod
2440 3057 2492 3112 in
2528 3057 2699 3126 Lugd.
2735 3057 2879 3113 Batt.
2927 3060 3097 3114 tribus
3136 3069 3187 3114 et
3217 3057 3358 3114 Coll.
3385 3060 3628 3116 Gronov.

2037 3126 2241 3183 inveni.
2269 3127 2502 3202 Omnino
2527 3127 2717 3199 reponi
2737 3129 3078 3202 debetivovit,
3103 3131 3245 3201 quod
3269 3146 3398 3186 mss.
3434 3132 3629 3202 reliqui

2039 3213 2229 3255 omnes
2260 3211 2314 3254 et
2343 3198 2466 3255 edd.
2510 3198 2826 3270 agnoscunt.
2880 3198 3149 3268 \‘ovcrat',
3183 3216 3278 3256 seu
3336 3198 3629 3258 devoverat

2032 3270 2513 3344 seseOctavianus
2568 3270 2729 3327 bellis
2778 3271 3049 3344 civilibus,
3105 3273 3170 3326 ad
3214 3274 3474 3343 quinque,
3507 3290 3626 3344 qua:

2027 3343 2474 3417 gessit,_jt_ivenis
2503 3343 3094 3417 etiamnumiinitiatus.
3128 3344 3308 3400 Genus
3339 3345 3623 3417 loquendi,

2029 3421 2090 3469 ut
2116 3412 2257 3484 apud
2289 3413 2568 3470 Lucanum
2600 3429 2690 3478 Ill,
2724 3415 2829 3471 510
2861 3432 2874 3470 :

2158 3508 2342 3572 Accipe
2359 3507 2568 3560 devotas
2592 3513 2805 3560 externa
2828 3509 2876 3558 in
2901 3508 3067 3573 praelia
3088 3509 3305 3562 dextras.

2099 3613 2154 3668 4.
2195 3612 2346 3669 Bella
2369 3614 2542 3670 civilia
2560 3615 2784 3684 quinque
2815 3615 2988 3686 gessit.
3014 3615 3288 3672 Bellorum
3321 3615 3514 3672 borum
3544 3616 3626 3673 vi-

2031 3686 2436 3758 ctoriarumquc
2453 3687 2683 3741 Cmsaris
2695 3687 2969 3742 Octaviani
2985 3688 3207 3758 Augusti
3223 3691 3480 3743 memoria
3495 3688 3628 3744 insi—

409 3757 496 3831 ις,
516 3757 727 3829 'Nogm,
755 3757 930 3828 mue,"
961 3757 1155 3829 Roma‘f
1176 3772 1295 3827 υυο
1317 3787 1385 3827 εχ
1405 3770 1578 3842 Lugd,
1607 3770 1775 3836 nam,
1799 3765 1923 3823 cum
2026 3761 2148 3827 gnis
2170 3765 2347 3842 exstat
2373 3757 2428 3812 in
2455 3758 2816 3842 nobilissimo,
2847 3758 2941 3828 qui
2970 3773 3244 3842 penesme
3262 3769 3362 3824 est,
3380 3776 3625 3842 onuntmo

331 3846 472 3901 Coll.
505 3845 772 3915 Gronov.,
802 3853 985 3900 nostra
1006 3847 1114 3900 hac
1142 3843 1332 3899 Roma.

404 3917 497 3973 20.
532 3909 771 3989 Legenda
797 3919 996 3989 pueris.
1039 3917 1097 3972 ln
1129 3913 1404 3989 exercitiis
1444 3913 1656 3970 scilicet
1699 3909 1926 3968 Schola-

334 3990 510 4046 sticis.
535 3985 938 4046 JdvenalJSat.
969 4003 1026 4054 χ,
1057 4001 1143 4043 vs.
1173 3985 1278 4042 l67
1311 4005 1325 4042 :

461 4080 528 4132 Ut
552 4082 724 4146 pueris
744 4079 960 4144 placeas,
986 4089 1040 4132 et
1062 4078 1356 4130 declamatio
1377 4079 1490 4130 llas!

404 4187 496 4243 2|.
531 4187 831 4259 Spectanda
850 4187 1081 4259 populis.
1113 4185 1448 4253 Quibusdam
1467 4201 1548 4259 ex
1574 4184 1778 4259 iis_non
1806 4184 1927 4241 sine

336 4255 638 4330 voluptate.
663 4267 724 4315 ut
744 4255 867 4330 rlieri
900 4255 1108 4313 solebat
1130 4259 1185 4313 in
1206 4256 1519 4328 spectaculo
1543 4255 1926 4330 gladiatorum,

331 4327 529 4404 quibus
540 4345 718 4404 supra
741 4329 1018 4404 Romapos
1045 4327 1279 4386 miseros
1301 4327 1657 4404 comparavit.

335 4400 367 4471 ,⁷
406 4403 502 4459 22.
530 4400 878 4472 Exarserunt.
907 4401 1212 4472 Edd.vett.
1240 4400 1510 4472 quaedam,
1534 4409 1889 4472 surrexerunt.

409 4475 502 4529 Ξῖ).
535 4471 900 4528 Pullularunt.
923 4471 1097 4542 Lugd.
1123 4471 1271 4528 Batt.
1299 4472 1432 4541 duo,
1465 4471 1824 4542 popularium.

406 4544 494 4601 24.
529 4545 921 4618 Consectantur.
952 4543 1091 4618 ΙᾷιΙιΙζ
1123 4545 1372 4618 quatdam
1403 4551 1562 4609 vett.,
1583 4543 1924 4618 insectantur.

335 4617 557 4674 Eaedem
576 4631 724 4680 mox,
747 4625 796 4670 et
816 4617 870 4669 in
891 4615 1041 4688 ipsis.
1059 4614 1215 4688 Dein,
1232 4616 1404 4688 agitur
1421 4624 1467 4671 et
1491 4615 1723 4686 punitur,
1750 4614 1929 4670 deleto

337 4697 410 4757 et,
441 4689 584 4754 quod
613 4687 1109 4758 pratcesseratted.
1140 4687 1279 4758 Aug.

407 4761 500 4816 25.
535 4755 662 4887 ίέαἷ,
693 4775 830 4827 cum,
848 4767 954 4815 etc.
985 4757 1062 4812 Ex
1087 4755 1258 4830 Epist:
1277 4758 1430 4815 Pauli
1453 4756 1520 4815 ad
1542 4755 1778 4830 Philipp.
1805 4771 1923 4828 cap.

433 4847 517 4886 vs.
593 4876 602 4886 .

336 4847 402 4889 ΙΙ.
433 4847 517 4886 νε.
551 4847 602 4887 0.

336 4877 763 4960 I"c'lé.3ivm.
787 4933 857 4945 —-
881 4905 930 4959 Ι.
969 4901 1305 4958 Octavianus.
1346 4903 1515 4959 Recte
1554 4901 1928 4970 manuscripta

338 4975 689 5045 exemplaria.
714 4976 846 5030 Nam
871 4975 929 5030 (ἐ.
957 4973 1201 5029 Octavius
1232 5017 1248 5042 ,
1302 4975 1427 5030 Julii
1478 4971 1739 5045 thsarisA
1765 4980 1930 5045 testa-

338 5040 524 5118 mento
552 5046 864 5118 adoptatus,
889 5061 1042 5102 more
1085 5040 1453 5118 Romanorum
1492 5043 1670 5118 dictus
1718 5042 1816 5096 l‘uit
1863 5040 1922 5096 C.

339 5112 712 5195 Juliusﬂtesar
737 5117 1210 5195 Octavianus,_D_io
1238 5118 1541 5195 lih._van.
1576 5112 1745 5195 Falsa.
1819 5184 1831 5195 .
1912 5181 1926 5194 .

411 5190 467 5245 2.
500 5188 725 5244 Cmsaris
762 5189 1029 5244 avunculi.
1069 5189 1273 5244 Julium
1330 5190 1596 5244 Cursarem
1646 5187 1930 5240 Octaviani

339 5263 653 5319 avunculum
681 5262 924 5317 nominat
947 5260 1109 5316 etiam
1147 5259 1288 5314 infra
1329 5275 1376 5316 c.
1415 5258 1523 5320 20.
1561 5267 1613 5314 et
1638 5255 1931 5313 Suetonius

343 5331 398 5388 in
422 5333 664 5403 Augusto
703 5332 782 5388 ait
821 5349 835 5386 :
869 5331 1022 5387 Nihil
1063 5332 1447 5386 conuenientius
1489 5330 1687 5384 ducens
1707 5368 1730 5403 _.
1776 5341 1932 5397 quam

339 5396 792 5459 neremvavunculi
820 5403 1102 5472 vindicare,
1135 5418 1256 5457 cum
1284 5413 1466 5458 tamen
1497 5396 1796 5454 avunculus
1816 5413 1932 5450 ma-

341 5491 474 5546 gnus
498 5475 677 5530 fuerit.
702 5475 900 5531 Nescio
928 5483 1106 5528 autem
1135 5488 1203 5528 an
1235 5473 1462 5528 Orosius
1487 5473 1843 5528 Octavianum
1855 5483 1934 5546 _cx

342 5538 536 5629 'g‘orore
561 5547 792 5629 Caesaris
819 5557 1002 5629 natum
1025 5546 1320 5629 putaverit,
1353 5559 1515 5614 quem
1563 5557 1805 5629 enrroretn
1825 5538 1932 5629 ‘lo.

345 5615 579 5687 Pierius,
603 5617 832 5673 Carolus
867 5610 1141 5687 Sigonius,
1173 5631 1236 5670 ac
1271 5610 1543 5686 poslremo
1571 5611 1787 5687 Cuiliel.
1825 5610 1938 5682 Xy-

347 5686 542 5762 lander
568 5688 683 5762 (qui
711 5690 768 5762 in
795 5683 983 5744 Dionis
1009 5687 1240 5762 historia
1270 5683 1644 5762 convertenda
1653 5694 1718 5762 et
1745 5697 1935 5762 emen—

348 5757 526 5814 danda
530 5753 819 5889 Fpreaclara
851 5758 1053 5833 ingenii
1075 5759 1162 5816 sui
1184 5759 1515 5816 documenta
1541 5754 1719 5827 dedit)
1741 5753 1942 5812 refuta-

349 5842 498 5889 runt.
575 5847 698 5889 acu.

349 5842 498 5889 runt.
530 5842 698 5890 FABR.

1954 4653 2010 4715 D

2029 3838 2286 3899 argenteo
2303 3844 2316 3893 ;
2333 3827 2386 3899 in
2402 3829 2558 3898 cujus
2569 3839 2723 3899 parte
2737 3827 2937 3898 priore,
2955 3827 3072 3884 Sine
3099 3829 3206 3884 ulla
3231 3831 3588 3899 inscriptione
3604 3872 3620 3896 ,

2030 3897 2868 3969 agnosciturCaesariSOctaviani
2883 3908 3062 3970 caput,
3077 3900 3309 3956 leoninis
3320 3897 3551 3967 exuviis,
3570 3902 3623 3957 in

2031 3985 2238 4026 morem
2259 3969 2506 4041 Herculis
2519 3979 2837 4025 exornatum
2856 3986 2871 4036 ;
2889 3969 3046 4041 quasi
3064 3980 3382 4039 agnosceret
3403 3979 3624 4028 senatus

2031 4041 2306 4097 Romanus
2336 4040 2684 4112 (cujusjussu
2708 4082 2724 4107 ,
2770 4040 3015 4111 apposita
3047 4053 3170 4098 nota
3203 4042 3262 4099 S.
3305 4041 3366 4098 C.
3401 4042 3503 4099 fuit
3530 4059 3625 4098 cu-

2029 4127 2126 4170 sus
2147 4111 2423 4182 denarius)
2441 4112 2643 4166 domita
2667 4128 2762 4182 per
2783 4113 3068 4169 llerculem
3095 4114 3238 4169 hunc
3255 4113 3621 4179 Alexieacum,

2029 4200 2153 4256 quae
2175 4184 2476 4256 Romanum
2511 4183 2796 4253 imperium
2839 4185 3176 4253 lacerabant,
3210 4196 3474 4251 monstra,
3507 4185 3620 4240 An-

2031 4253 2236 4311 tonium
2293 4253 2565 4328 praecipue
2614 4264 2670 4311 et
2721 4256 2943 4311 Sextum
2996 4257 3333 4328 Pompeium.
3395 4257 3625 4327 Insignis

2031 4343 2184 4398 teque
2209 4336 2292 4382 est
2315 4341 2438 4397 pars
2451 4326 2622 4382 altera
2638 4328 2862 4395 nummi,
2884 4343 3022 4396 quae,
3049 4326 3167 4383 sine
3189 4326 3625 4398 ullainscriptio-

2034 4415 2130 4466 ne,
2165 4399 2274 4470 typi
2301 4398 2585 4468 superbia,
2615 4415 2730 4453 rem
2766 4399 3015 4452 absolvit.
3051 4399 3337 4468 Spectatur
3368 4399 3512 4454 enim
3551 4399 3626 4455 ibi

2031 4471 2252 4542 globus,
2287 4481 2552 4524 terrarum
2585 4473 2771 4525 orbem
2797 4470 3087 4538 designans
3110 4512 3126 4536 ,
3157 4472 3209 4524 in
3259 4471 3430 4525 media
3465 4486 3622 4536 area,

2031 4541 2268 4614 quatuor
2296 4542 2523 4614 cinctus
2541 4542 2784 4614 corollis,
2815 4557 2937 4596 cum
2971 4542 3348 4614 acrostolioet
3369 4541 3624 4598 frumenti

2032 4612 2199 4684 spica.
2231 4614 2395 4682 Cujus
2421 4612 2764 4668 emblematis
2794 4614 2930 4668 duas
2963 4627 3180 4681 possum
3226 4612 3424 4669 afferre
3456 4615 3627 4669 inter-

2037 4685 2391 4757 pretationes.
2422 4684 2527 4757 Per
2557 4693 2788 4757 quatuor
2819 4687 2967 4739 enim
3002 4685 3244 4757 corollas
3282 4695 3514 4755 quatuor
3548 4685 3628 4739 vi-

2035 4754 2222 4813 ctorizc
2243 4754 2476 4810 Caesaris
2499 4754 2775 4824 designari
2809 4764 3060 4826 possunt,
3080 4771 3212 4825 quas
3235 4754 3322 4811 hie
3345 4767 3632 4813 enumerat

2035 4829 2287 4900 Orosius,
2315 4827 2396 4880 sic
2415 4835 2472 4880 ut
2500 4826 2685 4900 quinta
2711 4826 2935 4900 victoria
2959 4827 3158 4900 duplici
3185 4841 3312 4900 typo
3335 4827 3626 4900 indicetur,

2039 4899 2298 4954 videlicet
2325 4897 2616 4968 acrostolio
2648 4910 2703 4952 et
2732 4898 2988 4952 frumenti
3040 4897 3221 4968 Spica,
3261 4914 3380 4968 qua:
3427 4899 3628 4954 Sicilia:

2036 4983 2090 5026 ct
2113 4969 2356 5042 victoriae
2383 4967 2604 5042 Sicular,
2634 4969 2748 5042 sive
2769 4969 3030 5042 deSexto
3053 4967 3333 5039 Pompeio,
3356 4971 3464 5024 sint
3487 4986 3633 5041 sym~

2037 5041 2251 5104 bolum,
2289 5039 2560 5094 classibus
2589 5039 2756 5094 enim
2797 5040 2886 5096 ille
2921 5049 2974 5096 et
3008 5040 3263 5095 frumenti
3291 5042 3445 5110 copia
3479 5039 3630 5094 vale-

2038 5112 2148 5167 bat.
2205 5111 2386 5166 Altera
2446 5109 2825 5180 interpretatio
2876 5111 2997 5166 haec
3045 5121 3126 5165 est
3159 5127 3173 5164 :
3206 5109 3453 5179 Quatuor
3509 5127 3630 5166 cer-

2035 5185 2214 5239 nimus
2261 5181 2521 5246 corollas,
2570 5181 2666 5236 sed
2711 5182 2784 5237 ita
2835 5186 3041 5251 pictas,
3077 5195 3132 5237 ut
3162 5197 3282 5253 qua:
3337 5197 3406 5238 ex
3434 5182 3629 5238 iisdem

2037 5253 2642 5325 globosuperponitur,
2676 5253 2915 5322 reliquas
2946 5264 3090 5320 tres,
3124 5269 3243 5324 quae
3281 5255 3473 5324 aequali
3508 5263 3637 5308 sunt.

2040 5324 2437 5397 magnitudine,
2472 5326 2672 5380 vincat.
2714 5325 2837 5380 llaec
2882 5326 3045 5397 igitur
3074 5327 3127 5380 in
3152 5325 3636 5397 generevictorias

2039 5394 2361 5460 Ctesaris,et
2383 5398 2668 5450 subactum
2691 5394 2956 5451 terrarum
2979 5397 3170 5451 orbem
3193 5394 3484 5464 signiﬁcat.
3501 5396 3638 5450 Tres

2039 5467 2281 5530 corollae,
2313 5465 2417 5520 sibi
2450 5465 2680 5523 invicem
2706 5468 2912 5522 similes
2935 5510 2948 5532 ,
2981 5467 3248 5534 triplicem
3278 5467 3635 5537 triumphum,

2043 5540 2198 5609 cuius
2231 5537 2436 5593 mentio
2463 5537 2665 5609 liticap.
2708 5539 2808 5605 20,
2840 5550 2893 5594 et
2923 5547 3100 5607 partas
3132 5537 3187 5590 in
3219 5539 3400 5606 specie
3428 5553 3497 5593 ex
3530 5537 3638 5592 Eu-

2043 5608 2201 5681 ropa,
2233 5610 2355 5664 Asia
2383 5618 2437 5663 et
2459 5608 2665 5675 Africa,
2699 5612 2871 5666 trilms
2898 5609 3045 5664 orbis
3069 5618 3333 5681 terrarum
3372 5610 3636 5676 partibus,

2045 5680 2301 5738 victorias
2324 5682 2571 5735 innuunt.
2597 5681 2960 5736 Acrostolinm
2975 5696 3101 5736 vero
3129 5680 3423 5750 potentiam
3450 5682 3637 5743 maris,

2049 5753 2308 5810 lrmnenti
2341 5753 2522 5821 spica,
2567 5753 2954 5807 abundantiam
3005 5762 3057 5807 et
3110 5753 3414 5806 ubertatem
3458 5766 3640 5807 rerum

2053 5825 2298 5882 omnium
2349 5823 2715 5896 frumentique
2772 5823 3042 5894 imprimis
3093 5837 3279 5880 curam
3329 5823 3638 5896 designant.
