4060 6344
343 272 482 334 1045

1363 269 1837 328 IIISTUltlARUM
1878 265 2084 326 LIBER
2130 267 2214 326 Vl.
2256 269 2409 328 CAP.
2457 271 2645 329 XVIII.

3508 274 3650 334 £046

341 400 420 444 ter
449 389 617 444 vitam
651 387 782 443 nihil
817 385 1052 458 reliquit.
1094 387 1134 421 ¹⁹
1165 383 1332 458 igitur
1359 383 1544 442 Cmsar
1589 395 1644 440 et
1672 385 1938 441 Antonius
1965 390 2012 452 Α
2045 385 2412 442 Menecratem
2447 385 2838 456 Pompeianum
2863 385 3060 444 ducem
3086 389 3276 446 navale
3303 389 3505 446 bellum
3527 405 3649 462 ges-

335 482 559 537 cosdem
585 481 636 536 in
661 477 1028 537 Macedoniam
1061 479 1275 550 magnis
1295 479 1566 536 bellorum
1589 479 1937 550 apparatibus

247 607 261 617 -
335 576 643 648 persecuti,
675 575 742 631 ad
770 583 1001 631 mortem
1029 573 1448 645 compulerunt:
1483 575 1734 644 quamvis
1763 573 1937 628 mani-

333 670 631 727 festissime
671 669 761 725 illa
789 678 917 726 tunc
951 683 1128 742 pugna
1161 681 1268 725 non
1301 669 1501 724 virtute
1550 669 1722 739 partis
1761 668 1936 725 Anto-

335 765 432 833 nii,
459 764 556 821 sed
586 763 823 820 Caesaris
854 760 1113 819 felicitate
1152 762 1398 817 confecta
1437 761 1527 816 sit.
1579 759 1765 816 Caesar
1790 759 1935 816 enim

333 867 462 913 tunc
486 871 652 928 aeger,
681 869 807 912 cum
837 867 898 912 se
928 854 982 910 in
1010 854 1208 910 castris
1235 851 1518 922 capiendae
1548 850 1747 924 quietis
1773 863 1937 908 causa

333 959 521 1007 tenere
549 945 858 1014 statuisset,
888 947 932 980 “
963 947 1204 1013 hortatu,
1235 953 1291 1003 et
1315 945 1568 1018 precibus
1595 944 1790 1001 medici
1825 948 1932 1012 sui,

328 1043 421 1116 qui
455 1058 553 1114 per
583 1043 857 1097 somnium
895 1040 1232 1097 admonitum
1271 1051 1392 1094 sese
1424 1036 1701 1094 fatebatur
1722 1080 1736 1104 ,
1784 1047 1841 1091 ut
1870 1049 1933 1092 ea

327 1136 414 1194 die
441 1139 634 1193 castris
661 1133 934 1191 Caesarem
963 1133 1155 1190 salutis
1179 1134 1352 1204 ipsius
1373 1143 1538 1186 causa
1561 1131 1842 1196 educeret,
1876 1128 1930 1185 in

325 1245 577 1302 Campum
601 1228 649 1262 "
679 1244 823 1300 aegre
866 1225 1008 1284 inter
1037 1226 1226 1296 copias
1255 1237 1511 1297 egressus
1536 1231 1620 1279 est
1648 1263 1660 1287 ,
1715 1235 1778 1277 ac
1803 1233 1932 1277 mox

323 1336 505 1381 casara
530 1321 650 1394 ejus
678 1321 748 1378 ab
777 1320 1024 1377 hostibus
1049 1326 1205 1390 capta
1232 1325 1360 1375 sunt
1386 1335 1399 1371 :
1449 1315 1547 1372 sed
1591 1327 1782 1370 rursus
1811 1312 1929 1369 Cai-

322 1415 524 1474 sariani
556 1413 758 1470 milites
779 1412 953 1468 Cassii
985 1424 1167 1468 castra
1200 1416 1486 1481 ceperunt.
1529 1408 1711 1476 Quare
1739 1405 1808 1461 ad
1834 1403 1930 1460 de-

320 1509 690 1580 sperationem
709 1505 885 1562 adacti
904 1505 1104 1560 Brutus
1123 1511 1177 1560 et
1191 1500 1434 1568 Cassius,
1463 1501 1806 1557 immaturam
1822 1495 1928 1553 sibi

320 1614 554 1658 mortem
579 1610 705 1656 ante
735 1598 861 1655 belli
890 1597 1182 1655 terminum
1205 1597 1626 1653 consciverunt:
1661 1606 1810 1658 nam,
1840 1591 1923 1646 in-

321 1693 504 1750 vitatis
551 1691 1006 1765 percussoribus,
1049 1689 1277 1746 Cassius
1303 1697 1506 1758 caput,
1553 1687 1752 1740 Brutus
1779 1685 1925 1740 latus

2041 481 2131 535 sit.
2162 479 2368 536 Deinde
2391 479 2508 550 ipse
2529 480 2712 536 Caesar
2744 480 3006 538 adversus
3031 482 3254 540 eosdem
3286 483 3647 555 Pompeianos

2038 573 2482 629 cruentissimum
2508 573 2708 630 bellum
2736 575 2930 631 navale
2953 575 3190 632 confecit
3223 593 3237 630 :
3271 577 3365 632 sed
3387 577 3645 635 continuo

2041 664 2322 721 victricem
2353 665 2583 722 classem
2633 681 2773 738 pene
2802 668 3110 724 universam
3138 668 3280 742 apud
3342 671 3386 701 ’⁷
3435 670 3646 742 Scylla-

2038 771 2195 814 ceum
2226 757 2512 830 naufragio
2536 758 2736 816 amisit.
2769 760 2816 793 ⁸⁸
2847 761 3128 818 Ventidius
3171 762 3368 820 Persas
3411 771 3468 819 et
3511 762 3644 820 Par-

2041 851 2162 909 thos
2189 852 2245 909 in
2280 852 2492 926 Syriam
2550 853 2917 926 irrumpentcs
2949 897 2965 923 ,
2995 857 3173 914 tribus
3200 858 3360 915 bellis
3393 860 3644 919 maximis

2038 943 2206 1013 fudit,
2237 959 2541 1017 regemque
2569 961 2760 1003 eorum
2783 947 3045 1004 Pacorum
3089 949 3145 1004 in
3173 949 3291 1006 acie
3329 950 3641 1020 interfecit,

2037 1050 2100 1092 ea
2129 1035 2344 1092 scilicet
2362 1035 2482 1104 die,
2509 1051 2612 1109 qua
2633 1036 2866 1095 Crassus
2893 1055 2925 1095 a
2955 1039 3169 1097 Parthis
3202 1040 3382 1097 fuerat
3406 1042 3641 1100 occisus.

2036 1132 2345 1199 Antonius,
2377 1146 2486 1188 uno
2505 1133 2593 1188 vix
2623 1133 2852 1196 castello
2879 1145 3188 1206 expugnato
3207 1179 3222 1206 ,
3278 1151 3466 1208 pacem
3515 1151 3638 1194 cum

2034 1223 2304 1279 Antiocho
2335 1223 2494 1293 fecit,
2543 1233 2600 1280 ut
2647 1225 2766 1296 ipse
2806 1234 3011 1282 tantam
3061 1244 3176 1284 rem
3231 1242 3642 1287 consummasse

2039 1317 2346 1374 videretur.
2374 1316 2690 1374 Ventidium
2741 1319 2918 1391 Syria:
2967 1320 3242 1391 praefecit,
3275 1323 3320 1354 ὀ
3365 1321 3638 1393 iussitque

2034 1421 2093 1466 ut
2121 1410 2399 1482 Antigono
2434 1410 2634 1467 bellum
2670 1411 2898 1469 inferret
2927 1432 2941 1471 :
2972 1413 3063 1486 qui
3091 1413 3312 1471 Iudaeos
3341 1422 3454 1470 tum
3500 1416 3640 1472 forte

2031 1505 2439 1571 debellaverat,
2462 1507 2747 1578 captisque
2774 1506 3170 1580 Hierosolymis
3185 1551 3202 1576 ,
3229 1509 3488 1579 templum
3516 1522 3635 1580 spo-

2031 1600 2290 1668 liaverat,
2346 1599 2393 1634 ³⁸
2432 1615 2770 1673 regnumque
2824 1602 3027 1658 Herodi
3071 1601 3426 1674 dempserat:
3471 1617 3634 1673 quem

2029 1691 2290 1748 continuo
2305 1692 2506 1748 victum
2531 1693 2584 1748 in
2607 1691 2944 1749 deditionem
2975 1695 3200 1764 recepit.
3225 1693 3381 1750 Mena
3408 1692 3634 1750 libertus

319 1791 572 1863 praebuit.
602 1789 648 1822 “
680 1787 750 1844 At
781 1788 965 1842 Romae
998 1785 1188 1842 Fulvia
1215 1825 1229 1851 ,
1263 1797 1404 1840 uxor
1431 1781 1694 1847 Antonii,
1723 1793 1917 1835 socrus
1951 1789 1994 1850 Β
2021 1799 2147 1841 cum
2174 1801 2269 1842 sex
2305 1786 2541 1842 navibus
2587 1788 2655 1842 ad
2689 1787 3008 1858 Pompeium
3048 1788 3247 1857 rediit,
3297 1803 3328 1842 a
3369 1803 3478 1860 quo
3517 1788 3634 1844 cle-

318 1885 572 1951 Cmsaris,
593 1885 932 1940 dominatum
955 1889 1019 1937 ut
1040 1879 1238 1937 mulier
1265 1878 1539 1950 agitabat:
1567 1875 1836 1931 incertum
1862 1874 1915 1928 iit

317 1981 419 2035 hac
462 1977 768 2034 mutatione
804 1974 1113 2031 consularis
1160 1972 1406 2044 regiique
1443 1968 1687 2041 fastigii,
1736 1978 1916 2024 utrum

316 2071 622 2129 deficientis
673 2070 933 2142 potentiae
980 2068 1165 2124 ultima
1195 2113 1208 2136 ,
1263 2082 1330 2120 an
1383 2063 1693 2136 incipientis
1742 2062 1916 2133 prima

313 2163 361 2198 ”
395 2164 754 2231 numeranda,
785 2171 936 2220 certe
962 2161 1126 2216 etiam
1157 2157 1210 2214 in
1234 2173 1334 2215 eos
1356 2158 1618 2221 insolens,
1655 2169 1749 2226 per
1779 2167 1917 2225 quos

317 2271 373 2315 ut
428 2260 825 2322 insolesceret,
880 2256 1161 2327 agebatur.
1223 2253 1357 2309 Nam
1405 2262 1458 2308 et
1505 2251 1772 2306 Caesarem
1831 2263 1916 2304 re-

315 2369 532 2411 versum
561 2353 704 2425 apud
731 2349 1095 2407 Brundusium
1128 2346 1508 2411 contumeliis,
1567 2343 1911 2412 factionibus,

313 2447 635 2518 insidiisque
660 2447 708 2476 ’³
739 2441 911 2516 petiit.
963 2441 1008 2498 A
1038 2455 1146 2514 quo
1177 2440 1487 2512 propulsata
1519 2438 1586 2492 ad
1617 2437 1914 2492 Antonium

309 2539 472 2615 433
528 2542 801 2597 concessit
859 2541 908 2594 in
957 2538 1247 2595 Gneciam.
1306 2537 1353 2568 ”
1409 2535 1540 2592 Sex.
1582 2534 1912 2604 Pompeius,

312 2647 600 2708 pestquam
633 2650 691 2690 se
744 2633 796 2689 iu
846 2631 1274 2704 proscriptorum
1326 2643 1613 2685 numerum
1683 2627 1913 2683 relatum

308 2729 611 2799 comperit,
645 2739 947 2782 conversus
1002 2723 1054 2780 in
1112 2719 1429 2787 latrocinia,
1483 2733 1703 2776 omnem
1761 2731 1913 2775 oram

311 2822 478 2876 italia:
506 2819 748 2874 caedibus
771 2818 1083 2888 rapinisque
1114 2816 1363 2872 vastavit.
1396 2814 1584 2870 Sicilia
1621 2824 1914 2884 praerepta,

314 2914 820 2984 eontttteatiliuSque
877 2911 1152 2983 impeditis
1186 2951 1200 2976 ,
1235 2910 1460 2963 Romam
1518 2909 1658 2962 fante
1713 2907 1913 2965 aifecit.

313 3005 431 3061 Mox
461 3023 586 3061 cum
609 3020 676 3061 eo
703 3017 892 3076 pacem
915 3002 1211 3069 triumviri,
1239 3013 1292 3056 ut
1329 3015 1436 3056 non
1464 3000 1638 3056 dicam
1665 2999 1915 3071 tyranni,

310 3102 360 3154 id
386 3111 498 3165 est,
535 3099 802 3169 Lepidus,
834 3098 1045 3163 Caesar,
1078 3097 1454 3165 Antoninstjue
1496 3093 1763 3149 fecerunt.
1809 3093 1913 3148 Sed

2023 1889 2237 1936 menter
2262 1889 2536 1951 receptus,
2568 1880 2804 1937 Caesaris
2829 1882 3063 1938 classem
3087 1883 3348 1949 incendit,
3379 1883 3626 1953 quamvis

2023 1988 2196 2043 nuper
2219 1973 2404 2028 Caesar
2430 1972 2657 2030 alteram
2689 1974 2934 2031 secundo
2965 1975 3250 2047 naufragio
3275 1974 3622 2046 perdidisset.

2021 2064 2279 2136 idemque
2307 2067 2458 2122 Mena
2489 2077 2678 2137 postea
2709 2067 2779 2122 ah
2803 2069 3039 2140 Agrippa
3069 2068 3247 2124 navali
3294 2067 3482 2137 praelio
3512 2070 3621 2122 cir-

2019 2171 2370 2226 cumventus,
2401 2176 2524 2217 cum
2546 2177 2645 2217 sex
2675 2161 2985 2218 triremibus
3003 2163 3071 2219 ad
3093 2163 3366 2219 Caesarem
3392 2161 3624 2217 transiit.

2022 2256 2130 2311 Sed
2157 2257 2301 2310 hunc
2330 2256 2516 2311 Caesar
2546 2258 2710 2312 tertio
2739 2258 3072 2330 transfugam
3097 2301 3110 2327 ,
3168 2257 3374 2312 indulta
3421 2264 3629 2312 tantum

2023 2351 2163 2417 vita,
2192 2347 2358 2421 434
2388 2347 2429 2380 ³⁸
2462 2364 2683 2420 segnem
2713 2349 2954 2421 reliquit.
2986 2350 3193 2407 Deinde
3221 2350 3458 2421 Agrippa
3490 2349 3630 2406 inter

2020 2441 2190 2507 Mylas
2217 2451 2274 2497 et
2305 2443 2529 2511 Liparas
2551 2442 2596 2475 ⁸¹
2629 2442 2893 2498 adversus
2947 2445 3336 2499 Detnocharem
3363 2458 3419 2500 et
3467 2445 3629 2501 Pom-

2020 2533 2197 2605 peium
2223 2535 2412 2592 navale
2434 2536 2680 2606 praelium
2709 2536 2905 2606 gessit,
2962 2551 3026 2592 ac
3065 2537 3191 2592 vicit
3225 2554 3238 2602 ;
3297 2536 3474 2608 ibique
3501 2548 3630 2596 tunc

2019 2642 2192 2682 naves
2234 2629 2458 2698 triginta
2481 2639 2573 2682 aut
2605 2628 2650 2660 ³³
2679 2627 2974 2695 demersit,
3031 2637 3126 2683 aut
3173 2631 3346 2700 cepit,
3403 2632 3627 2702 reliquis

2020 2718 2292 2775 laceratis.
2322 2719 2612 2790 Pompeius
2643 2719 2946 2776 Messanam
2994 2720 3256 2792 confugit.
3313 2718 3496 2777 Caesar
3539 2724 3623 2778 in-

2023 2827 2168 2871 terea
2222 2815 2632 2870 Taurominium
2665 2815 2710 2845 δι
2757 2815 3091 2884 trajecerat,
3134 2831 3296 2886 quem
3340 2817 3626 2886 repentino

2022 2910 2225 2978 impetu
2257 2909 2548 2981 Pompeius
2573 2909 2784 2966 afﬂixit.
2811 2909 2970 2967 Unde
2997 2910 3184 2966 multis
3229 2911 3493 2967 demersis
3525 2927 3625 2968 na-

2021 3003 2176 3057 vibus
2224 3005 2366 3072 suis,
2404 3020 2466 3058 ac
2512 3020 2705 3076 magna
2737 3005 3089 3060 multitttdiue
3133 3020 3358 3074 suorum
3391 3005 3623 3062 militum

2022 3095 2267 3167 perdita,
2305 3099 2355 3151 in
2400 3096 2602 3151 Italiam
2629 3097 2814 3152 Caesar
2860 3099 3104 3168 aufugit,
3158 3097 3203 3129 ³³
3235 3112 3335 3152 nec
3390 3099 3624 3156 interve-

305 3196 569 3250 continuo
628 3207 750 3249 cum
805 3202 995 3246 contra
1054 3199 1263 3259 pactum
1316 3187 1606 3256 Pompeius
1659 3185 1912 3257 [υεὶιὶνοε
1941 3183 1987 3248 C
2020 3191 2204 3247 niente
2233 3207 2414 3257 mora,
2467 3191 2519 3246 in
2553 3191 2791 3246 Siciliam
2821 3192 3019 3247 rediit:
3053 3193 3232 3263 ibique
3262 3192 3526 3263 Lepidum
3557 3209 3626 3250 ex

305 3291 570 3358 allegeret
600 3330 615 3357 ,
658 3291 720 3344 ut
783 3283 953 3342 hostis
1009 3281 1223 3339 habitus
1275 3292 1378 3338 est.
1441 3281 1593 3337 Mena
1625 3322 1638 3345 ,
1686 3277 1912 3336 libertus

311 3380 576 3448 Pompeii,
607 3394 730 3434 cum
772 3377 1054 3448 sexaginta
1089 3377 1305 3430 navium
1335 3376 1510 3430 classe
1553 3372 1619 3428 ad
1642 3371 1911 3429 Caesarem

307 3474 539 3542 defecit,
572 3471 858 3542 eidemque
883 3470 1045 3526 classi
1088 3470 1204 3540 ipse
1232 3469 1383 3539 jussu
1409 3467 1640 3524 Caesaris
1676 3467 1910 3538 praefuit.

309 3566 566 3637 Idemque
594 3564 854 3621 Continuo
881 3564 927 3594 "
983 3577 1104 3618 cum
1159 3561 1373 3618 Statilio
1424 3561 1604 3617 Tauro
1650 3558 1913 3615 adversus

2021 3284 2202 3340 Africa
2241 3283 2626 3342 adventantem
2659 3284 2877 3341 obvium
2923 3283 3154 3353 habuit,
3214 3301 3453 3341 sunnnas
3518 3289 3622 3344 sibi

2021 3389 2206 3449 partes
2239 3387 2476 3443 terrore,
2508 3377 2668 3432 minis
2698 3391 2762 3432 ac
2792 3377 3045 3448 superbia
3082 3377 3470 3434 vindicantem.
3495 3379 3624 3436 Post

2021 3471 2137 3526 dies
2191 3487 2394 3542 paucos
2452 3470 2684 3542 Agrippa
2715 3471 2865 3541 jussu
2893 3470 3128 3526 Caesaris
3182 3486 3210 3526 a
3273 3474 3454 3527 littore
3499 3487 3623 3528 cum

2021 3565 2138 3620 acie
2183 3564 2442 3622 instructa
2469 3567 2897 3634 prospectantis,
2959 3564 3004 3595 "'
3059 3567 3399 3621 atrocissime
3448 3567 3625 3624 navali

1581 3644 1587 3650 ’
1617 3655 2061 3716 HAVERCAMPI
2104 3657 2331 3714 NUT/E.

383 3759 471 3813 i9.
519 3755 689 3825 Igitur
718 3751 971 3825 Cwsarget
991 3751 1380 3825 Antonius.__l)e
1409 3748 1906 3825 bello_PItilippe_ttsi

311 3830 454 3884 Plut.
480 3821 797 3883 inAntonio
817 3833 874 3881 et
895 3823 1084 3890 Bruto,
1112 3827 1250 3892 App.
1283 3822 1376 3876 lib.
1410 3836 1480 3886 tv,
1513 3821 1611 3876 Dio
1635 3821 1799 3885 xuii,
1818 3822 1908 3877 Li-

309 3904 430 3956 vius
457 3915 638 3963 csxtv,
665 3899 856 3954 Florus
881 3896 974 3950 lib.
1009 3910 1061 3950 tv
1088 3911 1138 3950 c.
1167 3897 1200 3950 6
1223 3937 1239 3961 ,
1275 3893 1514 3949 Velleius
1537 3931 1553 3959 ,
1591 3893 1903 3964 Eutropius,

313 3983 370 4028 et
402 3973 519 4026 alii.
554 3970 719 4026 FABR.

381 4045 470 4098 20.
505 4042 729 4097 Hortatu
750 4052 795 4095 et
825 4042 1060 4111 precibus
1087 4037 1289 4111 medici.
1329 4037 1404 4111 De
1426 4035 1528 4090 hoc
1552 4036 1765 4111 somnio
1789 4050 1907 4092 me-

310 4117 418 4170 dici
440 4117 554 4168 ilio.
583 4106 833 4168 Amicum
852 4127 1006 4167 suum
1032 4113 1170 4168 hunc
1196 4110 1364 4166 fuisse
1385 4107 1502 4178 ipse
1522 4106 1762 4177 scripsit,
1782 4123 1912 4163 auc-

313 4195 432 4240 tore
465 4186 739 4240 Plutarch.
771 4185 823 4239 in
853 4184 1109 4239 Aut0uio.
1166 4181 1329 4238 FABil.

381 4257 474 4314 21.
509 4256 696 4328 zEgre.
731 4257 803 4328 Ita
827 4273 954 4328 mss.
984 4267 1039 4311 et
1066 4255 1189 4312 cdd.
1225 4255 1402 4328 plures
1425 4259 1481 4306 et
1504 4248 1784 4328 meliores.
1805 4249 1912 4306 Alii

311 4344 478 4404 eger,
512 4322 737 4404 Sueton.
777 4327 831 4382 in
862 4327 1000 4404 Aug.
1033 4341 1154 4395 cap.
1183 4322 1242 4381 9i
1275 4341 1314 4404 ε¹
1345 4322 1588 4404 Quamvis
1628 4322 1909 4387 statuisset,

313 4392 419 4456 ηόη
442 4392 616 4469 egredi
647 4392 977 4470 tabernaculo
1003 4392 1210 4470 propter
1207 4392 1596 4470 galetndiitent.

387 4419 419 4454 η
442 4417 616 4469 egreat
647 4417 977 4453 ιαυετηαειιιο
1003 4417 1098 4470 pro
1137 4417 1210 4452 ιετ
1231 4417 1596 4449 υαιεηιιιυισηι.

385 4472 476 4526 Si.
530 4472 595 4524 At
627 4470 806 4526 Romae
833 4467 1042 4524 Fulvia.
1093 4417 1166 4524 6e
1196 4465 1402 4520 Fulvia:
1446 4464 1733 4520 insolentia
1765 4463 1905 4520 Plut.

315 4544 370 4598 in
396 4545 657 4604 Antonio.
687 4550 743 4596 et
773 4543 870 4596 Dio
900 4543 994 4598 lib.
1029 4556 1210 4596 xt.vttt.
1255 4539 1419 4593 Fann.

385 4615 475 4672 25.
507 4614 864 4668 Numeranda.
899 4613 974 4669 ita
997 4627 1126 4669 mss.
1151 4625 1288 4682 quos
1313 4607 1545 4677 inspexi,
1576 4622 1785 4672 omnes,
1814 4621 1913 4662 uo-

319 4689 570 4741 minanda
603 4684 884 4741 Fabricius
912 4695 966 4740 et
991 4681 1188 4753 reliqui
1217 4681 1478 4737 editores.

386 4759 478 4813 24.
524 4758 700 4813 Petiit.
738 4756 927 4824 lidetn,
959 4756 1150 4827 petivit.

389 4831 479 4886 25.
511 4832 640 4884 Sex.
677 4819 974 4900 Pompeius.
1008 4827 1084 4882 De
1109 4828 1234 4900 Sex.
1268 4823 1529 4893 Pompeio
1545 4819 1814 4900 rebusque
1842 4821 1911 4876 ab

315 4917 385 4956 eo
399 4911 454 4957 et
469 4917 592 4956 cum
616 4917 684 4955 eo
696 4892 862 4970 gestis
884 4899 1066 4954 Livius
1089 4897 1180 4970 lib.
1197 4909 1383 4970 cxxvn
1406 4892 1716 4970 etseqq.,_A
1727 4892 1906 4962 ppian.

319 4974 416 5028 lib.
447 4985 500 5037 v,
537 4973 633 5026 Ilio
662 4961 827 5026 xivut
854 4984 903 5026 et
933 4983 1076 5033 χιιι,
1099 4969 1246 5024 Flor.
1279 4966 1372 5021 lib.
1402 4981 1452 5019 IV
1484 4981 1534 5019 c.
1558 4961 1622 5017 ’8.
1652 4961 1818 5037 Fasti.

389 5035 640 5099 aii—Cum
671 5044 880 5098 Statilio
922 5041 1120 5095 Tauro.
1157 5040 1254 5093 Dio
1305 5039 1400 5092 lib.
1445 5049 1644 5098 xum,
1696 5035 1908 5090 Menam

320 5131 576 5171 noncum
627 5115 836 5179 Tauro,
889 5113 982 5169 sed
1031 5127 1153 5166 cum
1207 5109 1441 5165 Calvisio
1465 5106 1679 5179 Sabino
1707 5106 1906 5162 bellum

317 5189 581 5242 adversus
601 5177 957 5242 Menecratem
987 5187 1219 5252 gessisse
1250 5181 1429 5235 tradit.
1458 5177 1622 5252 FABfl.

391 5260 481 5313 27.
517 5257 884 5329 Scyllacwum.
931 5249 1040 5329 ι)ίρ
1056 5253 1318 5329 invisitatas
1348 5252 1528 5329 habet.
1561 5249 1728 5329 Appa
1752 5249 1908 5303 Σκνλο

318 5332 514 5385 λὰκιον.
548 5320 736 5398 Virgil.
767 5329 862 5382 lib.
897 5344 953 5383 nt
977 5325 1194 5382 IEneid.
1221 5323 1574 5398 Nauifragutn
1605 5320 1913 5398 Scylaceum

318 5403 484 5463 dicit,
514 5415 622 5469 quo
645 5390 707 5454 in
742 5401 859 5453 loco
889 5399 957 5453 de
987 5400 1147 5467 ltujus
1198 5390 1432 5450 nominis
1452 5390 1672 5448 ratione
1701 5390 1913 5447 Pierius

318 5485 375 5528 et
402 5473 738 5546 Erythraeus.
769 5470 940 5546 Fusa.
1079 5540 1107 5546 κ
1367 5535 1402 5546 ἢ
1491 5533 1532 5546 ﬂ

394 5534 498 5599 28:
531 5542 802 5596 Ventidius
830 5541 1044 5595 Persas.
1079 5540 1152 5593 lie
1184 5554 1241 5592 re
1285 5554 1312 5589 a
1357 5535 1424 5590 P.
1491 5534 1732 5589 Ventidio
1791 5549 1916 5604 pro-

321 5631 483 5682 spcre
513 5627 634 5668 cum
664 5612 878 5670 Parthis
908 5624 1057 5674 gesta
1083 5608 1404 5665 Plutarchus
1432 5610 1482 5662 in
1513 5607 1772 5682 Antonio,
1793 5607 1911 5682 Dio.

323 5677 418 5743 lib.
452 5702 613 5742 xum
635 5697 689 5740 et
718 5699 842 5738 thx
862 5723 878 5752 ,
901 5682 1048 5738 Flor.
1097 5683 1192 5737 lib.
1221 5695 1274 5735 tv
1299 5695 1350 5736 c.
1400 5682 1465 5747 9,
1513 5677 1763 5733 Valerius
1817 5677 1912 5733 lib.

320 5774 373 5814 vi
405 5773 454 5812 c.
487 5756 576 5812 10.
608 5756 774 5812 ΡΑιιιι.

393 5829 485 5887 29.
509 5827 778 5898 Jussitque
816 5836 871 5882 ut
903 5823 1328 5896 Antigono.Legc
1356 5821 1648 5891 .Iosephtnn
1678 5819 1770 5874 lib.
1823 5835 1914 5874 xw

1943 4579 1992 4639 D

2010 3751 2284 3822 Antiquit.
2319 3752 2484 3807 Fann.

2083 3825 2186 3896 50.7
2205 3822 2528 3896 l)_empserat.
2563 3824 2692 3880 Mss.
2724 3835 2779 3879 et
2805 3825 2987 3896 vnlgg.
3011 3839 3202 3881 omnes
3227 3826 3475 3894 dederat,
3520 3831 3619 3887 sed

2014 3895 2066 3948 in
2089 3895 2210 3948 cod.
2246 3894 2416 3964 Lugd.
2451 3895 2564 3950 Bal.
2606 3910 2686 3964 pr.
2725 3894 3159 3965 superscribitur
3187 3897 3443 3953 demserat
3492 3915 3617 3958 esse

2015 3965 2303 4036 legendum
2337 3981 2350 4029 ;
2410 3981 2513 4034 qua
2538 3966 2916 4022 emendatione
2948 3968 3078 4022 nihil
3116 3967 3321 4023 certius
3348 3981 3450 4025 est.
3476 3972 3616 4028 Cum

2016 4037 2227 4110 Herode
2253 4038 2397 4110 enim
2428 4046 2480 4092 et
2516 4037 2777 4110 fratribus
2815 4038 3061 4106 ejusdem
3092 4040 3162 4094 de
3212 4054 3380 4110 regno
3411 4042 3614 4098 bellum

2013 4107 2185 4178 gessit
2227 4109 2562 4177 Antigonus,
2595 4123 2622 4160 a
2658 4107 2908 4164 Ventidio
2936 4118 3129 4179 captus
3149 4149 3164 4174 ,
3198 4121 3249 4165 et
3279 4107 3348 4165 ab
3379 4115 3618 4170 Antonio

2017 4179 2539 4252 securipercussus.
2565 4179 2763 4234 llerodi
2793 4193 2970 4252 autem
3003 4195 3223 4250 regnum
3256 4181 3405 4252 dedit
3430 4194 3618 4252 postea

2017 4250 2306 4305 Antonius.
2339 4251 2532 4305 Mirum
2564 4265 2690 4305 vero
2722 4261 2805 4305 est
2853 4251 3162 4307 Fabricium
3213 4250 3509 4310 advocasse
3561 4257 3617 4312 itt

2020 4330 2198 4390 partes
2247 4337 2372 4377 suas
2401 4320 2718 4392 Josepbum,
2765 4332 2819 4377 et
2867 4322 3001 4378 nihil
3048 4332 3340 4380 annotasse
3367 4325 3437 4380 ad
3468 4325 3620 4383 insu-

2020 4393 2199 4467 bidam
2232 4392 2379 4467 illam
2432 4394 2742 4467 lectionem,
2779 4409 3094 4464 regnumque
3128 4393 3326 4467 Herodi
3357 4396 3613 4467 dederat,

2017 4479 2124 4534 qua
2151 4464 2383 4540 ineptior
2431 4466 2728 4540 excogitari
2782 4468 2996 4536 nequit,
3047 4480 3169 4520 cum
3221 4465 3289 4540 de
3336 4464 3614 4540 Antigono

2017 4538 2242 4609 omnino
2265 4538 2568 4609 sermogsit,
2602 4537 2690 4606 qui
2735 4553 2896 4609 regno
2927 4547 2981 4609 et
3032 4537 3267 4606 potentia
3298 4537 3619 4609 ejecit'llc-

2019 4607 2205 4662 rudem
2237 4622 2360 4662 cum
2392 4606 2534 4672 suis,
2570 4624 2676 4662 non
2701 4623 2830 4663 vero
2856 4607 2922 4663 de
2949 4608 3209 4674 Antonio,
3230 4606 3616 4678 qui—llerodetn

2020 4693 2200 4748 regem
2233 4679 2551 4744 constituit,
2586 4678 2680 4733 sed
2713 4687 2933 4748 postea,
2964 4679 3107 4734 victo
3160 4689 3215 4735 et
3252 4690 3411 4751 capto
3461 4683 3617 4739 Anti-

2053 4766 2180 4803 uno.

2019 4765 2180 4876 sagi):
2215 4821 2435 4894 Segnem
2468 4822 2688 4890 reliquit.
2728 4819 2875 4892 Virg.
2907 4819 3125 4877 A‘Ineid.
3158 4838 3211 4889 rt,
3244 4823 3350 4880 699
3382 4841 3394 4877 :

2705 4981 2900 5042 POplite
2924 4983 3145 5034 Palmum

2264 5046 2461 5097 Succiso
2479 5045 2606 5097 volvi
2625 5058 2834 5109 segnem
2856 5048 2986 5099 sinit.

2088 5184 2174 5238 52.
2209 5185 2465 5258 Adversus
2499 5184 2909 5258 Demos/tarem.
2937 5185 2994 5239 Ill
3036 5186 3157 5242 aliis
3203 5196 3456 5257 corrupte
3485 5198 3608 5258 est,

2024 5253 2344 5330 Demochum
2373 5299 2388 5322 ,
2436 5259 2746 5330 Δημοχᾴρην
2777 5257 3053 5330 Appianus
3082 5267 3138 5312 et
3182 5258 3276 5330 Dio
3307 5253 3609 5318 nominant.

2021 5326 2316 5398 Suetonius
2371 5326 2986 5398 quoque'Democltarem
3035 5328 3172 5383 bene
3212 5328 3391 5386 habet.
3442 5331 3609 5390 FABR.

2092 5400 2179 5454 55.
2215 5396 2511 5470 ριηιεηίιζ
2524 5397 2662 5455 Cod.
2694 5398 2932 5470 Lnngob.
2948 5440 2962 5465 ,
2987 5415 3052 5452 ma
3065 5400 3177 5454 rsit.

2093 5471 2182 5524 54.
2218 5468 2530 5539 Trajecerat.
2561 5470 2789 5538 Quidam
2819 5468 2950 5524 inss.
2973 5511 2986 5534 ,
3017 5471 3309 5526 transierat.

2093 5541 2180 5615 55.
2217 5539 2714 5615 lVecinterreniente
2739 5556 2902 5594 mora.
2936 5541 3106 5615 Lugd.
3140 5542 3281 5615 Batt.
3315 5553 3456 5615 tres,
3484 5561 3610 5603 cum

2022 5611 2162 5666 Coll.
2221 5611 2494 5678 Grouov.,
2550 5629 2642 5667 nec
2698 5613 3062 5666 interveniente
3109 5613 3380 5673 dilatione.
3443 5611 3604 5674 'Edit.

2024 5683 2249 5753 August.
2271 5724 2285 5747 ,
2310 5700 2401 5737 nec
2437 5685 2804 5740 interveniente
2831 5683 3047 5736 ditionis
3077 5698 3244 5740 mora.

2094 5757 2182 5831 se.
2209 5754 2562 5831 Atrocissimo.
2588 5756 2677 5812 Sic
2697 5767 2830 5810 mss.
2855 5753 2982 5810 edd.
3002 5755 3255 5814 meliores
3276 5767 3333 5816 et
3356 5761 3610 5831 August;

2019 5825 2108 5880 alii
2129 5869 2142 5894 ,
2171 5826 2504 5881 atrocissime.
