4096 6350
302 263 460 332 10ὶᾷ

1364 262 1836 322 lllS'I‘URl.-\RUM
1877 263 2084 321 LIBER
2129 265 2210 320 Vl.
2253 263 2405 321 CAP.
2453 266 2571 322 XX.

3454 269 3590 331 1054

301 384 390 439 die
421 384 652 452 primum
677 383 950 453 Augustus
976 382 1351 438 consalutatus
1378 391 1484 438 est.
1509 383 1662 451 Quod
1696 397 1892 438 nomen
1920 385 1969 444 Α
1997 381 2228 438 Caesaris
2261 392 2373 436 toto
2402 383 2535 439 orbe
2568 380 2847 454 regnantis
2875 383 2916 414 ¹¹
2954 382 3132 440 futura
3160 384 3364 442 Christi
3399 391 3592 444 nativi-

296 477 516 532 eunctis
542 484 700 531 antea
724 474 742 506 ⁸
767 475 1112 543 inviolatum,
1139 477 1160 506 ⁵
1181 484 1237 531 ct
1265 491 1437 546 usque
1466 477 1531 530 ad
1564 491 1705 530 nunc
1730 488 1895 532 caete-

300 570 379 627 ris
405 570 659 623 inausum
686 567 920 622 dominis
939 608 956 633 ,
979 577 1186 624 tantum
1217 568 1366 623 orbis
1389 567 1538 624 licite
1557 567 1722 640 ωε
1744 584 1900 624 usur-

299 670 508 733 patum,
537 661 750 730 apicem
788 659 1029 716 declarat
1070 661 1283 734 imperii
1321 680 1335 714 :
1365 672 1528 732 atque
1558 662 1579 693 ⁸
1609 677 1677 718 ex
1703 662 1896 717 eodem

301 755 390 812 die
427 768 642 809 summa
686 765 869 808 rerum
896 767 969 808 .ac
1015 763 1340 824 potestatum
1383 769 1551 822 penes
1580 771 1745 809 unum
1776 768 1898 810 esse

300 848 465 918 coepit
501 856 558 902 et
601 845 823 912 mansit,
860 845 1006 917 quod
1045 845 1223 903 Graeci
1266 846 1636 902 mouarchiam
1678 855 1891 902 vocant.

300 940 473 996 Porro
503 952 681 995 autem
710 939 852 996 hunc
873 952 993 994 esse
1013 939 1269 995 eumdem
1295 939 1459 1004 diem,
1492 942 1592 995 hoc
1613 952 1718 1007 est,
1744 953 1894 995 octa-

297 1052 426 1090 vum
457 1035 574 1090 idus
601 1033 908 1100 Januarias,
926 1049 1036 1106 quo
1065 1049 1166 1090 nos
1195 1034 1519 1106 Epiphania,
1548 1035 1650 1090 hoc
1677 1042 1780 1100 est,
1807 1050 1902 1100 ap-

298 1132 656 1202 paritionem,
703 1132 822 1186 sive
860 1130 1356 1186 manifesmtionem
1402 1129 1672 1185 Dominici
1714 1145 1899 1185 sacra-

298 1226 465 1280 menti
512 1223 907 1288 observamus,
955 1238 1115 1279 nemo
1155 1223 1532 1287 credentium,
1580 1224 1694 1277 sive
1732 1223 1895 1277 etiam

299 1318 422 1372 lidei
469 1316 977 1384 contradicentium,
1011 1316 1206 1372 nescit.
1247 1315 1324 1371 De
1365 1329 1472 1386 quo
1504 1323 1705 1370 nostra:
1739 1315 1896 1370 istius

297 1412 629 1468 ﬁdelissima:
671 1411 1077 1468 observationis
1115 1420 1458 1466 sacramento
1504 1408 1722 1464 uberius
1754 1423 1898 1464 nunc

294 1505 499 1568 dicere,
527 1519 627 1560 nec
651 1504 812 1572 ratio,
845 1518 946 1559 nec
973 1504 1126 1559 locus
1157 1503 1364 1573 ﬂagitat
1393 1518 1409 1557 :
1441 1514 1500 1558 ut
1525 1515 1579 1558 et
1607 1503 1899 1574 quammi-

297 1597 403 1652 bus
444 1611 777 1665 reservasse,
816 1605 874 1652 et
914 1596 1316 1667 negligentibus
1359 1611 1464 1651 non
1497 1595 1791 1666 ingessisse
1822 1596 1898 1648 vi-

297 1689 548 1744 deatnur.
573 1689 686 1745 Hoc
706 1698 887 1745 autem
912 1688 1144 1746 lideliter
1164 1703 1632 1745 commemorasse
1657 1689 1774 1743 ideo
1799 1703 1895 1758 par

2001 487 2082 533 tas
2111 477 2381 534 declarata
2411 487 2522 544 est;
2570 477 2820 534 Christus
2861 479 3006 534 enim
3053 479 3236 550 lingua
3272 485 3447 550 gentis
3474 485 3594 552 ejus

2001 572 2043 602 ¹¹
2075 571 2126 624 in
2155 585 2257 642 qua
2281 580 2442 626 natus
2463 579 2566 638 est,
2587 583 2784 627 unctus
2813 573 3222 642 interpretatur.
3252 571 3440 644 Itaque
3465 589 3587 631 cum

1999 679 2064 721 eo
2096 676 2342 736 tempore
2376 681 2484 736 quo
2515 665 2717 721 Caesari
2745 675 3006 736 perpetua
3031 666 3319 721 tribunicia
3353 676 3594 736 potestas

1997 760 2215 814 decreta
2250 769 2354 824 est,
2386 759 2572 812 Roma:
2599 760 2717 813 fons
2747 757 2854 814 olei
2887 774 2983 828 per
3014 769 3182 814 totum
3226 761 3369 816 diem
3399 761 3554 818 lltixit
3581 781 3593 817 ε

1997 851 2099 905 sub
2158 852 2464 922 principatu
2521 851 2758 908 Caesaris
2811 852 3163 923 Romanoque
3220 854 3451 924 imperio
3503 870 3600 924 per

2000 957 2167 1004 totum
2195 947 2364 1009 diem.
2397 947 2499 1003 huc
2528 956 2634 1011 est,
2660 962 2760 1017 per
2792 961 2955 1004 omne
2983 947 3212 1004 Romani
3253 959 3472 1019 tempus
3496 949 3600 1007 im-

1997 1042 2155 1112 perii,
2182 1041 2453 1097 Christum
2479 1053 2526 1097 et
2553 1057 2618 1096 ex
2643 1056 2712 1098 eo
2732 1041 3103 1111 Christianos,
3137 1042 3190 1098 ld
3217 1053 3321 1112 est,
3347 1053 3594 1112 unctum,

1998 1143 2162 1205 atque
2189 1150 2253 1190 ex
2283 1149 2350 1190 eo
2380 1143 2595 1199 unctos,
2631 1135 2700 1189 de
2727 1133 3010 1191 meritoria
3061 1135 3284 1191 taberna
3306 1177 3319 1201 ,
3355 1135 3457 1192 hoc
3487 1145 3595 1203 est,

1997 1229 2069 1284 de
2094 1228 2310 1298 hospita
2336 1231 2594 1300 largaque
2619 1229 2866 1284 Ecclesia
2895 1227 3209 1294 allluenter,
3231 1237 3391 1296 atque
3419 1230 3598 1286 inces-

2000 1321 2246 1378 sabiliter
2279 1334 2665 1392 processuros,
2697 1321 3178 1389 restituendosth
3205 1333 3302 1391 per
3323 1320 3596 1376 Caesarem

2000 1429 2194 1470 omnes
2250 1427 2462 1479 servos,
2509 1414 2599 1484 qui
2655 1422 2833 1468 tamen
2878 1423 3269 1481 cognoscerent
3311 1414 3596 1468 hominum

1999 1521 2178 1568 suum.
2211 1517 2572 1576 caaterosque,
2599 1506 2686 1574 qui
2717 1505 2762 1536 ¹³
2795 1506 2913 1561 sine
2940 1505 3163 1581 domino
3192 1507 3592 1575 invenirentur,

2001 1600 2161 1656 morti
2211 1599 2591 1669 supplicioque
2639 1597 2942 1663 dedendos,
2999 1597 3439 1670 remittendaque
3492 1599 3596 1656 sub

2001 1692 2216 1747 Caesare
2245 1691 2424 1747 debita
2458 1699 2810 1760 peccatorum
2850 1690 2905 1745 in
2935 1704 2998 1746 ea
3029 1687 3175 1747 Urbe
3206 1691 3258 1745 in
3297 1706 3402 1762 qua
3433 1705 3597 1761 spon-

299 1782 423 1847 l'uit,
455 1788 514 1836 ut
537 1797 635 1852 per
655 1782 838 1836 omnia
862 1782 1075 1838 venturi
1103 1781 1302 1836 Christi
1333 1782 1503 1852 gratia
1534 1793 1896 1852 prmparatmn
1930 1771 1974 1832 Β
2005 1795 2224 1840 laneum
2256 1783 2298 1816 ιδ
2325 1782 2574 1838 ﬂuxisset
2622 1783 2832 1847 oleum,
2885 1782 3291 1838 evidentissima
3344 1783 3458 1848 bis,
3503 1783 3598 1854 qui

295 1875 530 1932 Cesaris
552 1876 843 1944 imperium
865 1876 1274 1946 comprobetur.
1293 1875 1312 1907 '
1335 1874 1468 1930 Nam
1492 1889 1614 1930 cum
1637 1875 1894 1946 primum,

295 1965 430 2021 Caio
463 1965 681 2022 Caesare
711 1968 987 2022 avunculo
1023 1981 1124 2022 suo
1159 1967 1465 2036 interfecto,
1495 1982 1564 2023 ex
1607 1968 1897 2039 Apollonia

298 2059 520 2116 rediens
547 2058 749 2116 Urbem
775 2059 1170 2131 ingrederetur,
1197 2061 1327 2116 hora
1349 2063 1569 2116 circiter
1593 2061 1750 2117 tertia
1775 2064 1796 2094 ⁸
1816 2077 1902 2118 re-

299 2163 484 2224 pente,
517 2154 726 2226 liquido
766 2169 828 2210 ac
867 2169 1004 2224 puro
1044 2170 1240 2212 sereno
1279 2156 1520 2211 circulus
1563 2155 1629 2210 ad
1659 2155 1896 2227 speciem

296 2247 536 2302 celestis
564 2261 722 2301 arcus
749 2247 936 2302 orbem
961 2247 1095 2303 solis
1123 2247 1333 2314 ambiit,
1357 2253 1378 2282 θ
1403 2251 1555 2320 quasi
1578 2263 1702 2304 eum
1735 2263 1897 2304 unum

302 2355 369 2392 ac
409 2337 845 2406 potentiSsiruum
889 2339 940 2394 in
984 2340 1088 2395 hoc
1117 2339 1320 2396 mundo
1347 2342 1632 2411 solumque
1659 2341 1900 2398 clarissi-

302 2447 450 2486 mum
480 2432 532 2486 in
560 2433 693 2486 orbe
711 2441 1064 2496 monstraret,
1088 2435 1248 2502 cujus
1269 2443 1515 2504 tempore
1539 2443 1796 2491 venturus
1813 2449 1901 2491 es-

299 2533 407 2592 set,
434 2525 524 2596 qui
555 2525 732 2595 ipsum
765 2525 937 2581 solent
962 2525 1134 2595 solus,
1160 2527 1531 2597 mundumque
1554 2537 1721 2582 totum
1744 2537 1799 2584 et
1824 2528 1900 2583 fe-

299 2619 469 2674 cisset
493 2628 548 2674 et
577 2629 814 2691 regeret.
848 2618 1057 2676 Deinde
1086 2635 1207 2675 cum
1235 2621 1500 2689 secundo,
1530 2621 1582 2676 in
1608 2621 1791 2678 Sicilia
1814 2637 1901 2679 re-

300 2712 477 2782 ceptis
505 2727 537 2768 a
565 2712 825 2784 Pompeio
845 2720 900 2768 et
921 2712 1123 2782 Lepido
1145 2712 1467 2784 legionibus,
1495 2713 1711 2786 triginta
1734 2712 1900 2771 millia

300 2819 585 2861 servorum
624 2805 862 2861 dominis
906 2807 1254 2875 restituisset,
1292 2816 1349 2864 et
1377 2809 1729 2880 quadraginta
1762 2822 1899 2878 qna-

304 2905 431 2952 tuor
452 2898 692 2968 legiones
713 2898 863 2953 solus
886 2900 1115 2968 imperio
1137 2914 1238 2954 suo
1259 2902 1326 2954 ad
1352 2909 1592 2957 tutamen
1615 2901 1766 2955 orbis
1791 2909 1901 2956 ter-

303 3005 489 3045 rarum
518 2991 908 3058 distribuisset,
936 3008 1214 3064 ovansque
1240 2993 1437 3050 Urbem
1465 2998 1760 3065 ingressus,
1785 3010 1902 3050 ου.

304 3083 390 3137 nia
427 3084 708 3155 superiora
738 3085 920 3156 populi
963 3085 1193 3141 Rostiani
1233 3087 1413 3142 debita
1447 3087 1723 3154 donanda,
1757 3087 1903 3142 litte-

2002 1878 2388 1946 prophetarum
2435 1891 2600 1931 voces
2644 1891 2751 1932 non
2795 1875 3117 1940 audiebant,
3150 1875 3303 1944 signa
3336 1876 3390 1930 in
3433 1876 3598 1944 etelo,

2001 1983 2053 2026 et
2087 1973 2139 2026 in
2165 1983 2307 2026 terra
2334 1969 2574 2040 prodigia
2605 1968 2986 2040 prodiderunt.
3015 1968 3205 2022 Tertio
3234 1979 3437 2035 autem,
3470 1981 3595 2023 cum

2003 2063 2203 2118 Urbem
2235 2061 2575 2131 triumphans
2605 2062 2849 2132 quintum
2875 2061 3065 2116 consul
3098 2061 3377 2130 ingressus
3398 2068 3505 2126 est,
3532 2073 3600 2116 eo

2000 2155 2214 2210 scilicet
2243 2155 2351 2221 die,
2405 2168 2565 2224 quem
2620 2168 2782 2222 supra
2833 2153 3265 2219 nominavimus,
3303 2154 3347 2185 ¹⁸
3375 2169 3498 2208 eum
3545 2162 3602 2210 et

2000 2248 2194 2304 Janum
2229 2255 2352 2316 post
2378 2245 2648 2302 ducentos
2679 2261 2854 2301 annos
2886 2249 3119 2316 primum
3151 2248 3268 2316 ipse
3293 2247 3520 2313 clausit,
3545 2254 3602 2302 et

2001 2345 2361 2400 clarissimum
2395 2343 2528 2397 illud
2559 2343 2602 2374 ¹⁶
2635 2340 2860 2411 Augusti
2892 2356 3088 2396 nomen
3117 2341 3434 2410 assumpsit,
3469 2340 3600 2411 quid

2005 2438 2219 2492 lidelius
2247 2451 2312 2492 ac
2340 2436 2522 2493 verius
2543 2436 2692 2490 credi
2720 2445 2813 2490 aut
2836 2434 3092 2504 cognosci
3126 2439 3335 2504 potest;
3367 2447 3601 2488 concur-

2001 2529 2256 2586 rentibus
2284 2529 2353 2584 ad
2385 2539 2592 2583 tantam
2623 2527 3144 2592 manilestationem,
3177 2540 3330 2596 pace,
3359 2525 3602 2593 nomine,

2003 2623 2114 2690 die,
2146 2637 2304 2692 quam
2357 2620 2501 2676 hunc
2549 2619 2762 2676 occulto
2791 2619 3012 2689 quidem
3041 2629 3343 2690 gestorum,
3378 2618 3596 2685 ordine,

2005 2715 2072 2769 ad
2128 2712 2452 2784 obsequium
2504 2709 2918 2782 prmparatiouis
2973 2710 3091 2780 ejus
3146 2709 3599 2780 prmdestinatum

2003 2807 2172 2860 fuisse
2207 2823 2219 2858 :
2251 2805 2343 2875 qui
2375 2820 2442 2859 eo
2487 2804 2595 2870 die,
2641 2817 2750 2873 quo
2795 2803 2887 2858 ille
2936 2801 3367 2857 manifestandus
3398 2801 3601 2858 mundo

2008 2901 2048 2931 ¹⁷
2079 2910 2202 2969 post
2235 2897 2512 2969 paululum
2545 2907 2698 2962 erat,
2729 2906 2782 2950 ct
2815 2896 2958 2964 paris
2988 2895 3201 2964 signum
3248 2895 3515 2964 prartulit,
3546 2903 3603 2950 et

2009 2993 2292 3062 potestatis
2320 3005 2517 3045 nomen
2571 2987 2902 3057 assumpsit?
2931 2987 3068 3054 Quid
3098 2997 3278 3041 autem
3311 2986 3362 3040 in
3402 2994 3598 3056 quarto

2007 3074 2210 3153 reditu,
2228 3099 2353 3138 cuni
2383 3083 2536 3138 linito
2558 3081 2887 3136 Cantabrico
2908 3081 3069 3148 bello,
3097 3081 3408 3151 pacatisque
3429 3082 3603 3134 omnis

306 3191 490 3230 rarum
533 3177 697 3231 etiam
740 3177 1105 3234 monumentis
1154 3179 1378 3233 abolitis
1406 3181 1449 3211 ¹⁰
1477 3181 1811 3244 censuisset;
1846 3181 1900 3236 in
1928 3152 1974 3214 C
2011 3181 2111 3235 bus
2136 3177 2410 3250 gentibus,
2441 3175 2622 3232 Caesar
2654 3175 2855 3234 Urbem
2887 3177 3124 3244 repetiit,
3152 3174 3220 3229 ad
3249 3175 3604 3229 contestatim

305 3269 497 3324 diebus
519 3269 690 3339 ipsius
714 3270 836 3324 fons
857 3271 962 3326 olei
987 3271 1345 3342 largissimus,
1369 3275 1508 3326 sicut
1532 3273 1786 3344 superius
1806 3289 1905 3330 ex-

303 3365 477 3432 pressi
509 3407 526 3432 ,
566 3367 635 3419 tle
663 3364 884 3422 taberna
914 3367 1189 3422 meritoria
1221 3383 1320 3437 per
1349 3377 1517 3423 tctqu
1547 3369 1689 3424 diem
1722 3371 1899 3425 lluxit.

304 3452 469 3526 ω
497 3455 616 3526 Quo
643 3455 798 3528 signo
839 3457 970 3529 quid
1013 3457 1339 3528 evidentius,
1396 3473 1557 3530 quam
1607 3461 1664 3516 in
1711 3462 1906 3519 diebus

2011 3290 2135 3328 nem
2169 3272 2292 3327 lidei
2314 3285 2474 3338 quam
2499 3271 2901 3340 exprotninius,
2929 3281 3106 3324 aetum
3137 3269 3229 3334 sit,
3265 3269 3382 3338 ipso
3413 3267 3603 3324 ordine

2012 3369 2205 3424 melius
2236 3365 2446 3438 profore
2461 3375 2570 3420 tur.

1605 3645 2059 3704 HAVERCAMPI
2099 3645 2332 3703 NOTAEJ.

380 3779 433 3837 ι.
467 3777 809 3836 Inviolatum.
840 3777 1035 3836 Nescio
1064 3777 1190 3848 quid
1223 3777 1324 3834 hoc
1351 3777 1574 3834 verbum
1606 3779 1709 3834 sibi
1743 3777 1896 3845 velit,

305 3863 362 3910 et
389 3851 660 3923 quomodo
681 3859 866 3916 antea,
893 3851 946 3906 id
972 3859 1077 3923 est.
1105 3859 1230 3906 ante
1255 3849 1556 3923 Augustum
1583 3851 1796 3923 dicatur
1818 3853 1900 3906 in-

305 3922 555 3980 uiolatum
585 3923 637 3978 id
666 3937 883 3979 nomen.
914 3923 970 3977 In
996 3922 1235 3977 Floreat.
1266 3937 1375 3977 sec.
1412 3922 1608 3992 legitur
1631 3922 1895 3989 inolitum,

308 4000 404 4051 sed
439 3999 508 4050 ita
536 4006 592 4050 ut
617 3997 920 4065 corrigatur
955 3994 1032 4065 sic
1063 3994 1272 4048 abrasis
1301 3994 1630 4065 quihusdam
1653 4010 1774 4064 quas
1800 4009 1899 4048 an-

309 4079 392 4123 tea
425 4068 726 4132 exstabant,
761 4063 976 4121 litteris.
1007 4064 1089 4120 Au
1118 4063 1462 4119 scribendum
1494 4063 1806 4118 insolitum?
1829 4081 1895 4118 au

310 4155 444 4194 vero
475 4138 668 4192 violare
699 4138 786 4193 hic
810 4137 1078 4207 signilicat
1101 4136 1358 4190 invadere
1386 4137 1595 4190 titulum
1619 4135 1899 4190 divinum?

311 4219 473 4280 prout
515 4211 581 4264 de
625 4209 842 4263 nomine
890 4209 1115 4277 Augusti
1162 4207 1352 4280 Florus
1399 4209 1657 4262 extremis
1696 4207 1820 4263 libri
1849 4222 1899 4260 tv

307 4279 513 4349 Verbis,
546 4290 599 4334 ut
639 4281 834 4335 scilicet
860 4281 998 4350 jam,
1030 4280 1156 4333 dum
1180 4279 1304 4334 colit
1334 4288 1516 4346 terras,
1551 4280 1664 4348 ipso
1695 4280 1900 4333 nomine

308 4363 355 4408 et
385 4353 538 4406 titulo
564 4363 974 4406 consecraretur.

381 4429 433 4480 5.
470 4423 538 4478 Et
568 4439 727 4495 usque
752 4424 822 4478 ad
852 4439 1006 4478 nunc.
1037 4417 1172 4476 Edd.
1206 4421 1473 4491 quaedam,
1504 4430 1550 4477 et
1577 4420 1676 4475 huc
1703 4438 1900 4494 usque;

308 4509 410 4550 ms.
451 4494 620 4565 Lugd.
643 4493 768 4549 bat.
799 4505 1004 4565 quart.,
1038 4500 1086 4545 et
1116 4509 1273 4565 usque
1301 4509 1457 4565 nunc.

383 4570 436 4623 6.
473 4562 555 4621 Ea?
593 4567 772 4620 eodem
809 4562 912 4620 die.
956 4563 1086 4619 Mss.
1128 4562 1299 4632 Lugd.
1343 4564 1481 4621 Batt.
1515 4575 1746 4634 quatuor
1777 4579 1898 4620 cum

310 4639 452 4694 Ultr.
479 4647 534 4692 et
560 4637 694 4692 Coll.
727 4635 965 4692 Gronov.
996 4644 1159 4706 atque
1190 4635 1280 4691 ed.
1307 4634 1472 4706 Aug.,
1506 4653 1569 4690 ex
1597 4654 1656 4690 ea
1685 4637 1792 4691 die.

386 4711 436 4764 7.
470 4709 608 4764 Nam
637 4725 752 4762 cum
775 4709 1020 4776 primum.
1049 4705 1164 4778 Hoc
1188 4721 1252 4760 cx
1279 4705 1520 4778 Suetonii
1547 4709 1786 4778 Augusto
1810 4705 1904 4762 de-

308 4781 572 4850 scriptum
603 4793 706 4836 est.
742 4780 928 4834 Κεῖαι-ι
955 4778 1097 4833 idem
1125 4777 1300 4833 Julius
1327 4776 1666 4848 Obsequens.
1698 4777 1864 4833 FABR.

385 4853 438 4907 8.
476 4852 719 4922 Repente,
755 4850 951 4922 liquido
981 4867 1041 4904 ac
1071 4867 1204 4920 puro
1232 4865 1434 4904 sereno.
1467 4850 1625 4915 Editi,
1661 4866 1793 4922 puro
1820 4866 1902 4922 se:

309 4917 723 4995 renoque'cwlo.
767 4917 1194 4995 Incousiderate,
1229 4923 1532 4995 prtesertim
1565 4917 1686 4995 cum
1718 4936 1840 4991 Cap.
1874 4917 1899 4975 ἰ

312 4992 487 5052 ultimi
516 4995 606 5051 lib.
637 4998 800 5051 etiam
829 4994 1054 5052 Orosius
1077 4994 1156 5051 sic
1180 4995 1432 5065 loquatur
1457 5013 1471 5048 :
1498 4992 1800 5065 deliciarum
1821 5010 1904 5046 se-

309 5085 436 5124 reno
464 5068 760 5136 assuefacti,
791 5077 843 5123 et
873 5085 900 5121 ει
931 5083 1060 5123 mss.
1092 5063 1267 5122 etiam
1298 5067 1462 5121 absit.
1495 5066 1584 5122 Sic
1603 5063 1748 5134 Virg.
1781 5080 1797 5118 :

440 5181 550 5233 Heu
575 5184 775 5233 nimium
796 5181 910 5233 cceli
933 5182 1114 5234 conﬁse
1133 5194 1332 5233 sereno.

313 5293 485 5346 Laur.
519 5321 588 5330 —
621 5291 841 5357 Versus,
876 5307 1038 5361 quem
1080 5291 1321 5362 reSpicit,
1353 5301 1530 5347 exstat
1562 5289 1694 5348 Eu.
1727 5290 1822 5344 lib.
1857 5303 1909 5356 v,

314 5365 445 5418 870.
469 5363 578 5420 Sed
610 5363 684 5417 ibi
711 5363 870 5433 vulgo
899 5363 1124 5433 legitur:

443 5463 483 5515 Ο
505 5466 705 5516 nimium
725 5465 851 5518 etelo
875 5473 928 5517 et
952 5467 1131 5530 pelago
1147 5465 1332 5517 conlise
1353 5465 1566 5515 sereno!

315 5570 452 5626 Cum
479 5586 609 5626 vero
638 5571 693 5626 itt
723 5572 976 5627 omnibus
1000 5572 1121 5627 edd.
1156 5572 1414 5642 antiquis,
1444 5568 1911 5625 consentientibus

320 5657 452 5700 mss.
491 5642 682 5698 itidem
716 5645 948 5709 cunctis,
996 5643 1290 5711 legeretur,
1334 5642 1534 5713 liquido
1572 5659 1632 5696 ac
1672 5658 1804 5713 puro
1829 5657 1910 5695 se-

318 5731 466 5780 reno,
498 5713 783 5770 Fabricius
827 5725 1030 5770 temere
1059 5714 1220 5770 nimis
1251 5725 1303 5770 et
1335 5712 1594 5768 audacter
1623 5712 1913 5767 lectionem

322 5785 653 5856 immutavit,
705 5785 1059 5858 reposuitque
1106 5802 1235 5856 puro
1280 5801 1558 5855 serenoque
1605 5784 1718 5855 die,
1766 5794 1916 5841 tanto

1932 4606 1983 4667 D

2005 3787 2156 3835 certe
2181 3773 2656 3838 inconsideratius,
2689 3772 2833 3842 quod
2863 3771 3002 3842 apud
3031 3770 3346 3826 Suetonium
3377 3770 3430 3825 in
3460 3771 3598 3842 Aug.

2003 3865 2126 3918 cap.
2158 3849 2230 3905 95
2259 3894 2272 3917 ,
2307 3847 2448 3902 unde
2478 3846 2593 3901 haec
2620 3844 2911 3918 descripta
2931 3853 3080 3918 sunt,
3111 3857 3218 3918 non
3246 3843 3407 3896 aliter
3433 3851 3597 3918 quam

2007 3923 2057 3977 in
2075 3915 2441 3976 Orosii'codd.
2466 3928 2662 3972 exstet.
2695 3917 2768 3970 Ex
2799 3915 3009 3971 Velleio
3033 3923 3088 3969 et
3116 3915 3282 3970 Dione
3306 3921 3470 3984 atque
3496 3915 3572 3968 Zo
3589 3943 3602 3956 -

2006 4010 2132 4048 nara
2165 3991 2406 4048 Suetonii
2456 3992 2593 4043 hanc
2637 3986 3000 4041 narrationem
3053 3985 3344 4040 illustravit
3395 3985 3597 4043 ibidem

2004 4063 2380 4120 Casaubouus.

2077 4135 2131 4192 9.
2154 4135 2318 4201 Quasi
2345 4147 2462 4187 eum
2489 4146 2651 4184 unum
2665 4145 2727 4182 ac
2743 4127 3169 4198 potentissimum.
3193 4126 3330 4183 Edd.
3351 4127 3600 4197 quaedam

2009 4200 2344 4274 vett.,"quasi
2375 4219 2490 4258 eum
2521 4218 2682 4256 unum
2703 4218 2772 4274 _ac
2794 4200 3135 4274 potissimum.

2081 4269 2166 4334 1οξ
2201 4269 2492 4346 Censuisset
2528 4276 2664 4346 fons.
2695 4269 2804 4327 Sic'
2829 4269 3423 4346 recle‘liber-Materni,
3460 4269 3604 4326 inter

2007 4348 2420 4422 qua;alicnnde_
2438 4340 2555 4401 haec
2584 4347 2918 4422 irrepserant
2946 4359 2958 4394 :
2985 4342 3037 4422 in
3062 4340 3240 4422 diebus
3265 4342 3458 4422 ipsius,
3481 4357 3604 4422 quae

2007 4411 2148 4490 quod
2194 4428 2314 4490 post
2353 4419 2514 4490 etiam
2557 4411 2738 4471 statim
2778 4420 3114 4490 sequantur,
3164 4411 3396 4481 relegavi
3445 4411 3608 4490 hinc,

2009 4482 2152 4548 unde
2179 4482 2461 4546 venerant.
2493 4488 2664 4544 Laur.
2692 4516 2763 4527 --
2789 4482 3126 4540 lnomnibns
3155 4491 3337 4538 tamen
3363 4497 3494 4538 mss.
3522 4482 3606 4539 in-

2011 4566 2326 4637 veniuntur,
2361 4561 2461 4637 nisi
2494 4558 2637 4637 quod
2671 4574 2768 4637 pro
2793 4556 2954 4628 ipsius
2985 4555 3037 4609 iu
3073 4553 3347 4637 plerisque
3363 4553 3603 4637 [invene-

2010 4637 2109 4710 rim
2141 4635 2291 4703 ipsis,
2315 4623 2370 4688 in
2397 4623 2786 4710 illeo:illis:'llla
2809 4623 3047 4710 quoque,
3072 4623 3127 4707 in
3154 4623 3332 4708 diebus
3358 4623 3603 4695 Ctesaris,

2009 4693 2262 4763 videntur
2279 4693 2622 4773 respondere
2654 4698 2800 4755 hisce
2823 4693 2876 4773 in
2895 4699 3095 4773 _diebus_
3110 4693 3295 4768 ipsius.

2087 4779 2169 4834 11.
2217 4769 2443 4830 Futura.
2480 4774 2648 4828 Abest
2678 4788 2706 4823 ιι
2737 4769 2858 4826 cod.
2895 4769 3138 4839 Longob.

2084 4851 2169 4905 12.
2221 4845 2290 4901 In
2329 4863 2453 4918 qua.
2503 4845 2632 4900 Mss.
2667 4843 2881 4915 quidam
2914 4856 2977 4895 ea:
3005 4835 3143 4912 qua;
3189 4835 3305 4907 alii,
3333 4855 3396 4895 ea:
3420 4857 3522 4912 qua
3555 4846 3611 4896 et

2009 4940 2063 4976 τοι
2093 4938 2217 4976 aua.

2086 4939 2344 5048 ilé‘flSine
2375 4989 2604 5041 domino.
2652 4985 2728 5041 lla
2778 4981 2992 5040 restitui
3021 4998 3087 5038 ex
3119 4996 3250 5038 mss.
3287 4980 3422 5036 Male
3466 4980 3611 5052 lege-

2017 5066 2176 5119 batur
2203 5063 2315 5116 sine
2340 5061 2596 5114 dominio.

2088 5133 2175 5190 Η.
2221 5132 2510 5188 Fluxissct.
2541 5129 2667 5184 Mss.
2698 5126 2866 5197 Lugd.
2911 5127 3076 5194 Batt.,
3108 5125 3284 5194 ﬂuxit.

2093 5206 2176 5262 l5.
2232 5203 2363 5259 Cum
2411 5212 2460 5257 et
2490 5201 2707 5256 Ianum.
2763 5192 2841 5256 Ue
2894 5198 3032 5254 Juno
3064 5192 3249 5252 el‘anso
3283 5193 3483 5250 mentio
3513 5192 3612 5249 fuit

2018 5278 2175 5332 initio
2202 5274 2324 5331 libri
2359 5274 2538 5343 primi.
2576 5273 2711 5326 Ilinc
2741 5271 2930 5343 Virgil.
2960 5267 3178 5326 IEneid.
3207 5281 3246 5334 ι,
3271 5265 3400 5333 298,
3431 5265 3567 5320 dixit
3595 5283 3610 5319 :~

2017 5347 2338 5406 Claudentur
2361 5342 2483 5400 belli
2514 5342 2895 5416 partienFABn.
3460 5408 3470 5416 _
3603 5405 3608 5412 Δ

2094 5422 2181 5476 16.
2212 5419 2434 5490 Augusti
2455 5408 2661 5490 nomen.
2689 5415 2958 5490 ϐεεν-δειραὶ
2985 5428 3019 5490 ει⁸
3042 5419 3256 5490 senatu,
3289 5408 3613 5490 catterisque'

2019 5493 2226 5548 civibus
2257 5482 2525 5545 sententia
2567 5483 2786 5542 llluuatii
2843 5483 3021 5539 Planci
3075 5483 3366 5551 Augustum
3410 5482 3612 5533 dictum

2014 5565 2185 5621 fuisse
2236 5574 2361 5617 ante
2408 5561 2549 5615 diem
2603 5576 2689 5613 xu
2745 5557 2853 5612 kal.
2912 5554 3101 5622 Fcbr.,
3151 5568 3210 5606 se
3241 5552 3528 5620 septimum
3552 5559 3618 5622 iet

2018 5635 2088 5691 bl.
2153 5631 2408 5705 Vipsanio
2468 5631 2699 5702 Agrippa
2755 5643 2936 5694 coss.,
3006 5621 3336 5680 Censorinus
3403 5621 3612 5677 scribit.

2023 5708 2186 5764 Fasn.

2098 5780 2183 5833 l7.
2243 5776 2368 5832 l’ost
2416 5776 2703 5847 paululum.
2738 5769 2872 5826 Cod.
2929 5765 3198 5840 Longob.,
3232 5771 3344 5834 post
3375 5764 3615 5836 paulum.
