4096 6350
486 267 626 328 1055

937 383 1104 459 m
1140 381 1372 443 CAPUT
1410 382 1555 442 XXI.

485 499 662 556 thsar
699 498 963 572 quomodo
989 499 1278 572 liispanias
1299 499 1586 572 ingressas,
1615 495 1898 572 Cantabros
1927 497 2085 572 Astu-

556 566 738 643 resqtte
764 571 959 627 vicerit.
991 566 1198 643 Drusus
1233 566 1390 643 quos;
1389 570 1445 643 in
1485 566 1768 643 Germania
1784 569 2083 643 subegerit,

561 654 609 700 et
635 639 822 699 Cossus
846 643 902 698 in
926 642 1134 714 Africa;
1157 639 1320 714 deque
1346 639 1564 709 Tiberii,
1590 639 1830 711 Quintilii
1859 639 2010 708 vari,
2034 649 2086 698 et

557 716 804 788 Agrippa:
832 715 1013 787 gestis.

563 851 580 883 ⁸
611 851 772 907 Anno
800 847 869 906 ab
894 847 1040 906 Urbe
1063 847 1281 905 condita
1305 861 1538 904 nccsxvr
1557 889 1574 918 ,
1605 845 1936 920 imperatore
1975 850 2086 904 Au-

489 952 650 1014 gusto
679 946 700 976 ⁸
725 941 941 1000 Caesare
969 941 1170 1010 sexies,
1198 951 1256 998 et
1277 941 1362 997 bis
1389 940 1461 998 Μ.
1486 941 1720 1013 Agrippa
1745 941 2082 1010 consulibus,

485 1038 675 1092 Caesar
701 1050 890 1107 parum
913 1033 968 1091 in
991 1033 1250 1105 llispania
1280 1049 1378 1106 per
1404 1034 1675 1092 ducentos
1701 1048 1875 1090 annos
1905 1042 2084 1090 actum
2123 1070 2126 1074 ι

491 1131 829 1201 intelligens,
859 1129 904 1186 si
935 1129 1240 1186 Cantabros
1265 1137 1431 1200 atque
1457 1129 1706 1196 Astures,
1732 1128 1870 1185 duas
1904 1127 2088 1185 fortis-

485 1225 656 1280 simas
688 1221 964 1293 Hispania:
986 1230 1197 1294 gentes,
1231 1221 1346 1277 suis
1374 1220 1453 1278 uti
1484 1221 1692 1292 legibus
1715 1221 1937 1287 sineret,
1960 1234 2088 1292 ape-

487 1319 597 1374 ruit
623 1319 746 1376 Jani
776 1325 989 1390 portas,
1021 1325 1190 1388 atque
1218 1317 1271 1373 in
1303 1316 1588 1388 Hispanias
1617 1316 1736 1386 ipse
1772 1331 1896 1374 cum
1923 1330 2088 1373 exer-

483 1411 594 1468 citu
645 1409 919 1482 profectus
974 1418 1080 1467 est.
1139 1408 1401 1467 Cantabri
1448 1419 1504 1466 et
1556 1412 1784 1466 Astures
1829 1410 2087 1467 Galleciat

486 1502 509 1535 ³
552 1503 846 1574 provincia:
901 1501 1080 1573 portio
1129 1511 1278 1568 sunt,
1335 1517 1444 1574 qua
1501 1509 1782 1559 extentum
1839 1501 2086 1575 Pyrenaei

483 1596 673 1669 iugum
720 1596 864 1653 haud
912 1596 1101 1668 procul
1144 1596 1386 1675 secundo
1432 1597 1649 1653 Oceano
1679 1597 1700 1628 ⁵
1725 1596 1828 1654 sub
1867 1607 2086 1671 septen-

489 1690 669 1748 trione
697 1691 1006 1748 deducitur.
1039 1691 1103 1748 Hi
1132 1705 1239 1748 non
1269 1691 1446 1749 solum
1475 1692 1750 1764 propriam
1780 1691 2085 1749 libertatem

1873 269 2078 330 PAULI
2115 269 2343 330 OROSII

2104 389 2151 447 Δ
2181 384 2380 457 positis
2408 383 2606 442 castris
2633 384 2776 458 apud
2813 386 3072 442 Asturam
3097 385 3324 455 flumen,
3349 385 3646 456 Romanos,
3680 389 3792 446 nisi

3644 273 3792 333 1056

2189 477 2387 550 proditi
2419 479 2790 551 praeventique
2807 489 3019 546 essent,
3041 482 3254 552 magnis
3275 482 3524 538 consiliis
3552 483 3797 541 viribus-

2186 585 2293 642 que
2317 570 2746 642 0ppressissent.
2775 571 2912 627 Tres
2953 571 3162 643 legatos
3181 587 3306 628 cum
3338 573 3645 644 legionibus
3672 576 3794 632 suis

2189 665 2234 698 ¹⁵
2262 665 2316 722 in
2355 667 2460 722 tria
2491 676 2673 722 castra
2702 665 2929 734 divisos,
2966 665 3141 723 tribus
3169 681 3327 740 atque
3351 668 3662 740 agminibus
3690 669 3796 727 oh-

2185 774 2348 818 ruere
2370 770 2594 831 repente
2612 759 2812 828 moliti,
2833 775 3056 816 suorum
3079 759 3394 832 proditione
3414 761 3614 819 detecti
3635 773 3792 820 sunt.

2189 853 2298 911 llos
2324 864 2509 926 postea
2538 852 2782 910 Carisius
2811 853 2958 911 bello
2979 864 3262 926 exceptos,
3286 870 3394 912 non
3422 871 3590 928 parva
3620 857 3794 915 etiam

2189 945 2562 1002 Romanorum
2608 945 2765 1002 clade
2809 947 3107 1016 superavit.
3160 946 3298 1003 Pars
3358 963 3551 1004 eorum
3600 949 3795 1020 praelio

2186 1040 2372 1110 elapsa
2394 1037 2650 1094 Lanciam
2677 1038 2942 1110 confugit.
2981 1039 3228 1111 Cumque
3252 1039 3455 1096 milites
3477 1040 3797 1096 circumda-

2188 1139 2297 1186 tam
2340 1129 2531 1186 urbem
2565 1128 2821 1185 incendio
2851 1129 3052 1186 adoriri
3077 1139 3367 1199 pararent,
3413 1129 3524 1187 dux
3544 1128 3794 1188 Carisius

2187 1231 2297 1280 eta
2328 1221 2446 1278 suis
2494 1223 2857 1279 cessationem
2893 1223 2938 1255 “
2989 1222 3303 1296 impetravit
3349 1222 3630 1293 incendii,
3673 1233 3731 1281 et
3759 1241 3795 1280 a

2188 1316 2352 1374 barba
2363 1317 2438 1372 ris
2457 1317 2792 1373 voluntatem
2811 1315 3108 1373 deditionis
3129 1318 3330 1389 exegit.
3357 1317 3614 1375 Studiose
3640 1319 3793 1376 enim

2189 1410 2469 1468 nitebatur
2539 1410 2808 1483 integram
2881 1418 3043 1483 atque
3117 1411 3452 1468 incolumem
3515 1412 3801 1469 civitatem

2188 1503 2432 1560 victoriae
2453 1518 2568 1560 sua:
2596 1513 2790 1560 testem
2813 1503 3149 1575 relinquere.
3181 1504 3519 1561 Cantabrica:
3545 1504 3797 1562 victoriae

2189 1595 2341 1654 hunc
2371 1595 2636 1654 honorem
2658 1595 2849 1654 Cmsar
2872 1595 3088 1667 detulit,
3113 1605 3175 1652 ut
3202 1605 3330 1654 tunc
3354 1612 3570 1669 quoque
3591 1597 3634 1630 ¹⁷
3659 1597 3798 1654 belli

2189 1698 2378 1764 portas
2414 1689 2661 1746 claustro
2703 1687 2948 1746 cohiberi
2994 1689 3234 1760 iuberet.
3267 1688 3347 1745 lta
3376 1699 3506 1747 tunc
3545 1689 3796 1748 secundo

485 1783 625 1840 tueri
683 1784 896 1854 parati,
959 1783 1318 1842 verumetiam
1377 1785 1734 1841 finitimorum
1787 1785 2083 1858 praeripere
2111 1787 2160 1852 B
2189 1799 2288 1855 per
2310 1783 2608 1852 Caesarem,
2637 1791 2832 1854 quarto
2877 1791 3001 1854 post
3029 1781 3229 1840 Urbem
3265 1783 3544 1840 conditam
3569 1783 3797 1840 clausus

483 1879 599 1932 ausi
625 1918 641 1943 ,
677 1876 934 1934 Vaccaeos
960 1888 1014 1934 et
1042 1879 1063 1910 ⁵
1095 1877 1462 1950 'l‘urmodigos
1489 1887 1548 1935 et
1572 1877 1905 1950 Autrigonas
1945 1879 2086 1935 assi-

483 1971 607 2028 duis
651 1971 1031 2043 eruptionibus
1062 1972 1480 2044 populabantur.
1513 1972 1680 2045 lgitur
1706 1972 1895 2029 Caesar
1937 1973 2086 2045 apud

487 2063 508 2095 ⁶
539 2063 875 2136 Segisamam
905 2075 1082 2121 castra
1112 2064 1324 2138 posuit,
1359 2065 1532 2122 tribus
1573 2065 1883 2136 agminibus
1915 2075 2084 2123 totam

482 2170 625 2229 pene
670 2157 960 2229 amplexus
1011 2155 1379 2215 Cantabriam.
1447 2158 1552 2214 Diu
1601 2157 1825 2230 fatigato
1881 2158 2085 2215 frustra

482 2250 730 2320 atquein
781 2250 1082 2322 periculum
1126 2265 1274 2322 saepe
1322 2250 1559 2308 deducto
1605 2252 1852 2309 exercitu
1899 2294 1914 2319 ,
1967 2263 2086 2309 tau-

484 2343 610 2400 dem
681 2343 752 2400 ab
805 2344 1126 2414 Aquitanica
1194 2345 1319 2401 sinu
1373 2359 1472 2417 per
1518 2345 1794 2402 Oceanum
1852 2346 2086 2404 incautis

488 2435 740 2491 hostibus
779 2436 800 2468 "
827 2434 1106 2493 admoveri
1155 2437 1390 2495 classem
1438 2445 1600 2508 atque
1648 2437 1849 2508 exponi
1897 2438 2084 2508 cupias

481 2519 656 2599 jubet.
689 2527 842 2586 Tunc
886 2527 1106 2586 demum
1153 2529 1414 2588 Cantabri
1463 2530 1565 2586 sub
1605 2530 1877 2587 moenibus
1905 2534 1927 2564 ⁸
1956 2531 2084 2588 Bel-

483 2623 620 2692 gica:
673 2623 908 2678 maximo
955 2624 1231 2695 congressi
1279 2623 1427 2681 bello
1464 2636 1518 2680 et
1555 2621 1718 2697 “5
1763 2623 1914 2693 victi,
1965 2624 2019 2681 in
2061 2627 2083 2660 ν

488 2713 742 2770 Vinnium
787 2723 1031 2772 montem
1078 2723 1270 2772 natura
1319 2717 1646 2774 tutissimum
1693 2717 2080 2789 confugerunt,

484 2809 576 2866 ubi
632 2809 676 2840 ‘°
722 2808 1029 2866 obsidionis
1076 2809 1220 2868 fame
1261 2810 1330 2866 ad
1383 2821 1699 2868 extremum
1759 2826 1898 2883 pene
1937 2825 2078 2868 con-

484 2902 688 2971 sumpti
743 2912 890 2959 sunt.
949 2903 990 2936 “
1046 2903 1345 2960 Aracillum
1399 2903 1601 2961 deinde
1655 2904 1916 2977 oppidum
1964 2919 2083 2961 ma-

485 3010 589 3067 gna
631 2995 684 3051 vi
714 3009 779 3052 ac
825 2995 918 3052 diu
969 3010 1300 3068 repugnans,
1335 3004 1620 3068 postremo
1657 3004 1875 3068 captum
1907 3006 1964 3055 et
2000 2997 2084 3053 di-

487 3095 668 3146 rutum
691 3097 796 3145 est.
833 3088 1104 3146 Praeterea
1137 3089 1427 3146 ulteriores
1451 3089 1706 3146 Gallecite
1730 3101 1934 3162 partes,
1959 3105 2082 3162 qua:

2186 1883 2272 1932 est
2311 1875 2502 1931 Janus.
2535 1874 2582 1906 ⁸⁸
2607 1875 2738 1930 Post
2777 1875 2882 1930 hoc
2929 1874 3191 1931 Claudius
3235 1874 3476 1944 Drusus,
3510 1875 3797 1947 privignus

2185 1969 2456 2037 Caesaris,
2505 1968 2735 2026 Galliam
2780 1967 3150 2040 Rhetiamque
3195 1968 3468 2038 sortitus,
3516 1969 3796 2025 maxims

2186 2059 2622 2133 fortissimasque
2667 2070 2860 2132 gentes
2909 2059 3258 2130 Germaniae,
3312 2062 3483 2118 armis
3537 2061 3793 2132 subegit.

2187 2152 2321 2210 Nam
2349 2163 2477 2211 tunc
2500 2195 2514 2217 .
2559 2154 2730 2211 veluti
2761 2153 2828 2210 ad
2858 2152 3025 2227 [ιω
3051 2155 3412 2211 constitutum
3461 2155 3615 2225 pacis
3640 2154 3794 2210 diem

2187 2245 2536 2313 festinarent,
2563 2247 2635 2303 ita
2668 2262 2862 2304 omnes
2887 2247 2956 2302 ad
2977 2247 3372 2319 experientiam
3400 2245 3529 2304 belli
3554 2247 3797 2304 decisio-

2188 2353 2384 2397 nemve
2407 2337 2632 2396 hederis
2653 2339 2899 2395 undatim
2920 2349 3114 2412 gentes
3148 2340 3635 2408 commovebantur
3660 2358 3675 2396 :
3699 2349 3796 2396 aut

2186 2439 2527 2502 susceptura:
2576 2429 2922 2486 conditiones
2954 2431 3104 2502 pacis
3130 2472 3145 2496 ,
3187 2430 3234 2486 si
3279 2430 3628 2487 vincerentur
3649 2472 3668 2497 ,
3695 2438 3798 2487 aut

2188 2540 2371 2582 usura:
2400 2527 2586 2598 quieta
2616 2524 2869 2582 libertate
2903 2524 2949 2581 si
2992 2525 3295 2580 vincerent.
3328 2523 3534 2592 Norici,
3583 2523 3790 2598 Illyrii,

2188 2619 2474 2686 Pannonii,
2507 2619 2797 2684 Dalmatae,
2822 2619 2999 2688 Moesi,
3025 2617 3288 2686 Thraces,
3318 2618 3474 2686 Daci,
3500 2619 3793 2688 Sarmatae,

2189 2713 2517 2786 plurimique
2531 2723 2586 2770 et
2607 2711 2829 2768 maximi
2855 2711 3164 2769 Germania:
3191 2712 3399 2785 populi,
3428 2728 3526 2784 per
3539 2713 3794 2770 diversos

2185 2803 2353 2862 duces
2378 2846 2392 2871 ,
2422 2804 2508 2860 vel
2537 2805 2806 2874 superati,
2834 2805 2920 2862 vel
2947 2804 3226 2875 repressi,
3260 2803 3350 2860 vel
3376 2804 3542 2861 etiam
3569 2803 3794 2876 obiectu

2186 2899 2550 2955 maximorum
2581 2897 2890 2966 fluminum,
2924 2897 3124 2966 Rheni,
3177 2897 3553 2970 Danubiique,
3587 2899 3796 2954 seclusi

2185 3001 2340 3049 sunt.
2386 2992 2596 3049 Drusus
2641 2991 2696 3049 in
2743 2991 3035 3049 Germania
3065 2992 3243 3065 primo
3263 2991 3517 3062 Usipetes
3542 3034 3557 3059 ,
3590 2993 3795 3050 deinde

2186 3083 2486 3141 Tencteros
2513 3094 2568 3141 et
2595 3084 2784 3140 Cattos
2825 3085 3155 3156 perdomuit.
3203 3085 3621 3144 Marcomannos
3649 3101 3795 3158 pene

486 3185 769 3242 momibug
815 3186 1078 3259 silvisque
1124 3187 1350 3244 consita
1398 3185 1618 3244 Oceano
1677 3188 2038 3244 terminantur
2059 3229 2076 3254 ,
2105 3186 2152 3249 (ς
2184 3178 2252 3233 ad
2283 3177 2716 3234 internecionem
2753 3177 2991 3234 caecidit.
3023 3177 3218 3234 Postea
3265 3177 3594 3236 fortissimas
3615 3181 3796 3235 natio-

486 3280 756 3338 Antistius
780 3290 840 3338 et
861 3279 1095 3337 Firmius
1116 3281 1276 3354 legati
1298 3281 1508 3354 magnis
1527 3281 1896 3353 gravibusque
1923 3282 2083 3339 bellis

485 3371 936 3444 perdomuerunt.
961 3373 1096 3430 Nam
1133 3384 1190 3431 et
1217 3376 1258 3407 “
1290 3375 1610 3432 Medulliam
1643 3385 1885 3432 montem
1914 3375 2082 3432 Minio

485 3466 697 3523 flumini
742 3468 1153 3536 imminentem,
1196 3468 1248 3524 in
1290 3483 1400 3540 quo
1441 3483 1502 3526 sc
1557 3485 1751 3541 magna
1794 3469 2082 3526 multitudo

488 3559 770 3615 hominum
804 3561 1088 3630 tuebatur,
1119 3576 1216 3632 per
1261 3561 1575 3633 quindecim
1617 3562 1785 3618 millia
1827 3577 2080 3634 passuum

485 3650 632 3708 fossa
653 3653 1075 3727 circumseptum
1103 3655 1390 3712 obsidione
1427 3657 1738 3713 cinxerunt.
1773 3656 1960 3729 Itaque
1992 3657 2084 3714 ubi

485 3759 546 3801 se
574 3759 709 3816 gens
741 3745 1022 3802 hominum
1048 3746 1092 3778 "
1121 3755 1241 3803 trux
1275 3757 1466 3806 natura
1495 3757 1550 3805 et
1590 3748 1765 3818 ferox,
1802 3765 1978 3822 neque
2005 3759 2088 3806 to-

486 3837 725 3893 leranda:
742 3838 785 3869 ιδ
806 3837 1082 3896 obsidioni
1113 3839 1502 3907 sufficientem,
1533 3857 1708 3912 neque
1734 3841 2086 3912 suscipiendo

485 3928 635 3984 bello
663 3943 850 4003 parem
876 3931 1159 4004 intelligit,
1202 3933 1270 3988 ad
1295 3933 1658 3989 voluntariam
1695 3943 1926 3990 mortem
1965 3948 2084 3990 ser-

484 4020 673 4078 vitutis
715 4021 911 4080 timore
943 4025 1242 4081 concurrit.
1274 4024 1408 4081 Nam
1435 4040 1496 4082 se
1523 4041 1663 4097 pene
1683 4041 1878 4082 omnes
1907 4035 2084 4082 certa-

486 4115 582 4173 tim
603 4117 748 4190 igne,
782 4119 950 4188 ferro,
982 4134 1049 4178 ac
1079 4135 1295 4179 veneno
1313 4131 1665 4179 necaverunt.
1696 4122 1928 4179 Astures
1949 4137 2083 4178 vero

2189 3285 2310 3340 nes,
2340 3281 2398 3328 et
2418 3271 2615 3343 quibus
2635 3281 2827 3327 natura
2842 3273 3008 3338 vires,
3033 3271 3372 3328 consuetudo
3389 3274 3793 3343 experientiam

2185 3365 2385 3422 virium
2417 3363 2604 3432 dabat,
2634 3364 2966 3429 Cheruscos.
3016 3364 3224 3421 Suevos
3267 3374 3324 3422 et
3351 3363 3666 3423 Sicambros
3693 3381 3796 3439 pa-

2186 3463 2320 3520 riter
2347 3477 2456 3519 uno
2485 3462 2632 3519 bello
2656 3504 2673 3529 ,
2714 3461 2809 3519 sed
2849 3461 3013 3518 etiam
3057 3462 3172 3518 suis
3211 3477 3410 3532 aspero
3433 3507 3449 3533 ,
3483 3463 3792 3534 superavit.

2188 3556 2433 3627 Quorum
2459 3571 2524 3612 ex
2558 3571 2626 3613 eo
2651 3555 2990 3613 considerari
3039 3557 3210 3612 virtus
3236 3570 3300 3612 ac
3341 3555 3528 3612 feritas
3573 3565 3792 3628 potest,

2188 3648 2332 3722 quod
2363 3649 2624 3706 mulieres
2669 3663 2888 3720 quoque
2918 3662 3108 3704 eorum
3131 3689 3146 3713 ,
3177 3647 3222 3703 si
3262 3648 3482 3720 quando
3509 3659 3795 3720 praeventa

2190 3743 2554 3800 Romanorum
2588 3743 2730 3799 inter
2773 3741 3017 3814 plaustra
3044 3757 3140 3796 sua
3182 3741 3668 3810 concludebantur,
3695 3742 3800 3800 de-

2188 3841 2499 3898 ficientibus
2522 3841 2646 3896 telis
2673 3879 2690 3908 ,
2736 3839 2818 3895 vel
2849 3839 3095 3909 qualibet
3128 3853 3188 3895 re
3211 3882 3226 3905 ,
3256 3853 3362 3910 qua
3395 3837 3543 3894 velut
3573 3838 3686 3895 telo
3716 3840 3798 3894 uti

2157 3932 2342 4002 furor
2383 3933 2582 4004 possit,
2617 3946 2813 4004 parvos
2844 3931 2986 3986 filios
3014 3931 3239 3986 collisos
3277 3929 3426 3986 humi
3461 3930 3517 3986 in
3550 3931 3797 3988 hostium

2187 4042 2282 4086 ora
2307 4027 2605 4100 iaciebant,
2635 4028 2686 4082 in
2713 4025 2949 4098 singulis
2974 4024 3214 4081 ﬁliorum
3246 4026 3470 4081 necihus
3494 4027 3537 4059 ¹⁹
3559 4025 3643 4082 bis
3675 4041 3800 4097 par-

2190 4122 2401 4181 ricidae.
2426 4121 2580 4178 Tunc
2610 4121 2773 4178 etiam
2798 4121 2852 4177 in
2873 4121 3052 4178 Africa
3067 4121 3114 4152 ’θ
3144 4119 3454 4178 Musolanos
3483 4130 3540 4180 et
3564 4118 3799 4178 Gelulos

1765 4255 2223 4322 HAVERCA’MPI
2262 4261 2498 4322 NOTAE.

482 4376 500 4406 ‘
556 4377 687 4448 Cap.
721 4376 864 4432 XXI.
901 4407 969 4420 —
1010 4381 1060 4436 1.
1107 4381 1254 4437 Anno
1299 4381 1362 4436 ab
1403 4382 1543 4438 Urbe
1571 4382 1784 4438 condita
1821 4398 2072 4440 nccxxw.

479 4448 681 4523 Confer
713 4448 944 4504 Casaub.
976 4451 1042 4505 ad
1075 4451 1302 4508 Sueton.
1339 4456 1476 4523 Aug.
1509 4469 1634 4520 eap.
1661 4454 1753 4509 20.

551 4519 606 4572 Ω.
639 4517 844 4596 Ctesare
866 4523 1056 4588 sexies,
1077 4531 1126 4596 et
1151 4523 1228 4578 bis
1251 4523 1340 4596 7M.
1364 4517 1618 4596 Ag'rijipa.
1650 4526 1940 4596 Agrippam
1973 4526 2076 4582 hoc

552 4542 606 4572 ι.
639 4542 844 4575 urceum
866 4542 1056 4588 sexta,
1077 4542 1126 4578 et
1151 4542 1228 4578 Du
1260 4542 1340 4580 ll.
1364 4542 1491 4595 [lth
1533 4542 1618 4595 pa.
1650 4542 1940 4596 Agrippam
1974 4542 2076 4582 lloc

482 4605 627 4646 anno
668 4591 861 4668 iterum
913 4594 1205 4668 consulem
1243 4595 1410 4668 fuisse
1459 4542 1815 4652 ὥεείοιιυτυε
1854 4613 2077 4668 quoque

480 4670 732 4738 testatur.
765 4661 933 4738 Recte
961 4665 1135 4738 igitur
1167 4665 1313 4722 Guil.
1364 4665 1647 4738 Xylauder
1673 4667 1816 4736 apud
1848 4661 2075 4725 D.onem

480 4732 637 4813 initio
660 4733 756 4788 lib.
782 4732 1227 4813 quinquagesimi
1243 4732 1605 4813 tert_ii,_'_ubi_ro
1633 4763 1666 4813 σγ
1682 4732 1918 4813 legitur,
1938 4743 2080 4794 scri-

2181 4383 2285 4457 sim
2314 4393 2400 4457 est
2429 4385 2636 4452 Atticas,
2667 4385 2720 4441 in
2748 4383 3091 4457 Meo,_Acite.

2250 4456 2304 4512 9.
2359 4455 2628 4510 Vinnium.
2663 4457 2847 4523 Meus,
2876 4453 3146 4527 'Vinium;
3178 4453 3348 4526 Lugd.
3397 4453 3522 4510 Bat.
3557 4465 3740 4527 quart.
3776 4502 3794 4526 ,

2189 4524 2453 4599 Virnittm.
2491 4527 2628 4582 Edd.
2653 4529 2924 4599 qumdam,
2965 4525 3242 4582 Vennium.

2255 4600 2341 4655 10.
2390 4596 2688 4653 Obsidionis
2716 4603 2878 4666 fame.
2906 4599 3118 4663 Melius,
3155 4599 3424 4653 obsidione
3452 4607 3502 4652 et
3530 4599 3696 4668 fame.

2253 4671 2344 4725 ll.
2378 4669 2696 4741 Aracillum.
2727 4670 2802 4724 lta
2829 4670 3054 4735 Florus;
3088 4685 3223 4726 mss.
3259 4669 3346 4725 hic
3371 4671 3601 4741 passim,
3629 4670 3796 4726 Rari-

2183 4740 2332 4806 littm,
2369 4739 2688 4807 Bac/tilium,
2719 4741 3001 4796 Recilittm.

478 4803 949 4884 [gendumnmonet'
986 4803 1046 4863 τὸ
1078 4809 1132 4881 β.
1182 4805 1283 4884 De
1329 4803 1809 4884 belloCantiibrico
1861 4810 1961 4884 Dio
1977 4821 2080 4884 ,et
2109 4804 2158 4864 D
2391 4803 2722 4867 Medulliam.
2757 4811 2815 4868 In
2845 4812 3020 4868 tribus
3049 4826 3184 4868 mss.
3213 4810 3391 4884 Lugd.
3425 4811 3570 4868 Batt.
3606 4814 3795 4870 iuveni

480 4874 678 4930 Florus
727 4876 880 4951 libro
922 4874 1118 4949 quarto
1165 4880 1348 4951 capite
1398 4881 1612 4935 ultimo.
1646 4881 1812 4937 [idem
1845 4882 1914 4936 de
1959 4883 2078 4938 aliis

476 4962 698 5074 tl‘t‘uoque
756 4947 1346 5021 bellis'quorum'hic
1395 4953 1624 5019 mentio,
1676 4961 1803 5008 sunt
1833 4952 2074 5024 legendi.

526 5034 647 5074 Αιηι.

526 5034 647 5074 ABR.

546 5091 601 5166 ᾇ.
648 5089 963 5166 Prouincia.
995 5091 1165 5166 Abest
1184 5107 1221 5166 7a
1241 5091 1462 5166 duobus
1489 5109 1621 5150 mss.
1654 5095 1826 5166 Lugd.
1862 5095 2002 5150 Batt.

544 5163 600 5236 1.
642 5161 754 5236 §ub
781 5165 1139 5236 septentrione.
1174 5163 1278 5236 Ed.
1309 5165 1474 5236 Aug.,
1506 5167 1598 5222 sub
1635 5161 2076 5236 septemtrionem.

551 5234 606 5288 5.
639 5232 1009 5306 Turmodigos.
1039 5235 1210 5306 Lugd.
1231 5235 1369 5290 Batt.
1389 5232 1647 5306 quatuor,
1675 5232 1844 5304 alens,
1872 5238 2075 5304 Peril“,

477 5303 640 5382 ψη..
691 5303 1210 5382 ϐοΙΙ.-ϐι·οηον.’θι
1259 5307 1369 5362 duo
1410 5303 1713 5378 Florentt.,
1765 5303 2080 5382 Turmogos.

475 5374 624 5432 Flor.
661 5385 815 5441 tcrt.,
842 5376 1156 5441 Turmogos.

545 5449 598 5524 ρ.
623 5447 974 5524 scgisamam.
1005 5447 1130 5524 Mss.
1160 5449 1279 5524 duo_
1296 5449 1469 5520 Lugd.
1502 5451 1671 5524 Battq
1703 5453 2072 5524 Segessimam.

545 5520 598 5594 ἶ.
653 5519 928 5594 Admoneri
956 5522 1212 5594 classem.
1261 5520 1337 5578 Ita
1386 5519 1499 5594 tres
1547 5519 1814 5579 Florenti.
1849 5524 1991 5594 quod
2023 5532 2078 5578 et

474 5589 670 5660 reliqui
703 5607 833 5646 mss.
885 5592 1025 5648 velle
1056 5592 1336 5660 videntur,
1381 5592 1512 5649 dum
1561 5595 1809 5650 scribunt
1853 5589 2077 5650 amoveri

479 5659 658 5730 Vulgo
685 5662 980 5719 odorabere.

548 5733 605 5787 8.
633 5731 880 5804 Belgica.
911 5734 1022 5808 Viri
1051 5736 1199 5792 docti
1225 5737 1292 5792 ad
1322 5737 1540 5794 Florum
1571 5738 1666 5794 lib.
1699 5753 1778 5806 vl,
1797 5753 1918 5808 cap.
1951 5737 2074 5807 ult.,

479 5815 826 5875 monuerunt,
876 5807 1224 5866 scribendum
1255 5823 1379 5868 esse
1414 5808 1649 5867 Vel/iere.
1685 5809 1742 5867 lu
1777 5807 1910 5867 mss.
1950 5826 2073 5884 pas-

2189 4881 2506 4938 Ht‘dulium.

2258 4955 2348 5026 15.
2389 4952 2537 5026 Trux
2565 4965 2775 5010 natura.
2809 4956 2950 5026 Aug.
2984 4955 3095 5023 ed.,
3131 4964 3287 5010 atrox
3322 4964 3532 5013 natura.

2259 5025 2346 5081 M.
2393 5023 2682 5081 Obsidioni.
2709 5027 2810 5082 Ed.
2842 5023 3060 5093 cadetn,
3094 5027 3403 5082 obsidionis.

2262 5098 2347 5152 13.
2390 5093 2458 5151 In
2489 5099 2611 5152 tria.
2646 5098 2818 5162 Ludg.
2845 5098 2987 5155 Bait.
3015 5107 3146 5166 tres,
3174 5100 3333 5153 intra.

2259 5169 2347 5294 illi.
2391 5166 2716 5240 Impetravit.
2741 5169 2870 5226 Mss.
2894 5178 2952 5226 et
2969 5170 3094 5226 edd.
3113 5169 3336 5241 quidam
3357 5170 3669 5242 imperavit;
3693 5172 3793 5229 sed

2259 5256 2270 5293 I
2301 5255 2352 5294 e.

2186 5255 2352 5297 male.

2260 5311 2349 5366 17.
2393 5310 2551 5384 ρειιε.
2583 5312 2710 5384 Mss.
2745 5312 2991 5384 quidam,
3023 5312 3170 5370 lani.

2263 5385 2349 5438 l8.
2392 5381 2520 5437 Post
2543 5388 2638 5440 hoc
2665 5381 2921 5439 Claudius
2948 5384 3174 5441 Drusus.
3205 5385 3416 5442 Bellum
3440 5400 3565 5440 eum
3595 5384 3794 5442 Rhetis

2184 5463 2400 5524 gestum
2455 5463 2561 5526 est,
2624 5456 2800 5512 Druso
2854 5469 2911 5514 et
2959 5457 3157 5515 Pisone
3212 5473 3359 5515 coss.
3417 5473 3564 5514 anno
3625 5457 3795 5514 Urbis

2185 5540 2517 5581 υςευιςνιιι.

2257 5597 2346 5672 111.
2392 5596 2503 5672 l}_is.
2532 5599 2702 5672 AbeSt
2733 5597 2962 5672 a_Lugd.
2995 5601 3136 5657 Batt.
3162 5617 3248 5672 pr.
3279 5611 3333 5657 et
3363 5609 3493 5672 tert.

2254 5666 2347 5741 21).
2392 5667 2715 5726 Musolanos.
2765 5670 2826 5726 lu
2873 5666 3046 5740 Lugd.
3091 5666 3231 5728 Bait.
3269 5672 3446 5728 trilms
3481 5670 3747 5726 Usnlanos
3773 5717 3788 5741 ,

2185 5739 2242 5814 in
2261 5737 2400 5814 Ull‘t‘.
2427 5750 2484 5795 et
2507 5741 2648 5814 Coll.
2675 5742 2921 5800 Gronov.
2957 5737 3289 5814 Musulauos,
3317 5745 3368 5799 in
3395 5743 3642 5800 Florent.
3671 5737 3787 5799 sec.

2185 5809 2489 5868 Muselanos
2521 5813 2738 5887 legitur.
