  <div class='ocr_page' id='page_1' title='image "/cluster/home/n/w/nwhite01/storage/ocr_20150623/31/hvd.32044015471444/534.png"; bbox 0 0 4096 6350; ppageno 0'>
   <div class='ocr_carea' id='block_1_1' title="bbox 251 359 392 418">
    <p class='ocr_par' dir='ltr' id='par_1_1' title="bbox 251 359 392 418">
     <span class='ocr_line' id='line_1_1' title="bbox 251 359 392 418; baseline -0.021 -1"><span class='ocrx_word' id='word_1_1' title='bbox 251 359 392 418; x_wconf 75' lang='grc'><strong>1057</strong></span> 
     </span>
    </p>
   </div>
   <div class='ocr_carea' id='block_1_2' title="bbox 247 564 1850 638">
    <p class='ocr_par' dir='ltr' id='par_1_2' title="bbox 247 564 1850 638">
     <span class='ocr_line' id='line_1_2' title="bbox 247 564 1850 638; baseline -0.001 -15"><span class='ocrx_word' id='word_1_2' title='bbox 247 567 350 624; x_wconf 87' lang='lat' dir='ltr'><strong>hus</strong></span> <span class='ocrx_word' id='word_1_3' title='bbox 391 566 674 633; x_wconf 75' lang='lat' dir='ltr'><strong>coercuit,</strong></span> <span class='ocrx_word' id='word_1_4' title='bbox 724 574 887 638; x_wconf 87' lang='lat' dir='ltr'><strong>atque</strong></span> <span class='ocrx_word' id='word_1_5' title='bbox 944 564 1204 622; x_wconf 81' lang='lat' dir='ltr'><strong>Romanis</strong></span> <span class='ocrx_word' id='word_1_6' title='bbox 1259 564 1524 622; x_wconf 75' lang='lat' dir='ltr'><strong>limitibus</strong></span> <span class='ocrx_word' id='word_1_7' title='bbox 1571 564 1850 622; x_wconf 88' lang='lat' dir='ltr'><strong>abstinere</strong></span> 
     </span>
    </p>
   </div>
   <div class='ocr_carea' id='block_1_3' title="bbox 248 655 1848 732">
    <p class='ocr_par' dir='ltr' id='par_1_3' title="bbox 248 655 1848 732">
     <span class='ocr_line' id='line_1_3' title="bbox 248 655 1848 732; baseline -0.003 -16"><span class='ocrx_word' id='word_1_8' title='bbox 248 671 400 716; x_wconf 89' lang='lat' dir='ltr'><strong>metu</strong></span> <span class='ocrx_word' id='word_1_9' title='bbox 425 658 716 732; x_wconf 91' lang='lat' dir='ltr'><strong>compulit.</strong></span> <span class='ocrx_word' id='word_1_10' title='bbox 746 657 956 714; x_wconf 87' lang='lat' dir='ltr'><strong>Interea</strong></span> <span class='ocrx_word' id='word_1_11' title='bbox 985 655 1261 714; x_wconf 74' lang='lat' dir='ltr'><strong>Cmsarem</strong></span> <span class='ocrx_word' id='word_1_12' title='bbox 1309 657 1453 729; x_wconf 89' lang='lat' dir='ltr'><strong>apud</strong></span> <span class='ocrx_word' id='word_1_13' title='bbox 1483 657 1848 713; x_wconf 83' lang='lat' dir='ltr'><strong>Tarraconem</strong></span> 
     </span>
    </p>
   </div>
   <div class='ocr_carea' id='block_1_4' title="bbox 247 747 1852 822">
    <p class='ocr_par' dir='ltr' id='par_1_4' title="bbox 247 747 1852 822">
     <span class='ocr_line' id='line_1_4' title="bbox 247 747 1852 822; baseline -0.002 -13"><span class='ocrx_word' id='word_1_14' title='bbox 247 750 527 809; x_wconf 88' lang='lat' dir='ltr'><strong>citerioris</strong></span> <span class='ocrx_word' id='word_1_15' title='bbox 560 749 832 822; x_wconf 71' lang='lat' dir='ltr'><strong>Hispania:</strong></span> <span class='ocrx_word' id='word_1_16' title='bbox 873 749 1063 806; x_wconf 91' lang='lat' dir='ltr'><strong>urbem</strong></span> <span class='ocrx_word' id='word_1_17' title='bbox 1085 751 1130 782; x_wconf 80' lang='lat'><strong><em>”</em></strong></span> <span class='ocrx_word' id='word_1_18' title='bbox 1158 749 1320 821; x_wconf 92' lang='lat' dir='ltr'><strong>legati</strong></span> <span class='ocrx_word' id='word_1_19' title='bbox 1347 748 1606 806; x_wconf 88' lang='lat' dir='ltr'><strong>Indorum</strong></span> <span class='ocrx_word' id='word_1_20' title='bbox 1633 759 1689 806; x_wconf 91' lang='lat' dir='ltr'><strong>et</strong></span> <span class='ocrx_word' id='word_1_21' title='bbox 1715 747 1852 820; x_wconf 79' lang='lat' dir='ltr'><strong>Scy-</strong></span> 
     </span>
    </p>
   </div>
   <div class='ocr_carea' id='block_1_5' title="bbox 249 841 1850 912">
    <p class='ocr_par' dir='ltr' id='par_1_5' title="bbox 249 841 1850 912">
     <span class='ocr_line' id='line_1_5' title="bbox 249 841 1850 912; baseline -0.002 -13"><span class='ocrx_word' id='word_1_22' title='bbox 249 843 466 900; x_wconf 89' lang='lat' dir='ltr'><strong>tharum</strong></span> <span class='ocrx_word' id='word_1_23' title='bbox 491 851 604 898; x_wconf 83' lang='lat' dir='ltr'><strong>toto</strong></span> <span class='ocrx_word' id='word_1_24' title='bbox 625 841 762 898; x_wconf 85' lang='lat' dir='ltr'><strong>orbe</strong></span> <span class='ocrx_word' id='word_1_25' title='bbox 788 843 1132 912; x_wconf 85' lang='lat' dir='ltr'><strong>transmisso,</strong></span> <span class='ocrx_word' id='word_1_26' title='bbox 1161 843 1379 899; x_wconf 89' lang='lat' dir='ltr'><strong>tandem</strong></span> <span class='ocrx_word' id='word_1_27' title='bbox 1402 843 1476 899; x_wconf 89' lang='lat' dir='ltr'><strong>ibi</strong></span> <span class='ocrx_word' id='word_1_28' title='bbox 1503 843 1850 910; x_wconf 90' lang='lat' dir='ltr'><strong>invenerunt,</strong></span> 
     </span>
    </p>
   </div>
   <div class='ocr_carea' id='block_1_6' title="bbox 247 934 1851 1007">
    <p class='ocr_par' dir='ltr' id='par_1_6' title="bbox 247 934 1851 1007">
     <span class='ocr_line' id='line_1_6' title="bbox 247 934 1851 1007; baseline -0.001 -16"><span class='ocrx_word' id='word_1_29' title='bbox 247 935 297 970; x_wconf 77' lang='lat'>”</span> <span class='ocrx_word' id='word_1_30' title='bbox 326 934 468 991; x_wconf 85' lang='lat' dir='ltr'><strong>ultra</strong></span> <span class='ocrx_word' id='word_1_31' title='bbox 493 934 638 1007; x_wconf 92' lang='lat' dir='ltr'><strong>quod</strong></span> <span class='ocrx_word' id='word_1_32' title='bbox 660 934 774 1006; x_wconf 89' lang='lat' dir='ltr'><strong>jam</strong></span> <span class='ocrx_word' id='word_1_33' title='bbox 799 950 1052 1007; x_wconf 71' lang='lat' dir='ltr'><strong>qumrere</strong></span> <span class='ocrx_word' id='word_1_34' title='bbox 1081 949 1188 991; x_wconf 93' lang='lat' dir='ltr'><strong>non</strong></span> <span class='ocrx_word' id='word_1_35' title='bbox 1229 944 1476 1006; x_wconf 85' lang='lat' dir='ltr'><strong>possent,</strong></span> <span class='ocrx_word' id='word_1_36' title='bbox 1505 934 1851 991; x_wconf 79' lang='lat' dir='ltr'><strong>refuderunt-</strong></span> 
     </span>
    </p>
   </div>
   <div class='ocr_carea' id='block_1_7' title="bbox 246 1027 1850 1101">
    <p class='ocr_par' dir='ltr' id='par_1_7' title="bbox 246 1027 1850 1101">
     <span class='ocr_line' id='line_1_7' title="bbox 246 1027 1850 1101; baseline -0.001 -16"><span class='ocrx_word' id='word_1_37' title='bbox 246 1043 358 1099; x_wconf 87' lang='lat' dir='ltr'><strong>que</strong></span> <span class='ocrx_word' id='word_1_38' title='bbox 382 1029 436 1084; x_wconf 87' lang='lat' dir='ltr'><strong>in</strong></span> <span class='ocrx_word' id='word_1_39' title='bbox 461 1027 739 1086; x_wconf 55' lang='lat' dir='ltr'><strong>Cursarem</strong></span> <span class='ocrx_word' id='word_1_40' title='bbox 769 1027 1064 1085; x_wconf 80' lang='lat' dir='ltr'><strong>Alexandri</strong></span> <span class='ocrx_word' id='word_1_41' title='bbox 1109 1027 1288 1101; x_wconf 88' lang='lat' dir='ltr'><strong>Magni</strong></span> <span class='ocrx_word' id='word_1_42' title='bbox 1314 1029 1544 1100; x_wconf 76' lang='lat' dir='ltr'><strong>gloriam</strong></span> <span class='ocrx_word' id='word_1_43' title='bbox 1571 1046 1582 1082; x_wconf 93' lang='lat'><strong>:</strong></span> <span class='ocrx_word' id='word_1_44' title='bbox 1617 1029 1662 1061; x_wconf 68' lang='grc' dir='ltr'><strong>’δ</strong></span> <span class='ocrx_word' id='word_1_45' title='bbox 1688 1044 1850 1100; x_wconf 83' lang='lat' dir='ltr'><strong>quem</strong></span> 
     </span>
    </p>
   </div>
   <div class='ocr_carea' id='block_1_8' title="bbox 247 1119 1861 1193">
    <p class='ocr_par' dir='ltr' id='par_1_8' title="bbox 247 1119 1861 1193">
     <span class='ocr_line' id='line_1_8' title="bbox 247 1119 1861 1193; baseline 0 -16"><span class='ocrx_word' id='word_1_46' title='bbox 247 1119 394 1177; x_wconf 84' lang='lat' dir='ltr'><strong>sicut</strong></span> <span class='ocrx_word' id='word_1_47' title='bbox 429 1120 793 1192; x_wconf 86' lang='lat' dir='ltr'><strong>Hispanorum</strong></span> <span class='ocrx_word' id='word_1_48' title='bbox 832 1119 1225 1193; x_wconf 85' lang='lat' dir='ltr'><strong>Gallorumque</strong></span> <span class='ocrx_word' id='word_1_49' title='bbox 1252 1121 1454 1192; x_wconf 80' lang='lat' dir='ltr'><strong>legatio</strong></span> <span class='ocrx_word' id='word_1_50' title='bbox 1478 1120 1534 1177; x_wconf 93' lang='lat' dir='ltr'><strong>in</strong></span> <span class='ocrx_word' id='word_1_51' title='bbox 1569 1121 1749 1178; x_wconf 90' lang='lat' dir='ltr'><strong>medio</strong></span> <span class='ocrx_word' id='word_1_52' title='bbox 1780 1121 1861 1177; x_wconf 90' lang='lat' dir='ltr'><strong>O-</strong></span> 
     </span>
    </p>
   </div>
   <div class='ocr_carea' id='block_1_9' title="bbox 248 1212 1854 1286">
    <p class='ocr_par' dir='ltr' id='par_1_9' title="bbox 248 1212 1854 1286">
     <span class='ocr_line' id='line_1_9' title="bbox 248 1212 1854 1286; baseline 0 -16"><span class='ocrx_word' id='word_1_53' title='bbox 248 1212 430 1270; x_wconf 85' lang='lat' dir='ltr'><strong>riente</strong></span> <span class='ocrx_word' id='word_1_54' title='bbox 452 1212 595 1284; x_wconf 89' lang='lat' dir='ltr'><strong>apud</strong></span> <span class='ocrx_word' id='word_1_55' title='bbox 617 1212 950 1286; x_wconf 81' lang='lat' dir='ltr'><strong>Babylonem</strong></span> <span class='ocrx_word' id='word_1_56' title='bbox 971 1213 1434 1283; x_wconf 86' lang='lat' dir='ltr'><strong>contemplatione</strong></span> <span class='ocrx_word' id='word_1_57' title='bbox 1451 1215 1596 1284; x_wconf 89' lang='lat' dir='ltr'><strong>pacis</strong></span> <span class='ocrx_word' id='word_1_58' title='bbox 1611 1213 1763 1280; x_wconf 88' lang='lat' dir='ltr'><strong>adiit,</strong></span> <span class='ocrx_word' id='word_1_59' title='bbox 1784 1214 1854 1270; x_wconf 90' lang='lat' dir='ltr'><strong>ita</strong></span> 
     </span>
    </p>
   </div>
   <div class='ocr_carea' id='block_1_10' title="bbox 249 1305 1854 1380">
    <p class='ocr_par' dir='ltr' id='par_1_10' title="bbox 249 1305 1854 1380">
     <span class='ocr_line' id='line_1_10' title="bbox 249 1305 1854 1380; baseline -0.001 -16"><span class='ocrx_word' id='word_1_60' title='bbox 249 1306 398 1365; x_wconf 86' lang='lat' dir='ltr'><strong>hunc</strong></span> <span class='ocrx_word' id='word_1_61' title='bbox 425 1309 568 1380; x_wconf 81' lang='lat' dir='ltr'><strong>apud</strong></span> <span class='ocrx_word' id='word_1_62' title='bbox 602 1307 919 1379; x_wconf 81' lang='lat' dir='ltr'><strong>Hispaniam</strong></span> <span class='ocrx_word' id='word_1_63' title='bbox 953 1307 1006 1362; x_wconf 89' lang='lat' dir='ltr'><strong>in</strong></span> <span class='ocrx_word' id='word_1_64' title='bbox 1040 1305 1356 1363; x_wconf 87' lang='lat' dir='ltr'><strong>Occidentis</strong></span> <span class='ocrx_word' id='word_1_65' title='bbox 1399 1306 1595 1364; x_wconf 89' lang='lat' dir='ltr'><strong>ultimo</strong></span> <span class='ocrx_word' id='word_1_66' title='bbox 1623 1308 1854 1378; x_wconf 79' lang='lat' dir='ltr'><strong>supplex</strong></span> 
     </span>
    </p>
   </div>
   <div class='ocr_carea' id='block_1_11' title="bbox 255 1399 1859 1473">
    <p class='ocr_par' dir='ltr' id='par_1_11' title="bbox 255 1399 1859 1473">
     <span class='ocr_line' id='line_1_11' title="bbox 255 1399 1859 1473; baseline -0.001 -15"><span class='ocrx_word' id='word_1_67' title='bbox 255 1416 382 1458; x_wconf 92' lang='lat' dir='ltr'><strong>cum</strong></span> <span class='ocrx_word' id='word_1_68' title='bbox 415 1399 684 1473; x_wconf 88' lang='lat' dir='ltr'><strong>gentilitio</strong></span> <span class='ocrx_word' id='word_1_69' title='bbox 711 1415 934 1456; x_wconf 90' lang='lat' dir='ltr'><strong>munere</strong></span> <span class='ocrx_word' id='word_1_70' title='bbox 965 1399 1112 1455; x_wconf 86' lang='lat' dir='ltr'><strong>Eous</strong></span> <span class='ocrx_word' id='word_1_71' title='bbox 1141 1399 1304 1455; x_wconf 88' lang='lat' dir='ltr'><strong>Indus</strong></span> <span class='ocrx_word' id='word_1_72' title='bbox 1342 1409 1397 1454; x_wconf 88' lang='lat' dir='ltr'><strong>et</strong></span> <span class='ocrx_word' id='word_1_73' title='bbox 1421 1399 1618 1473; x_wconf 82' lang='lat' dir='ltr'><strong>Scytha</strong></span> <span class='ocrx_word' id='word_1_74' title='bbox 1651 1399 1859 1457; x_wconf 89' lang='lat' dir='ltr'><strong>Boreus</strong></span> 
     </span>
    </p>
   </div>
   <div class='ocr_carea' id='block_1_12' title="bbox 249 1491 1860 1564">
    <p class='ocr_par' dir='ltr' id='par_1_12' title="bbox 249 1491 1860 1564">
     <span class='ocr_line' id='line_1_12' title="bbox 249 1491 1860 1564; baseline -0.001 -13"><span class='ocrx_word' id='word_1_75' title='bbox 249 1493 447 1551; x_wconf 85' lang='lat' dir='ltr'><strong>oravit.</strong></span> <span class='ocrx_word' id='word_1_76' title='bbox 467 1492 796 1549; x_wconf 87' lang='lat' dir='ltr'><strong>Cantabrico</strong></span> <span class='ocrx_word' id='word_1_77' title='bbox 808 1492 957 1549; x_wconf 90' lang='lat' dir='ltr'><strong>bello</strong></span> <span class='ocrx_word' id='word_1_78' title='bbox 979 1507 1078 1564; x_wconf 87' lang='lat' dir='ltr'><strong>per</strong></span> <span class='ocrx_word' id='word_1_79' title='bbox 1099 1491 1334 1564; x_wconf 85' lang='lat' dir='ltr'><strong>quinque</strong></span> <span class='ocrx_word' id='word_1_80' title='bbox 1355 1508 1530 1550; x_wconf 90' lang='lat' dir='ltr'><strong>annos</strong></span> <span class='ocrx_word' id='word_1_81' title='bbox 1550 1502 1696 1558; x_wconf 88' lang='lat' dir='ltr'><strong>octo,</strong></span> <span class='ocrx_word' id='word_1_82' title='bbox 1723 1502 1860 1550; x_wconf 81' lang='lat' dir='ltr'><strong>tota-</strong></span> 
     </span>
    </p>
   </div>
   <div class='ocr_carea' id='block_1_13' title="bbox 247 1585 1863 1658">
    <p class='ocr_par' dir='ltr' id='par_1_13' title="bbox 247 1585 1863 1658">
     <span class='ocr_line' id='line_1_13' title="bbox 247 1585 1863 1658; baseline 0 -16"><span class='ocrx_word' id='word_1_83' title='bbox 247 1601 358 1658; x_wconf 93' lang='lat' dir='ltr'><strong>que</strong></span> <span class='ocrx_word' id='word_1_84' title='bbox 387 1585 647 1658; x_wconf 79' lang='lat' dir='ltr'><strong>Hispania</strong></span> <span class='ocrx_word' id='word_1_85' title='bbox 671 1587 723 1640; x_wconf 91' lang='lat' dir='ltr'><strong>in</strong></span> <span class='ocrx_word' id='word_1_86' title='bbox 741 1593 1000 1640; x_wconf 75' lang='lat' dir='ltr'><strong>teternam</strong></span> <span class='ocrx_word' id='word_1_87' title='bbox 1021 1599 1210 1655; x_wconf 89' lang='lat' dir='ltr'><strong>pacem</strong></span> <span class='ocrx_word' id='word_1_88' title='bbox 1233 1601 1355 1641; x_wconf 91' lang='lat' dir='ltr'><strong>cum</strong></span> <span class='ocrx_word' id='word_1_89' title='bbox 1383 1585 1863 1658; x_wconf 79' lang='lat' dir='ltr'><strong>quadam”respi-</strong></span> 
     </span>
    </p>
   </div>
   <div class='ocr_carea' id='block_1_14' title="bbox 248 1679 1863 1750">
    <p class='ocr_par' dir='ltr' id='par_1_14' title="bbox 248 1679 1863 1750">
     <span class='ocr_line' id='line_1_14' title="bbox 248 1679 1863 1750; baseline -0.001 -12"><span class='ocrx_word' id='word_1_90' title='bbox 248 1683 464 1739; x_wconf 85' lang='lat' dir='ltr'><strong>ratione</strong></span> <span class='ocrx_word' id='word_1_91' title='bbox 485 1679 825 1736; x_wconf 84' lang='lat' dir='ltr'><strong>lassitudinis</strong></span> <span class='ocrx_word' id='word_1_92' title='bbox 854 1679 1114 1736; x_wconf 88' lang='lat' dir='ltr'><strong>reclinata</strong></span> <span class='ocrx_word' id='word_1_93' title='bbox 1143 1694 1204 1736; x_wconf 92' lang='lat' dir='ltr'><strong>ac</strong></span> <span class='ocrx_word' id='word_1_94' title='bbox 1227 1680 1464 1750; x_wconf 88' lang='lat' dir='ltr'><strong>reposita</strong></span> <span class='ocrx_word' id='word_1_95' title='bbox 1484 1721 1500 1748; x_wconf 92' lang='lat'><strong>,</strong></span> <span class='ocrx_word' id='word_1_96' title='bbox 1539 1679 1722 1736; x_wconf 69' lang='lat' dir='ltr'><strong>Caesar</strong></span> <span class='ocrx_word' id='word_1_97' title='bbox 1752 1681 1863 1736; x_wconf 77' lang='lat' dir='ltr'><strong>fio-</strong></span> 
     </span>
    </p>
   </div>
   <div class='ocr_carea' id='block_1_15' title="bbox 246 1771 1858 1846">
    <p class='ocr_par' dir='ltr' id='par_1_15' title="bbox 246 1771 1858 1846">
     <span class='ocr_line' id='line_1_15' title="bbox 246 1771 1858 1846; baseline -0.001 -16"><span class='ocrx_word' id='word_1_98' title='bbox 246 1789 398 1830; x_wconf 86' lang='lat' dir='ltr'><strong>mam</strong></span> <span class='ocrx_word' id='word_1_99' title='bbox 418 1774 602 1832; x_wconf 87' lang='lat' dir='ltr'><strong>rediit.</strong></span> <span class='ocrx_word' id='word_1_100' title='bbox 621 1771 788 1846; x_wconf 66' lang='lat' dir='ltr'><strong>M&#39;]</strong></span> <span class='ocrx_word' id='word_1_101' title='bbox 805 1771 1013 1840; x_wconf 80' lang='lat' dir='ltr'><strong>Quibus</strong></span> <span class='ocrx_word' id='word_1_102' title='bbox 1043 1771 1208 1828; x_wconf 89' lang='lat' dir='ltr'><strong>etiam</strong></span> <span class='ocrx_word' id='word_1_103' title='bbox 1238 1771 1433 1828; x_wconf 89' lang='lat' dir='ltr'><strong>diebus</strong></span> <span class='ocrx_word' id='word_1_104' title='bbox 1456 1772 1626 1829; x_wconf 92' lang='lat' dir='ltr'><strong>multa</strong></span> <span class='ocrx_word' id='word_1_105' title='bbox 1656 1787 1751 1844; x_wconf 93' lang='lat' dir='ltr'><strong>per</strong></span> <span class='ocrx_word' id='word_1_106' title='bbox 1776 1787 1858 1840; x_wconf 91' lang='lat' dir='ltr'><strong>se,</strong></span> 
     </span>
    </p>
   </div>
   <div class='ocr_carea' id='block_1_16' title="bbox 1259 352 2516 417">
    <p class='ocr_par' dir='ltr' id='par_1_16' title="bbox 1259 352 2516 417">
     <span class='ocr_line' id='line_1_16' title="bbox 1259 352 2516 417; baseline -0.006 -2"><span class='ocrx_word' id='word_1_107' title='bbox 1259 353 1728 417; x_wconf 77' lang='lat' dir='ltr'><strong>HISTORIARUM</strong></span> <span class='ocrx_word' id='word_1_108' title='bbox 1772 353 1979 414; x_wconf 79' lang='lat' dir='ltr'><strong>LIBER</strong></span> <span class='ocrx_word' id='word_1_109' title='bbox 2020 353 2108 413; x_wconf 75' lang='lat' dir='ltr'><strong>Vl.</strong></span> <span class='ocrx_word' id='word_1_110' title='bbox 2149 353 2305 414; x_wconf 82' lang='lat' dir='ltr'><strong>CAP.</strong></span> <span class='ocrx_word' id='word_1_111' title='bbox 2351 352 2516 412; x_wconf 75' lang='lat' dir='ltr'><strong>XXII.</strong></span> 
     </span>
    </p>
   </div>
   <div class='ocr_carea' id='block_1_17' title="bbox 250 466 1932 546">
    <p class='ocr_par' dir='ltr' id='par_1_17' title="bbox 250 466 1932 546">
     <span class='ocr_line' id='line_1_17' title="bbox 250 466 1932 546; baseline 0.001 -16"><span class='ocrx_word' id='word_1_112' title='bbox 250 476 413 532; x_wconf 86' lang='lat' dir='ltr'><strong>latius</strong></span> <span class='ocrx_word' id='word_1_113' title='bbox 439 479 700 546; x_wconf 79' lang='lat' dir='ltr'><strong>vagantes</strong></span> <span class='ocrx_word' id='word_1_114' title='bbox 733 472 777 516; x_wconf 73' lang='grc' dir='ltr'>ίι</span> <span class='ocrx_word' id='word_1_115' title='bbox 801 469 1024 540; x_wconf 81' lang='lat' dir='ltr'><strong>Cossus,</strong></span> <span class='ocrx_word' id='word_1_116' title='bbox 1050 471 1158 528; x_wconf 85' lang='lat' dir='ltr'><strong>dux</strong></span> <span class='ocrx_word' id='word_1_117' title='bbox 1185 469 1440 541; x_wconf 59' lang='lat' dir='ltr'><strong>Caesaris,</strong></span> <span class='ocrx_word' id='word_1_118' title='bbox 1474 473 1700 529; x_wconf 86' lang='lat' dir='ltr'><strong>arctatis</strong></span> <span class='ocrx_word' id='word_1_119' title='bbox 1732 471 1850 528; x_wconf 87' lang='lat' dir='ltr'><strong>fini-</strong></span> <span class='ocrx_word' id='word_1_120' title='bbox 1875 466 1932 532; x_wconf 77' lang='grc' dir='ltr'><strong>Α</strong></span> 
     </span>
    </p>
   </div>
   <div class='ocr_carea' id='block_1_18' title="bbox 3410 351 3550 411">
    <p class='ocr_par' dir='ltr' id='par_1_18' title="bbox 3410 351 3550 411">
     <span class='ocr_line' id='line_1_18' title="bbox 3410 351 3550 411; baseline -0.007 0"><span class='ocrx_word' id='word_1_121' title='bbox 3410 351 3550 411; x_wconf 76' lang='grc'><strong>1058</strong></span> 
     </span>
    </p>
   </div>
   <div class='ocr_carea' id='block_1_19' title="bbox 2026 462 3551 598">
    <p class='ocr_par' dir='ltr' id='par_1_19' title="bbox 2026 462 3551 598">
     <span class='ocr_line' id='line_1_19' title="bbox 2026 462 3551 598; baseline -0.001 -76"><span class='ocrx_word' id='word_1_122' title='bbox 2026 470 2134 598; x_wconf 47' lang='grc' dir='ltr'><strong>ἕπε</strong></span> <span class='ocrx_word' id='word_1_123' title='bbox 2158 469 2306 552; x_wconf 67' lang='lat' dir='ltr'><strong>tertio</strong></span> <span class='ocrx_word' id='word_1_124' title='bbox 2333 465 2522 594; x_wconf 54' lang='lat' dir='ltr'><strong>clausit</strong></span> <span class='ocrx_word' id='word_1_125' title='bbox 2545 473 2592 521; x_wconf 87' lang='lat' dir='ltr'><strong>et</strong></span> <span class='ocrx_word' id='word_1_126' title='bbox 2609 462 2865 534; x_wconf 81' lang='lat' dir='ltr'><strong>rempubl.</strong></span> <span class='ocrx_word' id='word_1_127' title='bbox 2882 463 3190 535; x_wconf 75' lang='lat' dir='ltr'><strong>composuit,</strong></span> <span class='ocrx_word' id='word_1_128' title='bbox 3211 466 3375 537; x_wconf 83' lang='lat' dir='ltr'><strong>deque</strong></span> <span class='ocrx_word' id='word_1_129' title='bbox 3393 481 3551 522; x_wconf 79' lang='lat' dir='ltr'><strong>censu</strong></span> 
     </span>
     <span class='ocr_line' id='line_1_20' title="bbox 2069 555 2410 597; baseline -0.009 0"><span class='ocrx_word' id='word_1_130' title='bbox 2069 556 2247 597; x_wconf 62' lang='lat' dir='ltr'><strong>assam</strong></span> <span class='ocrx_word' id='word_1_131' title='bbox 2270 555 2333 595; x_wconf 88' lang='lat' dir='ltr'><strong>ac</strong></span> <span class='ocrx_word' id='word_1_132' title='bbox 2358 556 2410 595; x_wconf 90' lang='grc' dir='ltr'><strong>ο.</strong></span> 
     </span>
    </p>
   </div>
   <div class='ocr_carea' id='block_1_20' title="bbox 2069 548 2410 597">
    <p class='ocr_par' dir='ltr' id='par_1_20' title="bbox 2069 548 2410 597">
     <span class='ocr_line' id='line_1_21' title="bbox 2069 548 2410 597; baseline -0.009 0"><span class='ocrx_word' id='word_1_133' title='bbox 2069 548 2247 597; x_wconf 65' lang='lat' dir='ltr'><strong>arsuris</strong></span> <span class='ocrx_word' id='word_1_134' title='bbox 2270 548 2410 595; x_wconf 88' lang='lat' dir='ltr'><strong>acto.</strong></span> 
     </span>
    </p>
   </div>
   <div class='ocr_carea' id='block_1_21' title="bbox 2031 649 3555 725">
    <p class='ocr_par' dir='ltr' id='par_1_21' title="bbox 2031 649 3555 725">
     <span class='ocr_line' id='line_1_22' title="bbox 2031 649 3555 725; baseline -0.003 -13"><span class='ocrx_word' id='word_1_135' title='bbox 2031 657 2048 689; x_wconf 77' lang='grc'>⁸</span> <span class='ocrx_word' id='word_1_136' title='bbox 2080 656 2270 725; x_wconf 89' lang='lat' dir='ltr'><strong>Itaque</strong></span> <span class='ocrx_word' id='word_1_137' title='bbox 2294 669 2438 711; x_wconf 91' lang='lat' dir='ltr'><strong>anno</strong></span> <span class='ocrx_word' id='word_1_138' title='bbox 2467 653 2536 710; x_wconf 92' lang='lat' dir='ltr'><strong>ab</strong></span> <span class='ocrx_word' id='word_1_139' title='bbox 2559 653 2711 713; x_wconf 85' lang='lat' dir='ltr'><strong>Urbe</strong></span> <span class='ocrx_word' id='word_1_140' title='bbox 2730 653 2945 711; x_wconf 87' lang='lat' dir='ltr'><strong>condita</strong></span> <span class='ocrx_word' id='word_1_141' title='bbox 2993 667 3194 724; x_wconf 79' lang='lat' dir='ltr'><strong>DCCL&quot;,</strong></span> <span class='ocrx_word' id='word_1_142' title='bbox 3220 651 3403 709; x_wconf 66' lang='lat' dir='ltr'><strong>Caesar</strong></span> <span class='ocrx_word' id='word_1_143' title='bbox 3442 649 3555 708; x_wconf 81' lang='lat' dir='ltr'><strong>Au-</strong></span> 
     </span>
    </p>
   </div>
   <div class='ocr_carea' id='block_1_22' title="bbox 1953 743 3553 822">
    <p class='ocr_par' dir='ltr' id='par_1_22' title="bbox 1953 743 3553 822">
     <span class='ocr_line' id='line_1_23' title="bbox 1953 743 3553 822; baseline -0.006 -15"><span class='ocrx_word' id='word_1_144' title='bbox 1953 759 2146 822; x_wconf 86' lang='lat' dir='ltr'><strong>gustus</strong></span> <span class='ocrx_word' id='word_1_145' title='bbox 2173 750 2242 803; x_wconf 92' lang='lat' dir='ltr'><strong>ah</strong></span> <span class='ocrx_word' id='word_1_146' title='bbox 2271 749 2496 806; x_wconf 91' lang='lat' dir='ltr'><strong>Oriente</strong></span> <span class='ocrx_word' id='word_1_147' title='bbox 2519 748 2574 804; x_wconf 93' lang='lat' dir='ltr'><strong>in</strong></span> <span class='ocrx_word' id='word_1_148' title='bbox 2597 746 2979 815; x_wconf 90' lang='lat' dir='ltr'><strong>Occidentem,</strong></span> <span class='ocrx_word' id='word_1_149' title='bbox 3011 761 3042 802; x_wconf 88' lang='lat' dir='ltr'><strong>a</strong></span> <span class='ocrx_word' id='word_1_150' title='bbox 3071 745 3470 816; x_wconf 89' lang='lat' dir='ltr'><strong>Septentrione</strong></span> <span class='ocrx_word' id='word_1_151' title='bbox 3501 743 3553 798; x_wconf 92' lang='lat' dir='ltr'><strong>in</strong></span> 
     </span>
    </p>
   </div>
   <div class='ocr_carea' id='block_1_23' title="bbox 1956 837 3558 912">
    <p class='ocr_par' dir='ltr' id='par_1_23' title="bbox 1956 837 3558 912">
     <span class='ocr_line' id='line_1_24' title="bbox 1956 837 3558 912; baseline -0.005 -13"><span class='ocrx_word' id='word_1_152' title='bbox 1956 843 2259 909; x_wconf 85' lang='lat' dir='ltr'><strong>Meridiem,</strong></span> <span class='ocrx_word' id='word_1_153' title='bbox 2275 856 2339 898; x_wconf 90' lang='lat' dir='ltr'><strong>ac</strong></span> <span class='ocrx_word' id='word_1_154' title='bbox 2363 857 2457 912; x_wconf 88' lang='lat' dir='ltr'><strong>per</strong></span> <span class='ocrx_word' id='word_1_155' title='bbox 2485 848 2656 897; x_wconf 92' lang='lat' dir='ltr'><strong>totum</strong></span> <span class='ocrx_word' id='word_1_156' title='bbox 2671 841 2875 898; x_wconf 86' lang='lat' dir='ltr'><strong>Oceani</strong></span> <span class='ocrx_word' id='word_1_157' title='bbox 2893 840 3158 896; x_wconf 86' lang='lat' dir='ltr'><strong>circulum</strong></span> <span class='ocrx_word' id='word_1_158' title='bbox 3186 837 3401 894; x_wconf 91' lang='lat' dir='ltr'><strong>cunctis</strong></span> <span class='ocrx_word' id='word_1_159' title='bbox 3423 851 3558 908; x_wconf 85' lang='lat' dir='ltr'><strong>gen-</strong></span> 
     </span>
    </p>
   </div>
   <div class='ocr_carea' id='block_1_24' title="bbox 1955 929 3556 1008">
    <p class='ocr_par' dir='ltr' id='par_1_24' title="bbox 1955 929 3556 1008">
     <span class='ocr_line' id='line_1_25' title="bbox 1955 929 3556 1008; baseline -0.003 -16"><span class='ocrx_word' id='word_1_160' title='bbox 1955 936 2102 992; x_wconf 86' lang='lat' dir='ltr'><strong>tibus</strong></span> <span class='ocrx_word' id='word_1_161' title='bbox 2131 951 2236 992; x_wconf 90' lang='lat' dir='ltr'><strong>nna</strong></span> <span class='ocrx_word' id='word_1_162' title='bbox 2265 951 2402 1008; x_wconf 90' lang='lat' dir='ltr'><strong>pace</strong></span> <span class='ocrx_word' id='word_1_163' title='bbox 2427 933 2772 1006; x_wconf 76' lang='lat' dir='ltr'><strong>compositis,</strong></span> <span class='ocrx_word' id='word_1_164' title='bbox 2803 936 2824 967; x_wconf 82' lang='grc'>³</span> <span class='ocrx_word' id='word_1_165' title='bbox 2853 933 2977 990; x_wconf 76' lang='lat' dir='ltr'><strong>Iani</strong></span> <span class='ocrx_word' id='word_1_166' title='bbox 3008 941 3194 1004; x_wconf 90' lang='lat' dir='ltr'><strong>portas</strong></span> <span class='ocrx_word' id='word_1_167' title='bbox 3240 931 3404 988; x_wconf 88' lang='lat' dir='ltr'><strong>tertio</strong></span> <span class='ocrx_word' id='word_1_168' title='bbox 3434 929 3556 1000; x_wconf 90' lang='lat' dir='ltr'><strong>ipse</strong></span> 
     </span>
    </p>
   </div>
   <div class='ocr_carea' id='block_1_25' title="bbox 1959 1024 3555 1100">
    <p class='ocr_par' dir='ltr' id='par_1_25' title="bbox 1959 1024 3555 1100">
     <span class='ocr_line' id='line_1_26' title="bbox 1959 1024 3555 1100; baseline -0.006 -13"><span class='ocrx_word' id='word_1_169' title='bbox 1959 1041 2088 1087; x_wconf 92' lang='lat' dir='ltr'><strong>tunc</strong></span> <span class='ocrx_word' id='word_1_170' title='bbox 2124 1031 2339 1088; x_wconf 91' lang='lat' dir='ltr'><strong>clausit.</strong></span> <span class='ocrx_word' id='word_1_171' title='bbox 2390 1030 2538 1100; x_wconf 84' lang='lat' dir='ltr'><strong>Quas</strong></span> <span class='ocrx_word' id='word_1_172' title='bbox 2585 1043 2654 1085; x_wconf 84' lang='lat' dir='ltr'><strong>ex</strong></span> <span class='ocrx_word' id='word_1_173' title='bbox 2693 1043 2760 1085; x_wconf 90' lang='lat' dir='ltr'><strong>eo</strong></span> <span class='ocrx_word' id='word_1_174' title='bbox 2788 1043 2884 1099; x_wconf 92' lang='lat' dir='ltr'><strong>per</strong></span> <span class='ocrx_word' id='word_1_175' title='bbox 2917 1025 3209 1084; x_wconf 89' lang='lat' dir='ltr'><strong>duodecim</strong></span> <span class='ocrx_word' id='word_1_176' title='bbox 3234 1024 3350 1082; x_wconf 86' lang='lat' dir='ltr'><strong>fere</strong></span> <span class='ocrx_word' id='word_1_177' title='bbox 3377 1037 3555 1079; x_wconf 90' lang='lat' dir='ltr'><strong>annos</strong></span> 
     </span>
    </p>
   </div>
   <div class='ocr_carea' id='block_1_26' title="bbox 1955 1115 3600 1198">
    <p class='ocr_par' dir='ltr' id='par_1_26' title="bbox 1955 1115 3600 1198">
     <span class='ocr_line' id='line_1_27' title="bbox 1955 1115 3600 1198; baseline -0.007 -18"><span class='ocrx_word' id='word_1_178' title='bbox 1955 1125 2298 1198; x_wconf 85' lang='lat' dir='ltr'><strong>quietissime</strong></span> <span class='ocrx_word' id='word_1_179' title='bbox 2319 1138 2538 1194; x_wconf 89' lang='lat' dir='ltr'><strong>semper</strong></span> <span class='ocrx_word' id='word_1_180' title='bbox 2558 1121 2841 1178; x_wconf 88' lang='lat' dir='ltr'><strong>obseratas</strong></span> <span class='ocrx_word' id='word_1_181' title='bbox 2867 1120 2984 1176; x_wconf 94' lang='lat' dir='ltr'><strong>otio</strong></span> <span class='ocrx_word' id='word_1_182' title='bbox 3009 1120 3122 1190; x_wconf 91' lang='lat' dir='ltr'><strong>ipsa</strong></span> <span class='ocrx_word' id='word_1_183' title='bbox 3151 1115 3558 1186; x_wconf 70' lang='lat' dir='ltr'><strong>ctiam’rubigo</strong></span> <span class='ocrx_word' id='word_1_184' title='bbox 3595 1164 3600 1169; x_wconf 85' lang='lat'><strong>.</strong></span> 
     </span>
    </p>
   </div>
   <div class='ocr_carea' id='block_1_27' title="bbox 1957 1213 3561 1290">
    <p class='ocr_par' dir='ltr' id='par_1_27' title="bbox 1957 1213 3561 1290">
     <span class='ocr_line' id='line_1_28' title="bbox 1957 1213 3561 1290; baseline -0.006 -15"><span class='ocrx_word' id='word_1_185' title='bbox 1957 1218 2224 1290; x_wconf 79' lang='lat' dir='ltr'><strong>signavit;</strong></span> <span class='ocrx_word' id='word_1_186' title='bbox 2266 1233 2367 1276; x_wconf 90' lang='lat' dir='ltr'><strong>nec</strong></span> <span class='ocrx_word' id='word_1_187' title='bbox 2397 1216 2547 1288; x_wconf 89' lang='lat' dir='ltr'><strong>prius</strong></span> <span class='ocrx_word' id='word_1_188' title='bbox 2567 1229 2823 1288; x_wconf 89' lang='lat' dir='ltr'><strong>umquam</strong></span> <span class='ocrx_word' id='word_1_189' title='bbox 2853 1214 2956 1270; x_wconf 84' lang='lat' dir='ltr'><strong>nisi</strong></span> <span class='ocrx_word' id='word_1_190' title='bbox 2981 1213 3084 1270; x_wconf 89' lang='lat' dir='ltr'><strong>sub</strong></span> <span class='ocrx_word' id='word_1_191' title='bbox 3113 1221 3358 1271; x_wconf 87' lang='lat' dir='ltr'><strong>extrema</strong></span> <span class='ocrx_word' id='word_1_192' title='bbox 3401 1225 3561 1267; x_wconf 89' lang='lat' dir='ltr'><strong>sene-</strong></span> 
     </span>
    </p>
   </div>
   <div class='ocr_carea' id='block_1_28' title="bbox 1959 1307 3562 1385">
    <p class='ocr_par' dir='ltr' id='par_1_28' title="bbox 1959 1307 3562 1385">
     <span class='ocr_line' id='line_1_29' title="bbox 1959 1307 3562 1385; baseline -0.005 -15"><span class='ocrx_word' id='word_1_193' title='bbox 1959 1321 2107 1370; x_wconf 89' lang='lat' dir='ltr'><strong>ctute</strong></span> <span class='ocrx_word' id='word_1_194' title='bbox 2150 1312 2380 1385; x_wconf 86' lang='lat' dir='ltr'><strong>Augusti</strong></span> <span class='ocrx_word' id='word_1_195' title='bbox 2431 1311 2685 1384; x_wconf 61' lang='lat' dir='ltr'><strong>pulsate,</strong></span> <span class='ocrx_word' id='word_1_196' title='bbox 2739 1307 3156 1366; x_wconf 83' lang='lat' dir='ltr'><strong>Atheniensium</strong></span> <span class='ocrx_word' id='word_1_197' title='bbox 3193 1307 3463 1365; x_wconf 89' lang='lat' dir='ltr'><strong>seditione</strong></span> <span class='ocrx_word' id='word_1_198' title='bbox 3507 1314 3562 1363; x_wconf 90' lang='lat' dir='ltr'><strong>et</strong></span> 
     </span>
    </p>
   </div>
   <div class='ocr_carea' id='block_1_29' title="bbox 1961 1398 3560 1475">
    <p class='ocr_par' dir='ltr' id='par_1_29' title="bbox 1961 1398 3560 1475">
     <span class='ocr_line' id='line_1_30' title="bbox 1961 1398 3560 1475; baseline -0.006 -13"><span class='ocrx_word' id='word_1_199' title='bbox 1961 1406 2228 1462; x_wconf 89' lang='lat' dir='ltr'><strong>Dacorum</strong></span> <span class='ocrx_word' id='word_1_200' title='bbox 2264 1405 2633 1462; x_wconf 89' lang='lat' dir='ltr'><strong>commotione</strong></span> <span class='ocrx_word' id='word_1_201' title='bbox 2661 1410 2978 1475; x_wconf 89' lang='lat' dir='ltr'><strong>patuerunt.</strong></span> <span class='ocrx_word' id='word_1_202' title='bbox 3008 1399 3225 1458; x_wconf 90' lang='lat' dir='ltr'><strong>Clausis</strong></span> <span class='ocrx_word' id='word_1_203' title='bbox 3257 1400 3419 1472; x_wconf 84' lang='lat' dir='ltr'><strong>igitur</strong></span> <span class='ocrx_word' id='word_1_204' title='bbox 3437 1398 3560 1455; x_wconf 82' lang='lat' dir='ltr'><strong>Jani</strong></span> 
     </span>
    </p>
   </div>
   <div class='ocr_carea' id='block_1_30' title="bbox 1960 1493 3563 1571">
    <p class='ocr_par' dir='ltr' id='par_1_30' title="bbox 1960 1493 3563 1571">
     <span class='ocr_line' id='line_1_31' title="bbox 1960 1493 3563 1571; baseline -0.005 -17"><span class='ocrx_word' id='word_1_205' title='bbox 1960 1499 2155 1571; x_wconf 89' lang='lat' dir='ltr'><strong>portis,</strong></span> <span class='ocrx_word' id='word_1_206' title='bbox 2183 1497 2574 1569; x_wconf 84' lang='lat' dir='ltr'><strong>rempublicam</strong></span> <span class='ocrx_word' id='word_1_207' title='bbox 2625 1509 2787 1566; x_wconf 88' lang='lat' dir='ltr'><strong>quam</strong></span> <span class='ocrx_word' id='word_1_208' title='bbox 2836 1493 2979 1550; x_wconf 92' lang='lat' dir='ltr'><strong>bello</strong></span> <span class='ocrx_word' id='word_1_209' title='bbox 3029 1493 3378 1565; x_wconf 70' lang='lat' dir='ltr'><strong>quaesiverat,</strong></span> <span class='ocrx_word' id='word_1_210' title='bbox 3425 1505 3563 1562; x_wconf 90' lang='lat' dir='ltr'><strong>pace</strong></span> 
     </span>
    </p>
   </div>
   <div class='ocr_carea' id='block_1_31' title="bbox 1962 1583 3564 1662">
    <p class='ocr_par' dir='ltr' id='par_1_31' title="bbox 1962 1583 3564 1662">
     <span class='ocr_line' id='line_1_32' title="bbox 1962 1583 3564 1662; baseline -0.006 -13"><span class='ocrx_word' id='word_1_211' title='bbox 1962 1591 2207 1649; x_wconf 88' lang='lat' dir='ltr'><strong>enutrire</strong></span> <span class='ocrx_word' id='word_1_212' title='bbox 2236 1599 2400 1662; x_wconf 89' lang='lat' dir='ltr'><strong>atque</strong></span> <span class='ocrx_word' id='word_1_213' title='bbox 2433 1587 2769 1660; x_wconf 72' lang='lat' dir='ltr'><strong>amplificare</strong></span> <span class='ocrx_word' id='word_1_214' title='bbox 2820 1585 3069 1655; x_wconf 86' lang='lat' dir='ltr'><strong>studens,</strong></span> <span class='ocrx_word' id='word_1_215' title='bbox 3103 1585 3252 1658; x_wconf 86' lang='lat' dir='ltr'><strong>leges</strong></span> <span class='ocrx_word' id='word_1_216' title='bbox 3295 1583 3564 1656; x_wconf 88' lang='lat' dir='ltr'><strong>plurimas</strong></span> 
     </span>
    </p>
   </div>
   <div class='ocr_carea' id='block_1_32' title="bbox 1963 1677 3559 1753">
    <p class='ocr_par' dir='ltr' id='par_1_32' title="bbox 1963 1677 3559 1753">
     <span class='ocr_line' id='line_1_33' title="bbox 1963 1677 3559 1753; baseline -0.004 -14"><span class='ocrx_word' id='word_1_217' title='bbox 1963 1685 2172 1747; x_wconf 84' lang='lat' dir='ltr'><strong>statuit,</strong></span> <span class='ocrx_word' id='word_1_218' title='bbox 2202 1698 2300 1753; x_wconf 88' lang='lat' dir='ltr'><strong>per</strong></span> <span class='ocrx_word' id='word_1_219' title='bbox 2330 1695 2465 1753; x_wconf 88' lang='lat' dir='ltr'><strong>quas</strong></span> <span class='ocrx_word' id='word_1_220' title='bbox 2495 1681 2791 1737; x_wconf 89' lang='lat' dir='ltr'><strong>humanum</strong></span> <span class='ocrx_word' id='word_1_221' title='bbox 2821 1693 2990 1750; x_wconf 87' lang='lat' dir='ltr'><strong>genus</strong></span> <span class='ocrx_word' id='word_1_222' title='bbox 3029 1678 3202 1734; x_wconf 89' lang='lat' dir='ltr'><strong>libera</strong></span> <span class='ocrx_word' id='word_1_223' title='bbox 3253 1677 3559 1733; x_wconf 86' lang='lat' dir='ltr'><strong>reverentia</strong></span> 
     </span>
    </p>
   </div>
   <div class='ocr_carea' id='block_1_33' title="bbox 1965 1770 3562 1849">
    <p class='ocr_par' dir='ltr' id='par_1_33' title="bbox 1965 1770 3562 1849">
     <span class='ocr_line' id='line_1_34' title="bbox 1965 1770 3562 1849; baseline -0.004 -17"><span class='ocrx_word' id='word_1_224' title='bbox 1965 1777 2268 1848; x_wconf 79' lang='lat' dir='ltr'><strong>disciplinae</strong></span> <span class='ocrx_word' id='word_1_225' title='bbox 2301 1791 2508 1832; x_wconf 89' lang='lat' dir='ltr'><strong>morem</strong></span> <span class='ocrx_word' id='word_1_226' title='bbox 2554 1783 2799 1849; x_wconf 84' lang='lat' dir='ltr'><strong>gereret,</strong></span> <span class='ocrx_word' id='word_1_227' title='bbox 2832 1773 2853 1805; x_wconf 70' lang='grc' dir='ltr'>δ</span> <span class='ocrx_word' id='word_1_228' title='bbox 2883 1771 3098 1829; x_wconf 91' lang='lat' dir='ltr'><strong>Domini</strong></span> <span class='ocrx_word' id='word_1_229' title='bbox 3142 1770 3562 1844; x_wconf 86' lang='lat' dir='ltr'><strong>appellationem</strong></span> 
     </span>
    </p>
   </div>
   <div class='ocr_carea' id='block_1_34' title="bbox 247 1856 3562 1938">
    <p class='ocr_par' dir='ltr' id='par_1_34' title="bbox 247 1856 3562 1938">
     <span class='ocr_line' id='line_1_35' title="bbox 247 1856 3562 1938; baseline -0.002 -14"><span class='ocrx_word' id='word_1_230' title='bbox 247 1868 300 1904; x_wconf 78' lang='lat'><strong>&quot;</strong></span> <span class='ocrx_word' id='word_1_231' title='bbox 313 1868 591 1938; x_wconf 89' lang='lat' dir='ltr'><strong>multaque</strong></span> <span class='ocrx_word' id='word_1_232' title='bbox 611 1881 710 1938; x_wconf 91' lang='lat' dir='ltr'><strong>per</strong></span> <span class='ocrx_word' id='word_1_233' title='bbox 724 1866 890 1922; x_wconf 91' lang='lat' dir='ltr'><strong>duces</strong></span> <span class='ocrx_word' id='word_1_234' title='bbox 911 1877 961 1921; x_wconf 91' lang='lat' dir='ltr'><strong>et</strong></span> <span class='ocrx_word' id='word_1_235' title='bbox 978 1865 1185 1936; x_wconf 82' lang='lat' dir='ltr'><strong>legatos</strong></span> <span class='ocrx_word' id='word_1_236' title='bbox 1204 1865 1347 1922; x_wconf 90' lang='lat' dir='ltr'><strong>bella</strong></span> <span class='ocrx_word' id='word_1_237' title='bbox 1363 1864 1554 1936; x_wconf 84' lang='lat' dir='ltr'><strong>gessit;</strong></span> <span class='ocrx_word' id='word_1_238' title='bbox 1579 1880 1703 1920; x_wconf 90' lang='lat' dir='ltr'><strong>nam</strong></span> <span class='ocrx_word' id='word_1_239' title='bbox 1722 1866 1864 1921; x_wconf 89' lang='lat' dir='ltr'><strong>inter</strong></span> <span class='ocrx_word' id='word_1_240' title='bbox 1892 1856 1942 1918; x_wconf 86' lang='grc' dir='ltr'><strong>Β</strong></span> <span class='ocrx_word' id='word_1_241' title='bbox 1970 1880 2028 1928; x_wconf 79' lang='grc' dir='ltr'><strong>ιιι</strong></span> <span class='ocrx_word' id='word_1_242' title='bbox 2059 1872 2221 1926; x_wconf 77' lang='lat' dir='ltr'><strong>homo</strong></span> <span class='ocrx_word' id='word_1_243' title='bbox 2241 1870 2554 1929; x_wconf 73' lang='lat' dir='ltr'><strong>declinavit.</strong></span> <span class='ocrx_word' id='word_1_244' title='bbox 2580 1869 2714 1926; x_wconf 73' lang='lat' dir='ltr'><strong>Nam</strong></span> <span class='ocrx_word' id='word_1_245' title='bbox 2741 1884 2863 1925; x_wconf 87' lang='lat' dir='ltr'><strong>cum</strong></span> <span class='ocrx_word' id='word_1_246' title='bbox 2885 1867 3076 1924; x_wconf 83' lang='lat' dir='ltr'><strong>eodem</strong></span> <span class='ocrx_word' id='word_1_247' title='bbox 3090 1874 3372 1938; x_wconf 74' lang='lat' dir='ltr'><strong>spectante</strong></span> <span class='ocrx_word' id='word_1_248' title='bbox 3403 1863 3562 1921; x_wconf 89' lang='lat' dir='ltr'><strong>Iudos</strong></span> 
     </span>
    </p>
   </div>
   <div class='ocr_carea' id='block_1_35' title="bbox 248 1957 1860 2026">
    <p class='ocr_par' dir='ltr' id='par_1_35' title="bbox 248 1957 1860 2026">
     <span class='ocr_line' id='line_1_36' title="bbox 248 1957 1860 2026; baseline -0.002 -8"><span class='ocrx_word' id='word_1_249' title='bbox 248 1970 484 2018; x_wconf 67' lang='lat' dir='ltr'><strong>cancros</strong></span> <span class='ocrx_word' id='word_1_250' title='bbox 496 1969 553 2017; x_wconf 91' lang='lat' dir='ltr'><strong>et</strong></span> <span class='ocrx_word' id='word_1_251' title='bbox 570 1957 1316 2016; x_wconf 74' lang='lat' dir='ltr'><strong>PisoadversumVindelicos</strong></span> <span class='ocrx_word' id='word_1_252' title='bbox 1331 1960 1530 2016; x_wconf 89' lang='lat' dir='ltr'><strong>missus</strong></span> <span class='ocrx_word' id='word_1_253' title='bbox 1546 1959 1860 2026; x_wconf 79' lang='lat' dir='ltr'><strong>est.Quihus</strong></span> 
     </span>
    </p>
   </div>
   <div class='ocr_carea' id='block_1_36' title="bbox 247 2051 1862 2125">
    <p class='ocr_par' dir='ltr' id='par_1_36' title="bbox 247 2051 1862 2125">
     <span class='ocr_line' id='line_1_37' title="bbox 247 2051 1862 2125; baseline -0.002 -14"><span class='ocrx_word' id='word_1_254' title='bbox 247 2055 514 2122; x_wconf 86' lang='lat' dir='ltr'><strong>subactis,</strong></span> <span class='ocrx_word' id='word_1_255' title='bbox 530 2055 702 2110; x_wconf 87' lang='lat' dir='ltr'><strong>victor</strong></span> <span class='ocrx_word' id='word_1_256' title='bbox 723 2053 768 2086; x_wconf 79' lang='grc'><strong>’⁷</strong></span> <span class='ocrx_word' id='word_1_257' title='bbox 789 2053 858 2110; x_wconf 87' lang='lat' dir='ltr'><strong>ad</strong></span> <span class='ocrx_word' id='word_1_258' title='bbox 882 2051 1154 2110; x_wconf 72' lang='lat' dir='ltr'><strong>Caesarem</strong></span> <span class='ocrx_word' id='word_1_259' title='bbox 1175 2052 1498 2125; x_wconf 83' lang='lat' dir='ltr'><strong>Lugdunum</strong></span> <span class='ocrx_word' id='word_1_260' title='bbox 1524 2051 1694 2109; x_wconf 87' lang='lat' dir='ltr'><strong>venit.</strong></span> <span class='ocrx_word' id='word_1_261' title='bbox 1721 2052 1862 2108; x_wconf 85' lang='lat' dir='ltr'><strong>Pan-</strong></span> 
     </span>
    </p>
   </div>
   <div class='ocr_carea' id='block_1_37' title="bbox 249 2145 1861 2217">
    <p class='ocr_par' dir='ltr' id='par_1_37' title="bbox 249 2145 1861 2217">
     <span class='ocr_line' id='line_1_38' title="bbox 249 2145 1861 2217; baseline -0.004 -11"><span class='ocrx_word' id='word_1_262' title='bbox 249 2149 450 2206; x_wconf 89' lang='lat' dir='ltr'><strong>nonios</strong></span> <span class='ocrx_word' id='word_1_263' title='bbox 466 2162 606 2205; x_wconf 89' lang='lat' dir='ltr'><strong>novo</strong></span> <span class='ocrx_word' id='word_1_264' title='bbox 632 2157 780 2203; x_wconf 91' lang='lat' dir='ltr'><strong>motu</strong></span> <span class='ocrx_word' id='word_1_265' title='bbox 804 2147 1258 2215; x_wconf 89' lang='lat' dir='ltr'><strong>intumescentes,</strong></span> <span class='ocrx_word' id='word_1_266' title='bbox 1282 2145 1552 2212; x_wconf 86' lang='lat' dir='ltr'><strong>Tiberius,</strong></span> <span class='ocrx_word' id='word_1_267' title='bbox 1583 2145 1861 2217; x_wconf 86' lang='lat' dir='ltr'><strong>privignus</strong></span> 
     </span>
    </p>
   </div>
   <div class='ocr_carea' id='block_1_38' title="bbox 248 2236 1860 2310">
    <p class='ocr_par' dir='ltr' id='par_1_38' title="bbox 248 2236 1860 2310">
     <span class='ocr_line' id='line_1_39' title="bbox 248 2236 1860 2310; baseline -0.003 -12"><span class='ocrx_word' id='word_1_268' title='bbox 248 2241 510 2309; x_wconf 66' lang='lat' dir='ltr'><strong>Caesaris,</strong></span> <span class='ocrx_word' id='word_1_269' title='bbox 551 2239 938 2298; x_wconf 89' lang='lat' dir='ltr'><strong>cruentissima</strong></span> <span class='ocrx_word' id='word_1_270' title='bbox 960 2239 1107 2296; x_wconf 63' lang='lat' dir='ltr'><strong>caede</strong></span> <span class='ocrx_word' id='word_1_271' title='bbox 1127 2237 1329 2294; x_wconf 89' lang='lat' dir='ltr'><strong>delevit</strong></span> <span class='ocrx_word' id='word_1_272' title='bbox 1359 2255 1373 2304; x_wconf 96' lang='lat'><strong>;</strong></span> <span class='ocrx_word' id='word_1_273' title='bbox 1400 2237 1656 2310; x_wconf 85' lang='lat' dir='ltr'><strong>idemque</strong></span> <span class='ocrx_word' id='word_1_274' title='bbox 1679 2236 1860 2293; x_wconf 60' lang='lat' dir='ltr'><strong>conti«</strong></span> 
     </span>
    </p>
   </div>
   <div class='ocr_carea' id='block_1_39' title="bbox 249 2329 1860 2403">
    <p class='ocr_par' dir='ltr' id='par_1_39' title="bbox 249 2329 1860 2403">
     <span class='ocr_line' id='line_1_40' title="bbox 249 2329 1860 2403; baseline -0.006 -10"><span class='ocrx_word' id='word_1_275' title='bbox 249 2350 367 2393; x_wconf 89' lang='lat' dir='ltr'><strong>nuo</strong></span> <span class='ocrx_word' id='word_1_276' title='bbox 397 2334 698 2392; x_wconf 86' lang='lat' dir='ltr'><strong>Germanos</strong></span> <span class='ocrx_word' id='word_1_277' title='bbox 723 2333 868 2390; x_wconf 92' lang='lat' dir='ltr'><strong>bello</strong></span> <span class='ocrx_word' id='word_1_278' title='bbox 897 2331 1155 2403; x_wconf 87' lang='lat' dir='ltr'><strong>arripuit;</strong></span> <span class='ocrx_word' id='word_1_279' title='bbox 1203 2347 1235 2388; x_wconf 89' lang='lat' dir='ltr'><strong>e</strong></span> <span class='ocrx_word' id='word_1_280' title='bbox 1266 2331 1466 2403; x_wconf 90' lang='lat' dir='ltr'><strong>quibus</strong></span> <span class='ocrx_word' id='word_1_281' title='bbox 1504 2329 1860 2402; x_wconf 84' lang='lat' dir='ltr'><strong>quadraginta</strong></span> 
     </span>
    </p>
   </div>
   <div class='ocr_carea' id='block_1_40' title="bbox 251 2423 1857 2502">
    <p class='ocr_par' dir='ltr' id='par_1_40' title="bbox 251 2423 1857 2502">
     <span class='ocr_line' id='line_1_41' title="bbox 251 2423 1857 2502; baseline -0.006 -16"><span class='ocrx_word' id='word_1_282' title='bbox 251 2428 428 2486; x_wconf 88' lang='lat' dir='ltr'><strong>millia</strong></span> <span class='ocrx_word' id='word_1_283' title='bbox 452 2427 794 2502; x_wconf 85' lang='lat' dir='ltr'><strong>captivorum</strong></span> <span class='ocrx_word' id='word_1_284' title='bbox 810 2425 1246 2484; x_wconf 87' lang='lat' dir='ltr'><strong>victorahduxit.</strong></span> <span class='ocrx_word' id='word_1_285' title='bbox 1270 2423 1424 2492; x_wconf 83' lang='lat' dir='ltr'><strong>Quod</strong></span> <span class='ocrx_word' id='word_1_286' title='bbox 1446 2438 1633 2480; x_wconf 85' lang='lat' dir='ltr'><strong>revera</strong></span> <span class='ocrx_word' id='word_1_287' title='bbox 1655 2423 1857 2477; x_wconf 90' lang='lat' dir='ltr'><strong>bellum</strong></span> 
     </span>
    </p>
   </div>
   <div class='ocr_carea' id='block_1_41' title="bbox 253 2516 1862 2588">
    <p class='ocr_par' dir='ltr' id='par_1_41' title="bbox 253 2516 1862 2588">
     <span class='ocr_line' id='line_1_42' title="bbox 253 2516 1862 2588; baseline -0.004 -10"><span class='ocrx_word' id='word_1_288' title='bbox 253 2521 559 2579; x_wconf 87' lang='lat' dir='ltr'><strong>maximum</strong></span> <span class='ocrx_word' id='word_1_289' title='bbox 599 2529 655 2578; x_wconf 93' lang='lat' dir='ltr'><strong>ct</strong></span> <span class='ocrx_word' id='word_1_290' title='bbox 682 2518 1251 2577; x_wconf 79' lang='lat' dir='ltr'><strong>formidolosissimum</strong></span> <span class='ocrx_word' id='word_1_291' title='bbox 1293 2516 1604 2588; x_wconf 89' lang='lat' dir='ltr'><strong>quindecim</strong></span> <span class='ocrx_word' id='word_1_292' title='bbox 1636 2516 1862 2588; x_wconf 84' lang='lat' dir='ltr'><strong>legioni-</strong></span> 
     </span>
    </p>
   </div>
   <div class='ocr_carea' id='block_1_42' title="bbox 252 2609 1863 2688">
    <p class='ocr_par' dir='ltr' id='par_1_42' title="bbox 252 2609 1863 2688">
     <span class='ocr_line' id='line_1_43' title="bbox 252 2609 1863 2688; baseline -0.003 -15"><span class='ocrx_word' id='word_1_293' title='bbox 252 2615 362 2673; x_wconf 84' lang='lat' dir='ltr'><strong>bus</strong></span> <span class='ocrx_word' id='word_1_294' title='bbox 388 2631 485 2688; x_wconf 89' lang='lat' dir='ltr'><strong>per</strong></span> <span class='ocrx_word' id='word_1_295' title='bbox 507 2613 804 2671; x_wconf 89' lang='lat' dir='ltr'><strong>triennium</strong></span> <span class='ocrx_word' id='word_1_296' title='bbox 834 2621 1045 2685; x_wconf 88' lang='lat' dir='ltr'><strong>gestum</strong></span> <span class='ocrx_word' id='word_1_297' title='bbox 1076 2621 1180 2681; x_wconf 88' lang='lat' dir='ltr'><strong>est,</strong></span> <span class='ocrx_word' id='word_1_298' title='bbox 1214 2627 1314 2669; x_wconf 90' lang='lat' dir='ltr'><strong>nec</strong></span> <span class='ocrx_word' id='word_1_299' title='bbox 1341 2611 1456 2669; x_wconf 87' lang='lat' dir='ltr'><strong>fere</strong></span> <span class='ocrx_word' id='word_1_300' title='bbox 1487 2611 1654 2668; x_wconf 90' lang='lat' dir='ltr'><strong>ullum</strong></span> <span class='ocrx_word' id='word_1_301' title='bbox 1687 2609 1863 2682; x_wconf 88' lang='lat' dir='ltr'><strong>majus</strong></span> 
     </span>
    </p>
   </div>
   <div class='ocr_carea' id='block_1_43' title="bbox 251 2705 1860 2778">
    <p class='ocr_par' dir='ltr' id='par_1_43' title="bbox 251 2705 1860 2778">
     <span class='ocr_line' id='line_1_44' title="bbox 251 2705 1860 2778; baseline -0.004 -10"><span class='ocrx_word' id='word_1_302' title='bbox 251 2709 487 2778; x_wconf 79' lang='lat' dir='ltr'><strong>bellum,</strong></span> <span class='ocrx_word' id='word_1_303' title='bbox 540 2710 685 2766; x_wconf 90' lang='lat' dir='ltr'><strong>sicut</strong></span> <span class='ocrx_word' id='word_1_304' title='bbox 736 2709 1035 2766; x_wconf 89' lang='lat' dir='ltr'><strong>Suetonius</strong></span> <span class='ocrx_word' id='word_1_305' title='bbox 1084 2714 1398 2776; x_wconf 88' lang='lat' dir='ltr'><strong>attestatur,</strong></span> <span class='ocrx_word' id='word_1_306' title='bbox 1437 2714 1560 2778; x_wconf 92' lang='lat' dir='ltr'><strong>post</strong></span> <span class='ocrx_word' id='word_1_307' title='bbox 1597 2705 1860 2763; x_wconf 76' lang='lat' dir='ltr'><strong>Punicum</strong></span> 
     </span>
    </p>
   </div>
   <div class='ocr_carea' id='block_1_44' title="bbox 253 2799 1861 2873">
    <p class='ocr_par' dir='ltr' id='par_1_44' title="bbox 253 2799 1861 2873">
     <span class='ocr_line' id='line_1_45' title="bbox 253 2799 1861 2873; baseline -0.002 -15"><span class='ocrx_word' id='word_1_308' title='bbox 253 2802 510 2859; x_wconf 79' lang='lat' dir='ltr'><strong>fuit.Suh</strong></span> <span class='ocrx_word' id='word_1_309' title='bbox 531 2802 724 2860; x_wconf 86' lang='lat' dir='ltr'><strong>eodem</strong></span> <span class='ocrx_word' id='word_1_310' title='bbox 753 2817 887 2859; x_wconf 85' lang='lat' dir='ltr'><strong>vero</strong></span> <span class='ocrx_word' id='word_1_311' title='bbox 917 2812 1163 2873; x_wconf 89' lang='lat' dir='ltr'><strong>tempore</strong></span> <span class='ocrx_word' id='word_1_312' title='bbox 1190 2799 1517 2870; x_wconf 84' lang='lat' dir='ltr'><strong>Quinctilius</strong></span> <span class='ocrx_word' id='word_1_313' title='bbox 1539 2799 1713 2855; x_wconf 83' lang='lat' dir='ltr'><strong>Varus</strong></span> <span class='ocrx_word' id='word_1_314' title='bbox 1737 2814 1861 2855; x_wconf 93' lang='lat' dir='ltr'><strong>cum</strong></span> 
     </span>
    </p>
   </div>
   <div class='ocr_carea' id='block_1_45' title="bbox 257 2892 1866 2966">
    <p class='ocr_par' dir='ltr' id='par_1_45' title="bbox 257 2892 1866 2966">
     <span class='ocr_line' id='line_1_46' title="bbox 257 2892 1866 2966; baseline -0.002 -15"><span class='ocrx_word' id='word_1_315' title='bbox 257 2894 444 2952; x_wconf 90' lang='lat' dir='ltr'><strong>tribus</strong></span> <span class='ocrx_word' id='word_1_316' title='bbox 469 2894 776 2966; x_wconf 89' lang='lat' dir='ltr'><strong>legionibus</strong></span> <span class='ocrx_word' id='word_1_317' title='bbox 802 2910 832 2950; x_wconf 90' lang='lat' dir='ltr'><strong>a</strong></span> <span class='ocrx_word' id='word_1_318' title='bbox 859 2894 1150 2951; x_wconf 88' lang='lat' dir='ltr'><strong>Germanis</strong></span> <span class='ocrx_word' id='word_1_319' title='bbox 1178 2893 1598 2960; x_wconf 89' lang='lat' dir='ltr'><strong>rebellantibus,</strong></span> <span class='ocrx_word' id='word_1_320' title='bbox 1615 2892 1754 2949; x_wconf 89' lang='lat' dir='ltr'><strong>mira</strong></span> <span class='ocrx_word' id='word_1_321' title='bbox 1769 2909 1866 2948; x_wconf 85' lang='lat' dir='ltr'><strong>su-</strong></span> 
     </span>
    </p>
   </div>
   <div class='ocr_carea' id='block_1_46' title="bbox 257 2983 1864 3060">
    <p class='ocr_par' dir='ltr' id='par_1_46' title="bbox 257 2983 1864 3060">
     <span class='ocr_line' id='line_1_47' title="bbox 257 2983 1864 3060; baseline -0.002 -16"><span class='ocrx_word' id='word_1_322' title='bbox 257 2987 453 3060; x_wconf 83' lang='lat' dir='ltr'><strong>perhia</strong></span> <span class='ocrx_word' id='word_1_323' title='bbox 501 2997 664 3058; x_wconf 88' lang='lat' dir='ltr'><strong>atque</strong></span> <span class='ocrx_word' id='word_1_324' title='bbox 705 2985 940 3043; x_wconf 85' lang='lat' dir='ltr'><strong>avaritia</strong></span> <span class='ocrx_word' id='word_1_325' title='bbox 987 2985 1044 3042; x_wconf 92' lang='lat' dir='ltr'><strong>in</strong></span> <span class='ocrx_word' id='word_1_326' title='bbox 1087 2984 1364 3056; x_wconf 87' lang='lat' dir='ltr'><strong>subjectos</strong></span> <span class='ocrx_word' id='word_1_327' title='bbox 1393 2999 1582 3056; x_wconf 90' lang='lat' dir='ltr'><strong>agens,</strong></span> <span class='ocrx_word' id='word_1_328' title='bbox 1617 2983 1864 3040; x_wconf 88' lang='lat' dir='ltr'><strong>funditus</strong></span> 
     </span>
    </p>
   </div>
   <div class='ocr_carea' id='block_1_47' title="bbox 258 3077 1864 3149">
    <p class='ocr_par' dir='ltr' id='par_1_47' title="bbox 258 3077 1864 3149">
     <span class='ocr_line' id='line_1_48' title="bbox 258 3077 1864 3149; baseline -0.002 -13"><span class='ocrx_word' id='word_1_329' title='bbox 258 3079 478 3136; x_wconf 84' lang='lat' dir='ltr'><strong>deletus</strong></span> <span class='ocrx_word' id='word_1_330' title='bbox 506 3090 619 3147; x_wconf 87' lang='lat' dir='ltr'><strong>est;</strong></span> <span class='ocrx_word' id='word_1_331' title='bbox 643 3094 803 3149; x_wconf 88' lang='lat' dir='ltr'><strong>quam</strong></span> <span class='ocrx_word' id='word_1_332' title='bbox 824 3077 1140 3149; x_wconf 62' lang='lat' dir='ltr'><strong>reipublicae</strong></span> <span class='ocrx_word' id='word_1_333' title='bbox 1154 3078 1368 3135; x_wconf 90' lang='lat' dir='ltr'><strong>cladem</strong></span> <span class='ocrx_word' id='word_1_334' title='bbox 1389 3078 1576 3134; x_wconf 60' lang='lat' dir='ltr'><strong>Caesar</strong></span> <span class='ocrx_word' id='word_1_335' title='bbox 1591 3078 1864 3148; x_wconf 82' lang='lat' dir='ltr'><strong>Augustus</strong></span> 
     </span>
    </p>
   </div>
   <div class='ocr_carea' id='block_1_48' title="bbox 259 3171 1867 3245">
    <p class='ocr_par' dir='ltr' id='par_1_48' title="bbox 259 3171 1867 3245">
     <span class='ocr_line' id='line_1_49' title="bbox 259 3171 1867 3245; baseline -0.002 -15"><span class='ocrx_word' id='word_1_336' title='bbox 259 3173 406 3231; x_wconf 84' lang='lat' dir='ltr'><strong>adeo</strong></span> <span class='ocrx_word' id='word_1_337' title='bbox 447 3173 687 3245; x_wconf 81' lang='lat' dir='ltr'><strong>graviter</strong></span> <span class='ocrx_word' id='word_1_338' title='bbox 716 3172 860 3237; x_wconf 89' lang='lat' dir='ltr'><strong>tulit,</strong></span> <span class='ocrx_word' id='word_1_339' title='bbox 893 3183 952 3229; x_wconf 92' lang='lat' dir='ltr'><strong>ut</strong></span> <span class='ocrx_word' id='word_1_340' title='bbox 975 3187 1119 3245; x_wconf 72' lang='lat' dir='ltr'><strong>smpc</strong></span> <span class='ocrx_word' id='word_1_341' title='bbox 1147 3187 1244 3242; x_wconf 83' lang='lat' dir='ltr'><strong>per</strong></span> <span class='ocrx_word' id='word_1_342' title='bbox 1274 3173 1385 3228; x_wconf 88' lang='lat' dir='ltr'><strong>vim</strong></span> <span class='ocrx_word' id='word_1_343' title='bbox 1443 3171 1648 3228; x_wconf 84' lang='lat' dir='ltr'><strong>doloris</strong></span> <span class='ocrx_word' id='word_1_344' title='bbox 1701 3179 1867 3242; x_wconf 87' lang='lat' dir='ltr'><strong>caput</strong></span> 
     </span>
    </p>
   </div>
   <div class='ocr_carea' id='block_1_49' title="bbox 261 3247 1942 3340">
    <p class='ocr_par' dir='ltr' id='par_1_49' title="bbox 261 3247 1942 3340">
     <span class='ocr_line' id='line_1_50' title="bbox 261 3247 1942 3340; baseline 0.001 -18"><span class='ocrx_word' id='word_1_345' title='bbox 261 3267 463 3340; x_wconf 84' lang='lat' dir='ltr'><strong>parieti</strong></span> <span class='ocrx_word' id='word_1_346' title='bbox 508 3267 799 3337; x_wconf 88' lang='lat' dir='ltr'><strong>collidens,</strong></span> <span class='ocrx_word' id='word_1_347' title='bbox 851 3267 1117 3324; x_wconf 87' lang='lat' dir='ltr'><strong>clamaret</strong></span> <span class='ocrx_word' id='word_1_348' title='bbox 1150 3284 1164 3322; x_wconf 91' lang='lat'><strong>:</strong></span> <span class='ocrx_word' id='word_1_349' title='bbox 1197 3267 1458 3336; x_wconf 90' lang='lat' dir='ltr'><strong>Quinctili</strong></span> <span class='ocrx_word' id='word_1_350' title='bbox 1492 3265 1654 3336; x_wconf 85' lang='lat' dir='ltr'><strong>Vare,</strong></span> <span class='ocrx_word' id='word_1_351' title='bbox 1702 3266 1868 3323; x_wconf 88' lang='lat' dir='ltr'><strong>redde</strong></span> <span class='ocrx_word' id='word_1_352' title='bbox 1892 3247 1942 3313; x_wconf 65' lang='grc' dir='ltr'><strong>(ἶ</strong></span> 
     </span>
    </p>
   </div>
   <div class='ocr_carea' id='block_1_50' title="bbox 264 3361 1866 3434">
    <p class='ocr_par' dir='ltr' id='par_1_50' title="bbox 264 3361 1866 3434">
     <span class='ocr_line' id='line_1_51' title="bbox 264 3361 1866 3434; baseline 0 -16"><span class='ocrx_word' id='word_1_353' title='bbox 264 3361 533 3434; x_wconf 88' lang='lat' dir='ltr'><strong>legiones.</strong></span> <span class='ocrx_word' id='word_1_354' title='bbox 564 3362 914 3433; x_wconf 82' lang='lat' dir='ltr'><strong>Bosporanos</strong></span> <span class='ocrx_word' id='word_1_355' title='bbox 942 3377 1074 3419; x_wconf 87' lang='lat' dir='ltr'><strong>vero</strong></span> <span class='ocrx_word' id='word_1_356' title='bbox 1105 3363 1342 3434; x_wconf 81' lang='lat' dir='ltr'><strong>Agrippa</strong></span> <span class='ocrx_word' id='word_1_357' title='bbox 1374 3362 1674 3434; x_wconf 89' lang='lat' dir='ltr'><strong>superavit,</strong></span> <span class='ocrx_word' id='word_1_358' title='bbox 1706 3371 1763 3418; x_wconf 90' lang='lat' dir='ltr'><strong>et</strong></span> <span class='ocrx_word' id='word_1_359' title='bbox 1788 3361 1866 3418; x_wconf 84' lang='lat' dir='ltr'><strong>si-</strong></span> 
     </span>
    </p>
   </div>
   <div class='ocr_carea' id='block_1_51' title="bbox 263 3453 1866 3527">
    <p class='ocr_par' dir='ltr' id='par_1_51' title="bbox 263 3453 1866 3527">
     <span class='ocr_line' id='line_1_52' title="bbox 263 3453 1866 3527; baseline -0.001 -17"><span class='ocrx_word' id='word_1_360' title='bbox 263 3455 392 3527; x_wconf 81' lang='lat' dir='ltr'><strong>gnis</strong></span> <span class='ocrx_word' id='word_1_361' title='bbox 415 3454 674 3512; x_wconf 81' lang='lat' dir='ltr'><strong>Romanis</strong></span> <span class='ocrx_word' id='word_1_362' title='bbox 699 3471 822 3527; x_wconf 63' lang='lat' dir='ltr'><strong>quae</strong></span> <span class='ocrx_word' id='word_1_363' title='bbox 849 3454 927 3510; x_wconf 91' lang='lat' dir='ltr'><strong>illi</strong></span> <span class='ocrx_word' id='word_1_364' title='bbox 953 3453 1229 3527; x_wconf 87' lang='lat' dir='ltr'><strong>quondam</strong></span> <span class='ocrx_word' id='word_1_365' title='bbox 1260 3455 1361 3512; x_wconf 88' lang='lat' dir='ltr'><strong>sub</strong></span> <span class='ocrx_word' id='word_1_366' title='bbox 1399 3454 1712 3511; x_wconf 81' lang='lat' dir='ltr'><strong>Mithridate</strong></span> <span class='ocrx_word' id='word_1_367' title='bbox 1741 3469 1866 3510; x_wconf 89' lang='lat' dir='ltr'><strong>sus-</strong></span> 
     </span>
    </p>
   </div>
   <div class='ocr_carea' id='block_1_52' title="bbox 265 3547 1872 3620">
    <p class='ocr_par' dir='ltr' id='par_1_52' title="bbox 265 3547 1872 3620">
     <span class='ocr_line' id='line_1_53' title="bbox 265 3547 1872 3620; baseline 0.001 -16"><span class='ocrx_word' id='word_1_368' title='bbox 265 3549 512 3604; x_wconf 81' lang='lat' dir='ltr'><strong>tulerant</strong></span> <span class='ocrx_word' id='word_1_369' title='bbox 537 3547 683 3604; x_wconf 88' lang='lat' dir='ltr'><strong>hello</strong></span> <span class='ocrx_word' id='word_1_370' title='bbox 711 3548 1066 3620; x_wconf 86' lang='lat' dir='ltr'><strong>recuperatis,</strong></span> <span class='ocrx_word' id='word_1_371' title='bbox 1084 3547 1256 3606; x_wconf 87' lang='lat' dir='ltr'><strong>vietos</strong></span> <span class='ocrx_word' id='word_1_372' title='bbox 1289 3548 1356 3605; x_wconf 89' lang='lat' dir='ltr'><strong>ad</strong></span> <span class='ocrx_word' id='word_1_373' title='bbox 1383 3548 1718 3606; x_wconf 88' lang='lat' dir='ltr'><strong>deditionem</strong></span> <span class='ocrx_word' id='word_1_374' title='bbox 1743 3564 1872 3606; x_wconf 82' lang='lat' dir='ltr'><strong>coe-</strong></span> 
     </span>
    </p>
   </div>
   <div class='ocr_carea' id='block_1_53' title="bbox 267 3639 1869 3713">
    <p class='ocr_par' dir='ltr' id='par_1_53' title="bbox 267 3639 1869 3713">
     <span class='ocr_line' id='line_1_54' title="bbox 267 3639 1869 3713; baseline 0.001 -17"><span class='ocrx_word' id='word_1_375' title='bbox 267 3641 370 3713; x_wconf 90' lang='lat' dir='ltr'><strong>git.</strong></span> <span class='ocrx_word' id='word_1_376' title='bbox 395 3639 604 3708; x_wconf 83' lang='lat' dir='ltr'><strong>Parthi,</strong></span> <span class='ocrx_word' id='word_1_377' title='bbox 624 3641 781 3713; x_wconf 88' lang='lat' dir='ltr'><strong>quasi</strong></span> <span class='ocrx_word' id='word_1_378' title='bbox 812 3649 927 3697; x_wconf 91' lang='lat' dir='ltr'><strong>toto</strong></span> <span class='ocrx_word' id='word_1_379' title='bbox 949 3649 1217 3698; x_wconf 88' lang='lat' dir='ltr'><strong>terrarum</strong></span> <span class='ocrx_word' id='word_1_380' title='bbox 1264 3641 1397 3698; x_wconf 91' lang='lat' dir='ltr'><strong>orbe</strong></span> <span class='ocrx_word' id='word_1_381' title='bbox 1417 3641 1502 3698; x_wconf 88' lang='lat' dir='ltr'><strong>vel</strong></span> <span class='ocrx_word' id='word_1_382' title='bbox 1534 3640 1744 3698; x_wconf 85' lang='lat' dir='ltr'><strong>domito</strong></span> <span class='ocrx_word' id='word_1_383' title='bbox 1781 3641 1869 3698; x_wconf 84' lang='lat' dir='ltr'><strong>vel</strong></span> 
     </span>
    </p>
   </div>
   <div class='ocr_carea' id='block_1_54' title="bbox 269 3733 1868 3807">
    <p class='ocr_par' dir='ltr' id='par_1_54' title="bbox 269 3733 1868 3807">
     <span class='ocr_line' id='line_1_55' title="bbox 269 3733 1868 3807; baseline 0.001 -17"><span class='ocrx_word' id='word_1_384' title='bbox 269 3742 490 3806; x_wconf 89' lang='lat' dir='ltr'><strong>pacato,</strong></span> <span class='ocrx_word' id='word_1_385' title='bbox 514 3735 755 3790; x_wconf 91' lang='lat' dir='ltr'><strong>omnium</strong></span> <span class='ocrx_word' id='word_1_386' title='bbox 778 3733 950 3790; x_wconf 89' lang='lat' dir='ltr'><strong>oculis</strong></span> <span class='ocrx_word' id='word_1_387' title='bbox 977 3733 1350 3806; x_wconf 89' lang='lat' dir='ltr'><strong>signarentur,</strong></span> <span class='ocrx_word' id='word_1_388' title='bbox 1371 3742 1533 3807; x_wconf 89' lang='lat' dir='ltr'><strong>atque</strong></span> <span class='ocrx_word' id='word_1_389' title='bbox 1563 3733 1617 3790; x_wconf 93' lang='lat' dir='ltr'><strong>in</strong></span> <span class='ocrx_word' id='word_1_390' title='bbox 1635 3750 1696 3792; x_wconf 86' lang='lat' dir='ltr'><strong>se</strong></span> <span class='ocrx_word' id='word_1_391' title='bbox 1720 3735 1868 3792; x_wconf 74' lang='lat' dir='ltr'><strong>solos</strong></span> 
     </span>
    </p>
   </div>
   <div class='ocr_carea' id='block_1_55' title="bbox 268 3827 1871 3900">
    <p class='ocr_par' dir='ltr' id='par_1_55' title="bbox 268 3827 1871 3900">
     <span class='ocr_line' id='line_1_56' title="bbox 268 3827 1871 3900; baseline 0 -14"><span class='ocrx_word' id='word_1_392' title='bbox 268 3828 456 3886; x_wconf 91' lang='lat' dir='ltr'><strong>omnis</strong></span> <span class='ocrx_word' id='word_1_393' title='bbox 480 3828 630 3900; x_wconf 87' lang='lat' dir='ltr'><strong>vigor</strong></span> <span class='ocrx_word' id='word_1_394' title='bbox 649 3827 880 3884; x_wconf 82' lang='lat' dir='ltr'><strong>Romani</strong></span> <span class='ocrx_word' id='word_1_395' title='bbox 905 3827 1121 3900; x_wconf 91' lang='lat' dir='ltr'><strong>imperii</strong></span> <span class='ocrx_word' id='word_1_396' title='bbox 1154 3827 1448 3885; x_wconf 80' lang='lat' dir='ltr'><strong>vertendus</strong></span> <span class='ocrx_word' id='word_1_397' title='bbox 1468 3836 1635 3896; x_wconf 88' lang='lat' dir='ltr'><strong>esset,</strong></span> <span class='ocrx_word' id='word_1_398' title='bbox 1668 3829 1871 3900; x_wconf 88' lang='lat' dir='ltr'><strong>quippe</strong></span> 
     </span>
    </p>
   </div>
   <div class='ocr_carea' id='block_1_56' title="bbox 271 3918 1924 3992">
    <p class='ocr_par' dir='ltr' id='par_1_56' title="bbox 271 3918 1924 3992">
     <span class='ocr_line' id='line_1_57' title="bbox 271 3918 1924 3992; baseline -0.001 -14"><span class='ocrx_word' id='word_1_399' title='bbox 271 3934 417 3992; x_wconf 88' lang='lat' dir='ltr'><strong>quos</strong></span> <span class='ocrx_word' id='word_1_400' title='bbox 444 3920 672 3992; x_wconf 89' lang='lat' dir='ltr'><strong>pristina</strong></span> <span class='ocrx_word' id='word_1_401' title='bbox 700 3919 1030 3978; x_wconf 67' lang='lat' dir='ltr'><strong>ulciscendas</strong></span> <span class='ocrx_word' id='word_1_402' title='bbox 1056 3918 1364 3977; x_wconf 76' lang='lat' dir='ltr'><strong>Crassiana:</strong></span> <span class='ocrx_word' id='word_1_403' title='bbox 1389 3920 1558 3978; x_wconf 73' lang='lat' dir='ltr'><strong>ctedis</strong></span> <span class='ocrx_word' id='word_1_404' title='bbox 1585 3921 1874 3978; x_wconf 89' lang='lat' dir='ltr'><strong>conscien-</strong></span> <span class='ocrx_word' id='word_1_405' title='bbox 1921 3947 1924 3950; x_wconf 78' lang='lat'><strong><em>~</em></strong></span> 
     </span>
    </p>
   </div>
   <div class='ocr_carea' id='block_1_57' title="bbox 273 4013 1876 4087">
    <p class='ocr_par' dir='ltr' id='par_1_57' title="bbox 273 4013 1876 4087">
     <span class='ocr_line' id='line_1_58' title="bbox 273 4013 1876 4087; baseline 0.002 -16"><span class='ocrx_word' id='word_1_406' title='bbox 273 4013 353 4072; x_wconf 83' lang='lat' dir='ltr'><strong>tia</strong></span> <span class='ocrx_word' id='word_1_407' title='bbox 381 4013 854 4084; x_wconf 87' lang='lat' dir='ltr'><strong>mordebat,ultro</strong></span> <span class='ocrx_word' id='word_1_408' title='bbox 879 4015 1035 4087; x_wconf 90' lang='lat' dir='ltr'><strong>signa</strong></span> <span class='ocrx_word' id='word_1_409' title='bbox 1060 4029 1181 4086; x_wconf 75' lang='lat' dir='ltr'><strong>qua:</strong></span> <span class='ocrx_word' id='word_1_410' title='bbox 1211 4013 1412 4072; x_wconf 89' lang='lat' dir='ltr'><strong>Crasso</strong></span> <span class='ocrx_word' id='word_1_411' title='bbox 1437 4013 1728 4072; x_wconf 84' lang='lat' dir='ltr'><strong>interfecto</strong></span> <span class='ocrx_word' id='word_1_412' title='bbox 1749 4015 1876 4074; x_wconf 88' lang='lat' dir='ltr'><strong>abs-</strong></span> 
     </span>
    </p>
   </div>
   <div class='ocr_carea' id='block_1_58' title="bbox 273 4105 1876 4180">
    <p class='ocr_par' dir='ltr' id='par_1_58' title="bbox 273 4105 1876 4180">
     <span class='ocr_line' id='line_1_59' title="bbox 273 4105 1876 4180; baseline 0.002 -18"><span class='ocrx_word' id='word_1_413' title='bbox 273 4105 538 4173; x_wconf 88' lang='lat' dir='ltr'><strong>tulerant,</strong></span> <span class='ocrx_word' id='word_1_414' title='bbox 564 4107 632 4163; x_wconf 88' lang='lat' dir='ltr'><strong>ad</strong></span> <span class='ocrx_word' id='word_1_415' title='bbox 659 4106 934 4164; x_wconf 83' lang='lat' dir='ltr'><strong>Caesarem</strong></span> <span class='ocrx_word' id='word_1_416' title='bbox 961 4109 1328 4175; x_wconf 89' lang='lat' dir='ltr'><strong>remiserunt;</strong></span> <span class='ocrx_word' id='word_1_417' title='bbox 1359 4108 1635 4180; x_wconf 87' lang='lat' dir='ltr'><strong>regiisque</strong></span> <span class='ocrx_word' id='word_1_418' title='bbox 1664 4109 1876 4166; x_wconf 78' lang='lat' dir='ltr'><strong>obsidi-</strong></span> 
     </span>
    </p>
   </div>
   <div class='ocr_carea' id='block_1_59' title="bbox 275 4199 1878 4274">
    <p class='ocr_par' dir='ltr' id='par_1_59' title="bbox 275 4199 1878 4274">
     <span class='ocr_line' id='line_1_60' title="bbox 275 4199 1878 4274; baseline 0.004 -18"><span class='ocrx_word' id='word_1_419' title='bbox 275 4199 384 4256; x_wconf 86' lang='lat' dir='ltr'><strong>bus</strong></span> <span class='ocrx_word' id='word_1_420' title='bbox 405 4199 638 4270; x_wconf 88' lang='lat' dir='ltr'><strong>traditis,</strong></span> <span class='ocrx_word' id='word_1_421' title='bbox 672 4199 890 4257; x_wconf 88' lang='lat' dir='ltr'><strong>firmum</strong></span> <span class='ocrx_word' id='word_1_422' title='bbox 921 4199 1100 4258; x_wconf 74' lang='lat' dir='ltr'><strong>ftedus</strong></span> <span class='ocrx_word' id='word_1_423' title='bbox 1130 4199 1282 4259; x_wconf 89' lang='lat' dir='ltr'><strong>fideli</strong></span> <span class='ocrx_word' id='word_1_424' title='bbox 1325 4201 1731 4274; x_wconf 88' lang='lat' dir='ltr'><strong>supplicatione</strong></span> <span class='ocrx_word' id='word_1_425' title='bbox 1765 4219 1878 4262; x_wconf 89' lang='lat' dir='ltr'><strong>me-</strong></span> 
     </span>
    </p>
   </div>
   <div class='ocr_carea' id='block_1_60' title="bbox 276 4301 528 4351">
    <p class='ocr_par' dir='ltr' id='par_1_60' title="bbox 276 4301 528 4351">
     <span class='ocr_line' id='line_1_61' title="bbox 276 4301 528 4351; baseline -0.004 -1"><span class='ocrx_word' id='word_1_426' title='bbox 276 4301 528 4351; x_wconf 85' lang='lat' dir='ltr'><strong>ruerunt.</strong></span> 
     </span>
    </p>
   </div>
   <div class='ocr_carea' id='block_1_61' title="bbox 770 4384 1401 4460">
    <p class='ocr_par' dir='ltr' id='par_1_61' title="bbox 770 4384 1401 4460">
     <span class='ocr_line' id='line_1_62' title="bbox 770 4384 1401 4460; baseline 0 -17"><span class='ocrx_word' id='word_1_427' title='bbox 770 4385 936 4460; x_wconf 64' lang='lat' dir='ltr'><strong>us</strong></span> <span class='ocrx_word' id='word_1_428' title='bbox 967 4384 1198 4445; x_wconf 79' lang='lat' dir='ltr'><strong>CAPUT</strong></span> <span class='ocrx_word' id='word_1_429' title='bbox 1234 4385 1401 4445; x_wconf 84' lang='lat' dir='ltr'><strong>xxu.</strong></span> 
     </span>
    </p>
   </div>
   <div class='ocr_carea' id='block_1_62' title="bbox 285 4477 1885 4556">
    <p class='ocr_par' dir='ltr' id='par_1_62' title="bbox 285 4477 1885 4556">
     <span class='ocr_line' id='line_1_63' title="bbox 285 4477 1885 4556; baseline 0.006 -19"><span class='ocrx_word' id='word_1_430' title='bbox 285 4477 530 4537; x_wconf 79' lang='lat' dir='ltr'><strong>Octavius</strong></span> <span class='ocrx_word' id='word_1_431' title='bbox 582 4479 871 4555; x_wconf 81' lang='lat' dir='ltr'><strong>Augustus,</strong></span> <span class='ocrx_word' id='word_1_432' title='bbox 897 4481 1178 4554; x_wconf 83' lang='lat' dir='ltr'><strong>composita</strong></span> <span class='ocrx_word' id='word_1_433' title='bbox 1223 4480 1450 4554; x_wconf 83' lang='lat' dir='ltr'><strong>undique</strong></span> <span class='ocrx_word' id='word_1_434' title='bbox 1493 4499 1639 4556; x_wconf 84' lang='lat' dir='ltr'><strong>pace,</strong></span> <span class='ocrx_word' id='word_1_435' title='bbox 1686 4483 1885 4546; x_wconf 71' lang='lat' dir='ltr'><strong>Ianum</strong></span> 
     </span>
    </p>
   </div>
   <div class='ocr_carea' id='block_1_63' title="bbox 1966 1957 3562 2035">
    <p class='ocr_par' dir='ltr' id='par_1_63' title="bbox 1966 1957 3562 2035">
     <span class='ocr_line' id='line_1_64' title="bbox 1966 1957 3562 2035; baseline -0.006 -15"><span class='ocrx_word' id='word_1_436' title='bbox 1966 1964 2372 2035; x_wconf 89' lang='lat' dir='ltr'><strong>pronuntiatum</strong></span> <span class='ocrx_word' id='word_1_437' title='bbox 2403 1971 2551 2020; x_wconf 89' lang='lat' dir='ltr'><strong>esset</strong></span> <span class='ocrx_word' id='word_1_438' title='bbox 2579 1963 2600 1994; x_wconf 84' lang='grc'><em>³</em></span> <span class='ocrx_word' id='word_1_439' title='bbox 2630 1962 2682 2018; x_wconf 93' lang='lat' dir='ltr'><strong>in</strong></span> <span class='ocrx_word' id='word_1_440' title='bbox 2706 1960 2940 2033; x_wconf 90' lang='lat' dir='ltr'><strong>quodam</strong></span> <span class='ocrx_word' id='word_1_441' title='bbox 2975 1961 3164 2026; x_wconf 90' lang='lat' dir='ltr'><strong>mimo,</strong></span> <span class='ocrx_word' id='word_1_442' title='bbox 3209 1958 3254 2014; x_wconf 94' lang='lat'><em>0</em></span> <span class='ocrx_word' id='word_1_443' title='bbox 3295 1957 3562 2014; x_wconf 81' lang='lat' dir='ltr'><strong>dominum</strong></span> 
     </span>
    </p>
   </div>
   <div class='ocr_carea' id='block_1_64' title="bbox 1964 2051 3562 2124">
    <p class='ocr_par' dir='ltr' id='par_1_64' title="bbox 1964 2051 3562 2124">
     <span class='ocr_line' id='line_1_65' title="bbox 1964 2051 3562 2124; baseline -0.004 -11"><span class='ocrx_word' id='word_1_444' title='bbox 1964 2073 2166 2122; x_wconf 78' lang='lat' dir='ltr'><strong>tequunt</strong></span> <span class='ocrx_word' id='word_1_445' title='bbox 2191 2064 2240 2111; x_wconf 84' lang='lat' dir='ltr'><strong>et</strong></span> <span class='ocrx_word' id='word_1_446' title='bbox 2267 2055 2490 2112; x_wconf 84' lang='lat' dir='ltr'><strong>bonum!</strong></span> <span class='ocrx_word' id='word_1_447' title='bbox 2527 2053 2876 2122; x_wconf 89' lang='lat' dir='ltr'><strong>universique</strong></span> <span class='ocrx_word' id='word_1_448' title='bbox 2906 2052 3059 2124; x_wconf 90' lang='lat' dir='ltr'><strong>quasi</strong></span> <span class='ocrx_word' id='word_1_449' title='bbox 3090 2051 3160 2108; x_wconf 86' lang='lat' dir='ltr'><strong>de</strong></span> <span class='ocrx_word' id='word_1_450' title='bbox 3210 2052 3333 2122; x_wconf 91' lang='lat' dir='ltr'><strong>ipso</strong></span> <span class='ocrx_word' id='word_1_451' title='bbox 3357 2051 3562 2108; x_wconf 90' lang='lat' dir='ltr'><strong>dictum</strong></span> 
     </span>
    </p>
   </div>
   <div class='ocr_carea' id='block_1_65' title="bbox 1967 2143 3563 2218">
    <p class='ocr_par' dir='ltr' id='par_1_65' title="bbox 1967 2143 3563 2218">
     <span class='ocr_line' id='line_1_66' title="bbox 1967 2143 3563 2218; baseline -0.004 -12"><span class='ocrx_word' id='word_1_452' title='bbox 1967 2158 2115 2206; x_wconf 87' lang='lat' dir='ltr'><strong>esset</strong></span> <span class='ocrx_word' id='word_1_453' title='bbox 2145 2148 2492 2205; x_wconf 81' lang='lat' dir='ltr'><strong>exsultantes</strong></span> <span class='ocrx_word' id='word_1_454' title='bbox 2541 2147 3020 2218; x_wconf 87' lang='lat' dir='ltr'><strong>approbavissent,</strong></span> <span class='ocrx_word' id='word_1_455' title='bbox 3069 2143 3299 2200; x_wconf 69' lang='lat' dir='ltr'><strong>“statim</strong></span> <span class='ocrx_word' id='word_1_456' title='bbox 3342 2143 3563 2215; x_wconf 90' lang='lat' dir='ltr'><strong>quidem</strong></span> 
     </span>
    </p>
   </div>
   <div class='ocr_carea' id='block_1_66' title="bbox 1966 2239 3566 2314">
    <p class='ocr_par' dir='ltr' id='par_1_66' title="bbox 1966 2239 3566 2314">
     <span class='ocr_line' id='line_1_67' title="bbox 1966 2239 3566 2314; baseline -0.004 -16"><span class='ocrx_word' id='word_1_457' title='bbox 1966 2259 2128 2298; x_wconf 83' lang='lat' dir='ltr'><strong>manu</strong></span> <span class='ocrx_word' id='word_1_458' title='bbox 2156 2243 2418 2314; x_wconf 92' lang='lat' dir='ltr'><strong>vultuque</strong></span> <span class='ocrx_word' id='word_1_459' title='bbox 2460 2239 2752 2296; x_wconf 88' lang='lat' dir='ltr'><strong>indecoras</strong></span> <span class='ocrx_word' id='word_1_460' title='bbox 2799 2239 3144 2295; x_wconf 87' lang='lat' dir='ltr'><strong>adulationes</strong></span> <span class='ocrx_word' id='word_1_461' title='bbox 3194 2239 3480 2308; x_wconf 87' lang='lat' dir='ltr'><strong>repressit,</strong></span> <span class='ocrx_word' id='word_1_462' title='bbox 3511 2245 3566 2292; x_wconf 92' lang='lat' dir='ltr'><strong>ct</strong></span> 
     </span>
    </p>
   </div>
   <div class='ocr_carea' id='block_1_67' title="bbox 1965 2331 3567 2409">
    <p class='ocr_par' dir='ltr' id='par_1_67' title="bbox 1965 2331 3567 2409">
     <span class='ocr_line' id='line_1_68' title="bbox 1965 2331 3567 2409; baseline -0.005 -15"><span class='ocrx_word' id='word_1_463' title='bbox 1965 2335 2275 2409; x_wconf 88' lang='lat' dir='ltr'><strong>insequenti</strong></span> <span class='ocrx_word' id='word_1_464' title='bbox 2295 2335 2388 2392; x_wconf 93' lang='lat' dir='ltr'><strong>die</strong></span> <span class='ocrx_word' id='word_1_465' title='bbox 2407 2335 2728 2408; x_wconf 88' lang='lat' dir='ltr'><strong>gravissimo</strong></span> <span class='ocrx_word' id='word_1_466' title='bbox 2747 2333 3014 2404; x_wconf 89' lang='lat' dir='ltr'><strong>corripuit</strong></span> <span class='ocrx_word' id='word_1_467' title='bbox 3034 2333 3235 2402; x_wconf 91' lang='lat' dir='ltr'><strong>edicto,</strong></span> <span class='ocrx_word' id='word_1_468' title='bbox 3259 2331 3567 2388; x_wconf 90' lang='lat' dir='ltr'><strong>dominum-</strong></span> 
     </span>
    </p>
   </div>
   <div class='ocr_carea' id='block_1_68' title="bbox 1965 2423 3569 2503">
    <p class='ocr_par' dir='ltr' id='par_1_68' title="bbox 1965 2423 3569 2503">
     <span class='ocr_line' id='line_1_69' title="bbox 1965 2423 3569 2503; baseline -0.004 -17"><span class='ocrx_word' id='word_1_469' title='bbox 1965 2445 2070 2503; x_wconf 88' lang='lat' dir='ltr'><strong>que</strong></span> <span class='ocrx_word' id='word_1_470' title='bbox 2099 2445 2162 2488; x_wconf 91' lang='lat' dir='ltr'><strong>se</strong></span> <span class='ocrx_word' id='word_1_471' title='bbox 2190 2431 2212 2463; x_wconf 88' lang='lat'><em>&quot;</em></span> <span class='ocrx_word' id='word_1_472' title='bbox 2239 2431 2471 2502; x_wconf 89' lang='lat' dir='ltr'><strong>posthac</strong></span> <span class='ocrx_word' id='word_1_473' title='bbox 2525 2427 2789 2501; x_wconf 87' lang='lat' dir='ltr'><strong>appellari</strong></span> <span class='ocrx_word' id='word_1_474' title='bbox 2835 2442 2905 2485; x_wconf 90' lang='lat' dir='ltr'><strong>ne</strong></span> <span class='ocrx_word' id='word_1_475' title='bbox 2934 2441 2965 2483; x_wconf 90' lang='lat' dir='ltr'><strong>a</strong></span> <span class='ocrx_word' id='word_1_476' title='bbox 2997 2425 3186 2485; x_wconf 87' lang='lat' dir='ltr'><strong>liberis</strong></span> <span class='ocrx_word' id='word_1_477' title='bbox 3209 2423 3428 2498; x_wconf 92' lang='lat' dir='ltr'><strong>quidem</strong></span> <span class='ocrx_word' id='word_1_478' title='bbox 3473 2431 3569 2480; x_wconf 90' lang='lat' dir='ltr'><strong>aut</strong></span> 
     </span>
    </p>
   </div>
   <div class='ocr_carea' id='block_1_69' title="bbox 1967 2519 3566 2594">
    <p class='ocr_par' dir='ltr' id='par_1_69' title="bbox 1967 2519 3566 2594">
     <span class='ocr_line' id='line_1_70' title="bbox 1967 2519 3566 2594; baseline -0.004 -14"><span class='ocrx_word' id='word_1_479' title='bbox 1967 2524 2256 2594; x_wconf 89' lang='lat' dir='ltr'><strong>nepotibus</strong></span> <span class='ocrx_word' id='word_1_480' title='bbox 2284 2523 2421 2590; x_wconf 88' lang='lat' dir='ltr'><strong>suis,</strong></span> <span class='ocrx_word' id='word_1_481' title='bbox 2454 2524 2540 2580; x_wconf 88' lang='lat' dir='ltr'><strong>vel</strong></span> <span class='ocrx_word' id='word_1_482' title='bbox 2569 2523 2717 2580; x_wconf 89' lang='lat' dir='ltr'><strong>serio</strong></span> <span class='ocrx_word' id='word_1_483' title='bbox 2743 2523 2828 2580; x_wconf 88' lang='lat' dir='ltr'><strong>vel</strong></span> <span class='ocrx_word' id='word_1_484' title='bbox 2853 2521 3004 2594; x_wconf 90' lang='lat' dir='ltr'><strong>joco,</strong></span> <span class='ocrx_word' id='word_1_485' title='bbox 3038 2535 3234 2594; x_wconf 88' lang='lat' dir='ltr'><strong>passus</strong></span> <span class='ocrx_word' id='word_1_486' title='bbox 3257 2532 3366 2577; x_wconf 89' lang='lat' dir='ltr'><strong>est.</strong></span> <span class='ocrx_word' id='word_1_487' title='bbox 3398 2519 3566 2592; x_wconf 87' lang='lat' dir='ltr'><strong>Igitur</strong></span> 
     </span>
    </p>
   </div>
   <div class='ocr_carea' id='block_1_70' title="bbox 1966 2611 3568 2688">
    <p class='ocr_par' dir='ltr' id='par_1_70' title="bbox 1966 2611 3568 2688">
     <span class='ocr_line' id='line_1_71' title="bbox 1966 2611 3568 2688; baseline -0.002 -15"><span class='ocrx_word' id='word_1_488' title='bbox 1966 2617 2067 2673; x_wconf 64' lang='lat' dir='ltr'><strong>“eo</strong></span> <span class='ocrx_word' id='word_1_489' title='bbox 2091 2626 2358 2688; x_wconf 88' lang='lat' dir='ltr'><strong>tempore,</strong></span> <span class='ocrx_word' id='word_1_490' title='bbox 2374 2616 2428 2672; x_wconf 92' lang='lat' dir='ltr'><strong>id</strong></span> <span class='ocrx_word' id='word_1_491' title='bbox 2450 2623 2537 2673; x_wconf 89' lang='lat' dir='ltr'><strong>est</strong></span> <span class='ocrx_word' id='word_1_492' title='bbox 2555 2611 2621 2672; x_wconf 72' lang='lat' dir='ltr'><strong>eo</strong></span> <span class='ocrx_word' id='word_1_493' title='bbox 2645 2631 2790 2672; x_wconf 89' lang='lat' dir='ltr'><strong>anno</strong></span> <span class='ocrx_word' id='word_1_494' title='bbox 2812 2631 2922 2688; x_wconf 91' lang='lat' dir='ltr'><strong>quo</strong></span> <span class='ocrx_word' id='word_1_495' title='bbox 2946 2615 3314 2672; x_wconf 86' lang='lat' dir='ltr'><strong>firmissimam</strong></span> <span class='ocrx_word' id='word_1_496' title='bbox 3341 2613 3568 2671; x_wconf 81' lang='lat' dir='ltr'><strong>verissi-</strong></span> 
     </span>
    </p>
   </div>
   <div class='ocr_carea' id='block_1_71' title="bbox 1966 2707 3570 2782">
    <p class='ocr_par' dir='ltr' id='par_1_71' title="bbox 1966 2707 3570 2782">
     <span class='ocr_line' id='line_1_72' title="bbox 1966 2707 3570 2782; baseline -0.003 -16"><span class='ocrx_word' id='word_1_497' title='bbox 1966 2724 2219 2782; x_wconf 90' lang='lat' dir='ltr'><strong>mamque</strong></span> <span class='ocrx_word' id='word_1_498' title='bbox 2240 2724 2431 2782; x_wconf 90' lang='lat' dir='ltr'><strong>pacem</strong></span> <span class='ocrx_word' id='word_1_499' title='bbox 2460 2708 2804 2766; x_wconf 89' lang='lat' dir='ltr'><strong>ordinatione</strong></span> <span class='ocrx_word' id='word_1_500' title='bbox 2819 2709 2912 2765; x_wconf 86' lang='lat' dir='ltr'><strong>Dei</strong></span> <span class='ocrx_word' id='word_1_501' title='bbox 2926 2708 3114 2765; x_wconf 87' lang='lat' dir='ltr'><strong>Caesar</strong></span> <span class='ocrx_word' id='word_1_502' title='bbox 3131 2707 3465 2779; x_wconf 90' lang='lat' dir='ltr'><strong>composuit,</strong></span> <span class='ocrx_word' id='word_1_503' title='bbox 3480 2720 3570 2761; x_wconf 84' lang='lat' dir='ltr'><strong>na-</strong></span> 
     </span>
    </p>
   </div>
   <div class='ocr_carea' id='block_1_72' title="bbox 1965 2800 3566 2874">
    <p class='ocr_par' dir='ltr' id='par_1_72' title="bbox 1965 2800 3566 2874">
     <span class='ocr_line' id='line_1_73' title="bbox 1965 2800 3566 2874; baseline -0.002 -15"><span class='ocrx_word' id='word_1_504' title='bbox 1965 2813 2052 2859; x_wconf 89' lang='lat' dir='ltr'><strong>tus</strong></span> <span class='ocrx_word' id='word_1_505' title='bbox 2075 2801 2444 2872; x_wconf 84' lang='lat' dir='ltr'><strong>estChriStus,</strong></span> <span class='ocrx_word' id='word_1_506' title='bbox 2461 2801 2619 2873; x_wconf 90' lang='lat' dir='ltr'><strong>cujus</strong></span> <span class='ocrx_word' id='word_1_507' title='bbox 2641 2801 2896 2858; x_wconf 89' lang='lat' dir='ltr'><strong>adventui</strong></span> <span class='ocrx_word' id='word_1_508' title='bbox 2921 2816 3030 2874; x_wconf 86' lang='lat' dir='ltr'><strong>pax</strong></span> <span class='ocrx_word' id='word_1_509' title='bbox 3054 2803 3155 2858; x_wconf 86' lang='lat' dir='ltr'><strong>ista</strong></span> <span class='ocrx_word' id='word_1_510' title='bbox 3183 2800 3445 2856; x_wconf 84' lang='lat' dir='ltr'><strong>famulata</strong></span> <span class='ocrx_word' id='word_1_511' title='bbox 3460 2806 3566 2866; x_wconf 90' lang='lat' dir='ltr'><strong>est,</strong></span> 
     </span>
    </p>
   </div>
   <div class='ocr_carea' id='block_1_73' title="bbox 1967 2892 3568 2970">
    <p class='ocr_par' dir='ltr' id='par_1_73' title="bbox 1967 2892 3568 2970">
     <span class='ocr_line' id='line_1_74' title="bbox 1967 2892 3568 2970; baseline -0.003 -15"><span class='ocrx_word' id='word_1_512' title='bbox 1967 2898 2020 2955; x_wconf 94' lang='lat' dir='ltr'><strong>in</strong></span> <span class='ocrx_word' id='word_1_513' title='bbox 2033 2898 2186 2970; x_wconf 89' lang='lat' dir='ltr'><strong>cujus</strong></span> <span class='ocrx_word' id='word_1_514' title='bbox 2198 2908 2322 2955; x_wconf 90' lang='lat' dir='ltr'><strong>ortu</strong></span> <span class='ocrx_word' id='word_1_515' title='bbox 2332 2898 2680 2956; x_wconf 87' lang='lat' dir='ltr'><strong>audientibus</strong></span> <span class='ocrx_word' id='word_1_516' title='bbox 2692 2896 3005 2953; x_wconf 89' lang='lat' dir='ltr'><strong>hominibus</strong></span> <span class='ocrx_word' id='word_1_517' title='bbox 3033 2895 3368 2952; x_wconf 82' lang='lat' dir='ltr'><strong>exsultantes</strong></span> <span class='ocrx_word' id='word_1_518' title='bbox 3387 2892 3568 2965; x_wconf 85' lang='lat' dir='ltr'><strong>angeli</strong></span> 
     </span>
    </p>
   </div>
   <div class='ocr_carea' id='block_1_74' title="bbox 1967 2989 3570 3065">
    <p class='ocr_par' dir='ltr' id='par_1_74' title="bbox 1967 2989 3570 3065">
     <span class='ocr_line' id='line_1_75' title="bbox 1967 2989 3570 3065; baseline -0.003 -15"><span class='ocrx_word' id='word_1_519' title='bbox 1967 2990 2486 3065; x_wconf 59' lang='lat' dir='ltr'><strong>Mceeinerunt:</strong></span> <span class='ocrx_word' id='word_1_520' title='bbox 2506 2989 2686 3049; x_wconf 88' lang='lat' dir='ltr'><strong>Gloria</strong></span> <span class='ocrx_word' id='word_1_521' title='bbox 2701 2991 2756 3046; x_wconf 91' lang='lat' dir='ltr'><strong>in</strong></span> <span class='ocrx_word' id='word_1_522' title='bbox 2773 2989 3006 3048; x_wconf 87' lang='lat' dir='ltr'><strong>excelsis</strong></span> <span class='ocrx_word' id='word_1_523' title='bbox 3022 2989 3158 3057; x_wconf 90' lang='lat' dir='ltr'><strong>Deo,</strong></span> <span class='ocrx_word' id='word_1_524' title='bbox 3172 2990 3294 3046; x_wconf 89' lang='lat' dir='ltr'><strong>etin</strong></span> <span class='ocrx_word' id='word_1_525' title='bbox 3307 2997 3450 3046; x_wconf 89' lang='lat' dir='ltr'><strong>terra</strong></span> <span class='ocrx_word' id='word_1_526' title='bbox 3466 3004 3570 3060; x_wconf 82' lang='lat' dir='ltr'><strong>pax</strong></span> 
     </span>
    </p>
   </div>
   <div class='ocr_carea' id='block_1_75' title="bbox 1970 3081 3565 3155">
    <p class='ocr_par' dir='ltr' id='par_1_75' title="bbox 1970 3081 3565 3155">
     <span class='ocr_line' id='line_1_76' title="bbox 1970 3081 3565 3155; baseline -0.001 -15"><span class='ocrx_word' id='word_1_527' title='bbox 1970 3083 2284 3142; x_wconf 90' lang='lat' dir='ltr'><strong>hominibus</strong></span> <span class='ocrx_word' id='word_1_528' title='bbox 2305 3084 2466 3142; x_wconf 80' lang='lat' dir='ltr'><strong>home</strong></span> <span class='ocrx_word' id='word_1_529' title='bbox 2488 3083 2809 3140; x_wconf 83' lang='lat' dir='ltr'><strong>voluntatis.</strong></span> <span class='ocrx_word' id='word_1_530' title='bbox 2835 3082 3155 3155; x_wconf 87' lang='lat' dir='ltr'><strong>Eodemque</strong></span> <span class='ocrx_word' id='word_1_531' title='bbox 3179 3091 3423 3153; x_wconf 87' lang='lat' dir='ltr'><strong>tempore</strong></span> <span class='ocrx_word' id='word_1_532' title='bbox 3453 3081 3565 3151; x_wconf 92' lang='lat' dir='ltr'><strong>hic,</strong></span> 
     </span>
    </p>
   </div>
   <div class='ocr_carea' id='block_1_76' title="bbox 1970 3176 3569 3252">
    <p class='ocr_par' dir='ltr' id='par_1_76' title="bbox 1970 3176 3569 3252">
     <span class='ocr_line' id='line_1_77' title="bbox 1970 3176 3569 3252; baseline -0.001 -18"><span class='ocrx_word' id='word_1_533' title='bbox 1970 3179 2038 3235; x_wconf 93' lang='lat' dir='ltr'><strong>ad</strong></span> <span class='ocrx_word' id='word_1_534' title='bbox 2067 3193 2232 3252; x_wconf 91' lang='lat' dir='ltr'><strong>quem</strong></span> <span class='ocrx_word' id='word_1_535' title='bbox 2259 3195 2444 3236; x_wconf 91' lang='lat' dir='ltr'><strong>rerum</strong></span> <span class='ocrx_word' id='word_1_536' title='bbox 2472 3179 2716 3235; x_wconf 92' lang='lat' dir='ltr'><strong>omnium</strong></span> <span class='ocrx_word' id='word_1_537' title='bbox 2747 3192 2961 3234; x_wconf 87' lang='lat' dir='ltr'><strong>summa</strong></span> <span class='ocrx_word' id='word_1_538' title='bbox 2987 3186 3362 3244; x_wconf 84' lang='lat' dir='ltr'><strong>concesserat,</strong></span> <span class='ocrx_word' id='word_1_539' title='bbox 3390 3176 3569 3233; x_wconf 86' lang='lat' dir='ltr'><strong>domi-</strong></span> 
     </span>
    </p>
   </div>
   <div class='ocr_carea' id='block_1_77' title="bbox 1972 3271 3573 3345">
    <p class='ocr_par' dir='ltr' id='par_1_77' title="bbox 1972 3271 3573 3345">
     <span class='ocr_line' id='line_1_78' title="bbox 1972 3271 3573 3345; baseline -0.001 -15"><span class='ocrx_word' id='word_1_540' title='bbox 1972 3289 2104 3330; x_wconf 92' lang='lat' dir='ltr'><strong>num</strong></span> <span class='ocrx_word' id='word_1_541' title='bbox 2143 3287 2206 3331; x_wconf 87' lang='lat' dir='ltr'><strong>se</strong></span> <span class='ocrx_word' id='word_1_542' title='bbox 2253 3272 2541 3330; x_wconf 86' lang='lat' dir='ltr'><strong>hominum</strong></span> <span class='ocrx_word' id='word_1_543' title='bbox 2568 3272 2833 3345; x_wconf 88' lang='lat' dir='ltr'><strong>appellari</strong></span> <span class='ocrx_word' id='word_1_544' title='bbox 2880 3287 2992 3329; x_wconf 90' lang='lat' dir='ltr'><strong>non</strong></span> <span class='ocrx_word' id='word_1_545' title='bbox 3034 3287 3229 3344; x_wconf 87' lang='lat' dir='ltr'><strong>passus</strong></span> <span class='ocrx_word' id='word_1_546' title='bbox 3256 3282 3375 3338; x_wconf 86' lang='lat' dir='ltr'><strong>est;</strong></span> <span class='ocrx_word' id='word_1_547' title='bbox 3406 3271 3573 3328; x_wconf 89' lang='lat' dir='ltr'><strong>immo</strong></span> 
     </span>
    </p>
   </div>
   <div class='ocr_carea' id='block_1_78' title="bbox 1974 3363 3570 3437">
    <p class='ocr_par' dir='ltr' id='par_1_78' title="bbox 1974 3363 3570 3437">
     <span class='ocr_line' id='line_1_79' title="bbox 1974 3363 3570 3437; baseline -0.003 -15"><span class='ocrx_word' id='word_1_548' title='bbox 1974 3379 2084 3422; x_wconf 92' lang='lat' dir='ltr'><strong>non</strong></span> <span class='ocrx_word' id='word_1_549' title='bbox 2125 3379 2294 3422; x_wconf 87' lang='lat' dir='ltr'><strong>ausus</strong></span> <span class='ocrx_word' id='word_1_550' title='bbox 2317 3407 2332 3434; x_wconf 96' lang='lat'><strong>,</strong></span> <span class='ocrx_word' id='word_1_551' title='bbox 2371 3380 2481 3437; x_wconf 90' lang='lat' dir='ltr'><strong>quo</strong></span> <span class='ocrx_word' id='word_1_552' title='bbox 2507 3379 2672 3422; x_wconf 89' lang='lat' dir='ltr'><strong>verus</strong></span> <span class='ocrx_word' id='word_1_553' title='bbox 2705 3363 2960 3422; x_wconf 87' lang='lat' dir='ltr'><strong>dominus</strong></span> <span class='ocrx_word' id='word_1_554' title='bbox 3003 3363 3172 3421; x_wconf 90' lang='lat' dir='ltr'><strong>totius</strong></span> <span class='ocrx_word' id='word_1_555' title='bbox 3204 3363 3424 3437; x_wconf 88' lang='lat' dir='ltr'><strong>generis</strong></span> <span class='ocrx_word' id='word_1_556' title='bbox 3472 3364 3570 3419; x_wconf 86' lang='lat' dir='ltr'><strong>lm-</strong></span> 
     </span>
    </p>
   </div>
   <div class='ocr_carea' id='block_1_79' title="bbox 1974 3456 3575 3530">
    <p class='ocr_par' dir='ltr' id='par_1_79' title="bbox 1974 3456 3575 3530">
     <span class='ocr_line' id='line_1_80' title="bbox 1974 3456 3575 3530; baseline 0 -16"><span class='ocrx_word' id='word_1_557' title='bbox 1974 3459 2122 3514; x_wconf 88' lang='lat' dir='ltr'><strong>mani</strong></span> <span class='ocrx_word' id='word_1_558' title='bbox 2153 3459 2295 3515; x_wconf 88' lang='lat' dir='ltr'><strong>inter</strong></span> <span class='ocrx_word' id='word_1_559' title='bbox 2329 3456 2588 3514; x_wconf 89' lang='lat' dir='ltr'><strong>homines</strong></span> <span class='ocrx_word' id='word_1_560' title='bbox 2617 3465 2776 3515; x_wconf 92' lang='lat' dir='ltr'><strong>natus</strong></span> <span class='ocrx_word' id='word_1_561' title='bbox 2806 3465 2911 3516; x_wconf 87' lang='lat' dir='ltr'><strong>est.</strong></span> <span class='ocrx_word' id='word_1_562' title='bbox 2946 3456 3154 3514; x_wconf 84' lang='lat' dir='ltr'><strong>Eodem</strong></span> <span class='ocrx_word' id='word_1_563' title='bbox 3184 3471 3401 3530; x_wconf 88' lang='lat' dir='ltr'><strong>quoque</strong></span> <span class='ocrx_word' id='word_1_564' title='bbox 3429 3473 3575 3514; x_wconf 89' lang='lat' dir='ltr'><strong>anno</strong></span> 
     </span>
    </p>
   </div>
   <div class='ocr_carea' id='block_1_80' title="bbox 1974 3548 3574 3621">
    <p class='ocr_par' dir='ltr' id='par_1_80' title="bbox 1974 3548 3574 3621">
     <span class='ocr_line' id='line_1_81' title="bbox 1974 3548 3574 3621; baseline -0.001 -15"><span class='ocrx_word' id='word_1_565' title='bbox 1974 3559 2103 3607; x_wconf 91' lang='lat' dir='ltr'><strong>tunc</strong></span> <span class='ocrx_word' id='word_1_566' title='bbox 2134 3551 2369 3621; x_wconf 89' lang='lat' dir='ltr'><strong>primum</strong></span> <span class='ocrx_word' id='word_1_567' title='bbox 2399 3549 2544 3605; x_wconf 90' lang='lat' dir='ltr'><strong>idem</strong></span> <span class='ocrx_word' id='word_1_568' title='bbox 2567 3548 2774 3618; x_wconf 74' lang='lat' dir='ltr'><strong>Ctesar,</strong></span> <span class='ocrx_word' id='word_1_569' title='bbox 2801 3563 2964 3621; x_wconf 89' lang='lat' dir='ltr'><strong>quem</strong></span> <span class='ocrx_word' id='word_1_570' title='bbox 2991 3549 3078 3605; x_wconf 87' lang='lat' dir='ltr'><strong>bis</strong></span> <span class='ocrx_word' id='word_1_571' title='bbox 3101 3550 3266 3605; x_wconf 91' lang='lat' dir='ltr'><strong>tantis</strong></span> <span class='ocrx_word' id='word_1_572' title='bbox 3296 3548 3574 3621; x_wconf 85' lang='lat' dir='ltr'><strong>mysteriis</strong></span> 
     </span>
    </p>
   </div>
   <div class='ocr_carea' id='block_1_81' title="bbox 1974 3643 3574 3716">
    <p class='ocr_par' dir='ltr' id='par_1_81' title="bbox 1974 3643 3574 3716">
     <span class='ocr_line' id='line_1_82' title="bbox 1974 3643 3574 3716; baseline 0.001 -18"><span class='ocrx_word' id='word_1_573' title='bbox 1974 3647 1995 3678; x_wconf 79' lang='lat'><strong><em>°</em></strong></span> <span class='ocrx_word' id='word_1_574' title='bbox 2027 3643 2519 3715; x_wconf 76' lang='lat' dir='ltr'><strong>przedestinaverat</strong></span> <span class='ocrx_word' id='word_1_575' title='bbox 2555 3643 2725 3713; x_wconf 85' lang='lat' dir='ltr'><strong>Deus,</strong></span> <span class='ocrx_word' id='word_1_576' title='bbox 2769 3644 2814 3680; x_wconf 81' lang='grc'><strong>¹⁰</strong></span> <span class='ocrx_word' id='word_1_577' title='bbox 2856 3657 3078 3701; x_wconf 83' lang='lat' dir='ltr'><strong>censum</strong></span> <span class='ocrx_word' id='word_1_578' title='bbox 3116 3645 3200 3716; x_wconf 88' lang='lat' dir='ltr'><strong>agi</strong></span> <span class='ocrx_word' id='word_1_579' title='bbox 3238 3643 3574 3716; x_wconf 88' lang='lat' dir='ltr'><strong>singularum</strong></span> 
     </span>
    </p>
   </div>
   <div class='ocr_carea' id='block_1_82' title="bbox 1975 3733 3578 3807">
    <p class='ocr_par' dir='ltr' id='par_1_82' title="bbox 1975 3733 3578 3807">
     <span class='ocr_line' id='line_1_83' title="bbox 1975 3733 3578 3807; baseline -0.001 -17"><span class='ocrx_word' id='word_1_580' title='bbox 1975 3734 2178 3807; x_wconf 89' lang='lat' dir='ltr'><strong>ubique</strong></span> <span class='ocrx_word' id='word_1_581' title='bbox 2220 3733 2667 3806; x_wconf 83' lang='lat' dir='ltr'><strong>provinciarum,</strong></span> <span class='ocrx_word' id='word_1_582' title='bbox 2721 3741 2780 3790; x_wconf 91' lang='lat' dir='ltr'><strong>et</strong></span> <span class='ocrx_word' id='word_1_583' title='bbox 2825 3733 3042 3792; x_wconf 88' lang='lat' dir='ltr'><strong>censeri</strong></span> <span class='ocrx_word' id='word_1_584' title='bbox 3091 3748 3283 3790; x_wconf 87' lang='lat' dir='ltr'><strong>omnes</strong></span> <span class='ocrx_word' id='word_1_585' title='bbox 3326 3733 3578 3791; x_wconf 87' lang='lat' dir='ltr'><strong>homines</strong></span> 
     </span>
    </p>
   </div>
   <div class='ocr_carea' id='block_1_83' title="bbox 1974 3827 3581 3902">
    <p class='ocr_par' dir='ltr' id='par_1_83' title="bbox 1974 3827 3581 3902">
     <span class='ocr_line' id='line_1_84' title="bbox 1974 3827 3581 3902; baseline -0.002 -15"><span class='ocrx_word' id='word_1_586' title='bbox 1974 3829 2157 3902; x_wconf 88' lang='lat' dir='ltr'><strong>jussit,</strong></span> <span class='ocrx_word' id='word_1_587' title='bbox 2181 3829 2398 3901; x_wconf 89' lang='lat' dir='ltr'><strong>quando</strong></span> <span class='ocrx_word' id='word_1_588' title='bbox 2433 3839 2487 3885; x_wconf 92' lang='lat' dir='ltr'><strong>et</strong></span> <span class='ocrx_word' id='word_1_589' title='bbox 2517 3829 2663 3886; x_wconf 91' lang='lat' dir='ltr'><strong>Deus</strong></span> <span class='ocrx_word' id='word_1_590' title='bbox 2703 3827 2871 3885; x_wconf 92' lang='lat' dir='ltr'><strong>homo</strong></span> <span class='ocrx_word' id='word_1_591' title='bbox 2902 3827 3106 3898; x_wconf 88' lang='lat' dir='ltr'><strong>videri,</strong></span> <span class='ocrx_word' id='word_1_592' title='bbox 3153 3836 3210 3885; x_wconf 89' lang='lat' dir='ltr'><strong>et</strong></span> <span class='ocrx_word' id='word_1_593' title='bbox 3234 3842 3359 3886; x_wconf 88' lang='lat' dir='ltr'><strong>esse</strong></span> <span class='ocrx_word' id='word_1_594' title='bbox 3387 3829 3581 3901; x_wconf 87' lang='lat' dir='ltr'><strong>digna-</strong></span> 
     </span>
    </p>
   </div>
   <div class='ocr_carea' id='block_1_84' title="bbox 1981 3921 3582 3994">
    <p class='ocr_par' dir='ltr' id='par_1_84' title="bbox 1981 3921 3582 3994">
     <span class='ocr_line' id='line_1_85' title="bbox 1981 3921 3582 3994; baseline -0.001 -14"><span class='ocrx_word' id='word_1_595' title='bbox 1981 3933 2069 3980; x_wconf 90' lang='lat' dir='ltr'><strong>tus</strong></span> <span class='ocrx_word' id='word_1_596' title='bbox 2117 3933 2221 3981; x_wconf 90' lang='lat' dir='ltr'><strong>est.</strong></span> <span class='ocrx_word' id='word_1_597' title='bbox 2272 3923 2432 3980; x_wconf 86' lang='lat' dir='ltr'><strong>Tunc</strong></span> <span class='ocrx_word' id='word_1_598' title='bbox 2481 3921 2652 3994; x_wconf 89' lang='lat' dir='ltr'><strong>igitur</strong></span> <span class='ocrx_word' id='word_1_599' title='bbox 2687 3932 2846 3980; x_wconf 87' lang='lat' dir='ltr'><strong>natus</strong></span> <span class='ocrx_word' id='word_1_600' title='bbox 2886 3932 2971 3980; x_wconf 83' lang='lat' dir='ltr'><strong>est</strong></span> <span class='ocrx_word' id='word_1_601' title='bbox 3011 3921 3293 3991; x_wconf 83' lang='lat' dir='ltr'><strong>Christus,</strong></span> <span class='ocrx_word' id='word_1_602' title='bbox 3333 3921 3582 3979; x_wconf 80' lang='lat' dir='ltr'><strong>Romano</strong></span> 
     </span>
    </p>
   </div>
   <div class='ocr_carea' id='block_1_85' title="bbox 1982 4015 3578 4089">
    <p class='ocr_par' dir='ltr' id='par_1_85' title="bbox 1982 4015 3578 4089">
     <span class='ocr_line' id='line_1_86' title="bbox 1982 4015 3578 4089; baseline -0.003 -13"><span class='ocrx_word' id='word_1_603' title='bbox 1982 4018 2170 4076; x_wconf 89' lang='lat' dir='ltr'><strong>censui</strong></span> <span class='ocrx_word' id='word_1_604' title='bbox 2197 4016 2384 4074; x_wconf 90' lang='lat' dir='ltr'><strong>statim</strong></span> <span class='ocrx_word' id='word_1_605' title='bbox 2409 4016 2679 4089; x_wconf 90' lang='lat' dir='ltr'><strong>ascriptus</strong></span> <span class='ocrx_word' id='word_1_606' title='bbox 2701 4025 2763 4072; x_wconf 92' lang='lat' dir='ltr'><strong>ut</strong></span> <span class='ocrx_word' id='word_1_607' title='bbox 2791 4027 2953 4073; x_wconf 86' lang='lat' dir='ltr'><strong>natus</strong></span> <span class='ocrx_word' id='word_1_608' title='bbox 2980 4025 3085 4073; x_wconf 91' lang='lat' dir='ltr'><strong>est.</strong></span> <span class='ocrx_word' id='word_1_609' title='bbox 3133 4015 3262 4072; x_wconf 61' lang='lat' dir='ltr'><strong>Haec</strong></span> <span class='ocrx_word' id='word_1_610' title='bbox 3289 4023 3376 4073; x_wconf 89' lang='lat' dir='ltr'><strong>est</strong></span> <span class='ocrx_word' id='word_1_611' title='bbox 3402 4015 3578 4088; x_wconf 88' lang='lat' dir='ltr'><strong>prima</strong></span> 
     </span>
    </p>
   </div>
   <div class='ocr_carea' id='block_1_86' title="bbox 1985 4109 3584 4182">
    <p class='ocr_par' dir='ltr' id='par_1_86' title="bbox 1985 4109 3584 4182">
     <span class='ocr_line' id='line_1_87' title="bbox 1985 4109 3584 4182; baseline -0.002 -14"><span class='ocrx_word' id='word_1_612' title='bbox 1985 4111 2080 4168; x_wconf 90' lang='lat' dir='ltr'><strong>illa</strong></span> <span class='ocrx_word' id='word_1_613' title='bbox 2111 4110 2528 4182; x_wconf 90' lang='lat' dir='ltr'><strong>elarlssimaque</strong></span> <span class='ocrx_word' id='word_1_614' title='bbox 2565 4109 2854 4181; x_wconf 82' lang='lat' dir='ltr'><strong>professio,</strong></span> <span class='ocrx_word' id='word_1_615' title='bbox 2885 4125 3004 4182; x_wconf 67' lang='lat' dir='ltr'><strong>qua:</strong></span> <span class='ocrx_word' id='word_1_616' title='bbox 3025 4109 3298 4167; x_wconf 65' lang='lat' dir='ltr'><strong>Caesarem</strong></span> <span class='ocrx_word' id='word_1_617' title='bbox 3335 4110 3584 4166; x_wconf 88' lang='lat' dir='ltr'><strong>omnium</strong></span> 
     </span>
    </p>
   </div>
   <div class='ocr_carea' id='block_1_87' title="bbox 1983 4202 3576 4277">
    <p class='ocr_par' dir='ltr' id='par_1_87' title="bbox 1983 4202 3576 4277">
     <span class='ocr_line' id='line_1_88' title="bbox 1983 4202 3576 4277; baseline -0.001 -16"><span class='ocrx_word' id='word_1_618' title='bbox 1983 4205 2308 4277; x_wconf 89' lang='lat' dir='ltr'><strong>principem,</strong></span> <span class='ocrx_word' id='word_1_619' title='bbox 2349 4203 2740 4274; x_wconf 82' lang='lat' dir='ltr'><strong>Romanosque</strong></span> <span class='ocrx_word' id='word_1_620' title='bbox 2767 4218 2956 4260; x_wconf 87' lang='lat' dir='ltr'><strong>rerum</strong></span> <span class='ocrx_word' id='word_1_621' title='bbox 2984 4202 3241 4261; x_wconf 89' lang='lat' dir='ltr'><strong>dominos</strong></span> <span class='ocrx_word' id='word_1_622' title='bbox 3259 4203 3576 4277; x_wconf 88' lang='lat' dir='ltr'><strong>singillatim</strong></span> 
     </span>
    </p>
   </div>
   <div class='ocr_carea' id='block_1_88' title="bbox 1986 4294 3586 4370">
    <p class='ocr_par' dir='ltr' id='par_1_88' title="bbox 1986 4294 3586 4370">
     <span class='ocr_line' id='line_1_89' title="bbox 1986 4294 3586 4370; baseline -0.001 -13"><span class='ocrx_word' id='word_1_623' title='bbox 1986 4307 2304 4357; x_wconf 90' lang='lat' dir='ltr'><strong>cunctorum</strong></span> <span class='ocrx_word' id='word_1_624' title='bbox 2347 4294 2630 4352; x_wconf 91' lang='lat' dir='ltr'><strong>hominum</strong></span> <span class='ocrx_word' id='word_1_625' title='bbox 2671 4295 2819 4353; x_wconf 88' lang='lat' dir='ltr'><strong>edita</strong></span> <span class='ocrx_word' id='word_1_626' title='bbox 2847 4296 3183 4368; x_wconf 86' lang='lat' dir='ltr'><strong>ascriptione</strong></span> <span class='ocrx_word' id='word_1_627' title='bbox 3212 4296 3477 4370; x_wconf 89' lang='lat' dir='ltr'><strong>signavit,</strong></span> <span class='ocrx_word' id='word_1_628' title='bbox 3528 4297 3586 4355; x_wconf 90' lang='lat' dir='ltr'><strong>in</strong></span> 
     </span>
    </p>
   </div>
   <div class='ocr_carea' id='block_1_89' title="bbox 1987 4387 3584 4464">
    <p class='ocr_par' dir='ltr' id='par_1_89' title="bbox 1987 4387 3584 4464">
     <span class='ocr_line' id='line_1_90' title="bbox 1987 4387 3584 4464; baseline -0.001 -16"><span class='ocrx_word' id='word_1_629' title='bbox 1987 4406 2094 4464; x_wconf 84' lang='lat' dir='ltr'><strong>qua</strong></span> <span class='ocrx_word' id='word_1_630' title='bbox 2117 4404 2180 4446; x_wconf 86' lang='lat' dir='ltr'><strong>se</strong></span> <span class='ocrx_word' id='word_1_631' title='bbox 2206 4398 2263 4445; x_wconf 92' lang='lat' dir='ltr'><strong>et</strong></span> <span class='ocrx_word' id='word_1_632' title='bbox 2291 4389 2428 4460; x_wconf 85' lang='lat' dir='ltr'><strong>ipse,</strong></span> <span class='ocrx_word' id='word_1_633' title='bbox 2463 4388 2701 4459; x_wconf 91' lang='lat' dir='ltr'><strong>quicum</strong></span> <span class='ocrx_word' id='word_1_634' title='bbox 2725 4396 2959 4446; x_wconf 92' lang='lat' dir='ltr'><strong>cunctos</strong></span> <span class='ocrx_word' id='word_1_635' title='bbox 2987 4387 3235 4446; x_wconf 87' lang='lat' dir='ltr'><strong>homines</strong></span> <span class='ocrx_word' id='word_1_636' title='bbox 3253 4388 3402 4458; x_wconf 90' lang='lat' dir='ltr'><strong>fecit,</strong></span> <span class='ocrx_word' id='word_1_637' title='bbox 3435 4389 3584 4447; x_wconf 86' lang='lat' dir='ltr'><strong>inve-</strong></span> 
     </span>
    </p>
   </div>
   <div class='ocr_carea' id='block_1_90' title="bbox 1991 4479 3583 4555">
    <p class='ocr_par' dir='ltr' id='par_1_90' title="bbox 1991 4479 3583 4555">
     <span class='ocr_line' id='line_1_91' title="bbox 1991 4479 3583 4555; baseline -0.001 -12"><span class='ocrx_word' id='word_1_638' title='bbox 1991 4485 2099 4544; x_wconf 85' lang='lat' dir='ltr'><strong>niri</strong></span> <span class='ocrx_word' id='word_1_639' title='bbox 2120 4482 2419 4552; x_wconf 90' lang='lat' dir='ltr'><strong>hominem,</strong></span> <span class='ocrx_word' id='word_1_640' title='bbox 2445 4479 2758 4555; x_wconf 88' lang='lat' dir='ltr'><strong>ascrihique</strong></span> <span class='ocrx_word' id='word_1_641' title='bbox 2783 4480 2926 4538; x_wconf 88' lang='lat' dir='ltr'><strong>inter</strong></span> <span class='ocrx_word' id='word_1_642' title='bbox 2949 4481 3195 4540; x_wconf 91' lang='lat' dir='ltr'><strong>homines</strong></span> <span class='ocrx_word' id='word_1_643' title='bbox 3220 4481 3410 4540; x_wconf 90' lang='lat' dir='ltr'><strong>voluit.</strong></span> <span class='ocrx_word' id='word_1_644' title='bbox 3429 4481 3583 4553; x_wconf 87' lang='lat' dir='ltr'><strong>Quod</strong></span> 
     </span>
    </p>
   </div>
   <div class='ocr_carea' id='block_1_91' title="bbox 1557 4600 3587 4670">
    <p class='ocr_par' dir='ltr' id='par_1_91' title="bbox 1557 4600 3587 4670">
     <span class='ocr_line' id='line_1_92' title="bbox 1557 4600 3587 4670; baseline 0.006 -12"><span class='ocrx_word' id='word_1_645' title='bbox 1557 4601 1646 4660; x_wconf 75' lang='grc' dir='ltr'><strong>ΗΛ</strong></span> <span class='ocrx_word' id='word_1_646' title='bbox 1656 4602 2010 4666; x_wconf 79' lang='lat' dir='ltr'><strong>VERCAMPI</strong></span> <span class='ocrx_word' id='word_1_647' title='bbox 2046 4600 2281 4662; x_wconf 61' lang='lat' dir='ltr'><strong>NOTIE.</strong></span> <span class='ocrx_word' id='word_1_648' title='bbox 3489 4636 3491 4639; x_wconf 93' lang='grc'>·</span> <span class='ocrx_word' id='word_1_649' title='bbox 3530 4605 3587 4670; x_wconf 44' lang='grc'><strong>’³1</strong></span> 
     </span>
    </p>
   </div>
   <div class='ocr_carea' id='block_1_92' title="bbox 357 4691 3586 4771">
    <p class='ocr_par' dir='ltr' id='par_1_92' title="bbox 357 4691 3586 4771">
     <span class='ocr_line' id='line_1_93' title="bbox 357 4691 3586 4771; baseline 0.002 -24"><span class='ocrx_word' id='word_1_650' title='bbox 357 4691 450 4748; x_wconf 74' lang='lat' dir='ltr'><strong>2i.</strong></span> <span class='ocrx_word' id='word_1_651' title='bbox 491 4692 706 4771; x_wconf 83' lang='lat' dir='ltr'><strong>Coss_tts,</strong></span> <span class='ocrx_word' id='word_1_652' title='bbox 733 4691 866 4754; x_wconf 72' lang='lat' dir='ltr'><strong>dux.</strong></span> <span class='ocrx_word' id='word_1_653' title='bbox 899 4695 974 4752; x_wconf 76' lang='lat' dir='ltr'><strong>lie</strong></span> <span class='ocrx_word' id='word_1_654' title='bbox 1001 4695 1103 4752; x_wconf 86' lang='lat' dir='ltr'><strong>hoc</strong></span> <span class='ocrx_word' id='word_1_655' title='bbox 1120 4701 1178 4751; x_wconf 90' lang='lat' dir='ltr'><strong>et</strong></span> <span class='ocrx_word' id='word_1_656' title='bbox 1200 4693 1366 4752; x_wconf 90' lang='lat' dir='ltr'><strong>rebus</strong></span> <span class='ocrx_word' id='word_1_657' title='bbox 1386 4694 1456 4752; x_wconf 91' lang='lat' dir='ltr'><strong>ah</strong></span> <span class='ocrx_word' id='word_1_658' title='bbox 1476 4709 1544 4755; x_wconf 91' lang='lat' dir='ltr'><strong>eo</strong></span> <span class='ocrx_word' id='word_1_659' title='bbox 1563 4699 1753 4771; x_wconf 75' lang='lat' dir='ltr'><strong>geSIis,</strong></span> <span class='ocrx_word' id='word_1_660' title='bbox 1786 4701 1884 4761; x_wconf 88' lang='lat' dir='ltr'><strong>Dio</strong></span> <span class='ocrx_word' id='word_1_661' title='bbox 1909 4706 1964 4768; x_wconf 75' lang='grc' dir='ltr'><strong>ι)</strong></span> <span class='ocrx_word' id='word_1_662' title='bbox 2060 4700 2112 4755; x_wconf 80' lang='lat'><strong>5.</strong></span> <span class='ocrx_word' id='word_1_663' title='bbox 2133 4694 2612 4771; x_wconf 60' lang='grc' dir='ltr'><strong>Βαὸἱῃοξεξθηαρὲς.</strong></span> <span class='ocrx_word' id='word_1_664' title='bbox 2645 4693 2833 4751; x_wconf 86' lang='lat' dir='ltr'><strong>Nullus</strong></span> <span class='ocrx_word' id='word_1_665' title='bbox 2861 4709 2930 4752; x_wconf 90' lang='lat' dir='ltr'><strong>ex</strong></span> <span class='ocrx_word' id='word_1_666' title='bbox 2951 4707 3081 4771; x_wconf 83' lang='lat' dir='ltr'><strong>mss.</strong></span> <span class='ocrx_word' id='word_1_667' title='bbox 3113 4694 3362 4771; x_wconf 81' lang='lat' dir='ltr'><strong>agnoscit</strong></span> <span class='ocrx_word' id='word_1_668' title='bbox 3381 4769 3389 4771; x_wconf 81' lang='lat'><strong><em>_</em></strong></span> <span class='ocrx_word' id='word_1_669' title='bbox 3407 4697 3586 4754; x_wconf 68' lang='lat' dir='ltr'><strong>censio</strong></span> 
     </span>
    </p>
   </div>
   <div class='ocr_carea' id='block_1_93' title="bbox 286 4764 763 4822">
    <p class='ocr_par' dir='ltr' id='par_1_93' title="bbox 286 4764 763 4822">
     <span class='ocr_line' id='line_1_94' title="bbox 286 4764 763 4822; baseline 0 0"><span class='ocrx_word' id='word_1_670' title='bbox 286 4764 430 4822; x_wconf 83' lang='lat' dir='ltr'><strong>libro</strong></span> <span class='ocrx_word' id='word_1_671' title='bbox 465 4779 554 4821; x_wconf 76' lang='lat' dir='ltr'><strong>LV.</strong></span> <span class='ocrx_word' id='word_1_672' title='bbox 595 4764 763 4822; x_wconf 72' lang='lat' dir='ltr'><strong>FABR.</strong></span> 
     </span>
    </p>
   </div>
   <div class='ocr_carea' id='block_1_94' title="bbox 360 4835 1885 4908">
    <p class='ocr_par' dir='ltr' id='par_1_94' title="bbox 360 4835 1885 4908">
     <span class='ocr_line' id='line_1_95' title="bbox 360 4835 1885 4908; baseline 0.008 -17"><span class='ocrx_word' id='word_1_673' title='bbox 360 4835 453 4891; x_wconf 66' lang='grc'><strong>22.</strong></span> <span class='ocrx_word' id='word_1_674' title='bbox 495 4836 676 4908; x_wconf 81' lang='lat' dir='ltr'><strong>Legati</strong></span> <span class='ocrx_word' id='word_1_675' title='bbox 723 4837 1004 4895; x_wconf 84' lang='lat' dir='ltr'><strong>ludorum.</strong></span> <span class='ocrx_word' id='word_1_676' title='bbox 1035 4836 1237 4897; x_wconf 82' lang='lat' dir='ltr'><strong>Confer</strong></span> <span class='ocrx_word' id='word_1_677' title='bbox 1279 4845 1439 4896; x_wconf 87' lang='lat' dir='ltr'><strong>notas</strong></span> <span class='ocrx_word' id='word_1_678' title='bbox 1476 4838 1784 4901; x_wconf 88' lang='lat' dir='ltr'><strong>Casauboni</strong></span> <span class='ocrx_word' id='word_1_679' title='bbox 1817 4845 1885 4903; x_wconf 90' lang='lat' dir='ltr'><strong>ad</strong></span> 
     </span>
    </p>
   </div>
   <div class='ocr_carea' id='block_1_95' title="bbox 286 4908 970 4981">
    <p class='ocr_par' dir='ltr' id='par_1_95' title="bbox 286 4908 970 4981">
     <span class='ocr_line' id='line_1_96' title="bbox 286 4908 970 4981; baseline -0.001 -14"><span class='ocrx_word' id='word_1_680' title='bbox 286 4908 540 4981; x_wconf 70' lang='lat' dir='ltr'><strong>Suetonii</strong></span> <span class='ocrx_word' id='word_1_681' title='bbox 563 4911 704 4981; x_wconf 78' lang='lat' dir='ltr'><strong>Aug.</strong></span> <span class='ocrx_word' id='word_1_682' title='bbox 726 4925 851 4980; x_wconf 90' lang='lat' dir='ltr'><strong>cap.</strong></span> <span class='ocrx_word' id='word_1_683' title='bbox 878 4911 970 4968; x_wconf 72' lang='lat' dir='ltr'><strong>9f.</strong></span> 
     </span>
    </p>
   </div>
   <div class='ocr_carea' id='block_1_96' title="bbox 331 4979 1885 5108">
    <p class='ocr_par' dir='ltr' id='par_1_96' title="bbox 331 4979 1885 5108">
     <span class='ocr_line' id='line_1_97' title="bbox 331 4979 1885 5108; baseline 0.006 -73"><span class='ocrx_word' id='word_1_684' title='bbox 331 4979 835 5108; x_wconf 44' lang='lat' dir='ltr'><strong>(giaggra&#39;quod.</strong></span> <span class='ocrx_word' id='word_1_685' title='bbox 861 4982 1032 5056; x_wconf 84' lang='lat' dir='ltr'><strong>Lugd.</strong></span> <span class='ocrx_word' id='word_1_686' title='bbox 1059 4982 1203 5041; x_wconf 87' lang='lat' dir='ltr'><strong>Batt.</strong></span> <span class='ocrx_word' id='word_1_687' title='bbox 1230 4991 1341 5044; x_wconf 89' lang='lat' dir='ltr'><strong>tres</strong></span> <span class='ocrx_word' id='word_1_688' title='bbox 1362 4996 1419 5044; x_wconf 88' lang='lat' dir='ltr'><strong>et</strong></span> <span class='ocrx_word' id='word_1_689' title='bbox 1445 4984 1584 5047; x_wconf 90' lang='lat' dir='ltr'><strong>Coll.</strong></span> <span class='ocrx_word' id='word_1_690' title='bbox 1611 4984 1885 5059; x_wconf 82' lang='lat' dir='ltr'><strong>Gt&#39;onov.,</strong></span> 
     </span>
    </p>
   </div>
   <div class='ocr_carea' id='block_1_97' title="bbox 289 5062 592 5123">
    <p class='ocr_par' dir='ltr' id='par_1_97' title="bbox 289 5062 592 5123">
     <span class='ocr_line' id='line_1_98' title="bbox 289 5062 592 5123; baseline -0.007 -15"><span class='ocrx_word' id='word_1_691' title='bbox 289 5062 436 5108; x_wconf 81' lang='lat' dir='ltr'><strong>ultra</strong></span> <span class='ocrx_word' id='word_1_692' title='bbox 470 5069 592 5123; x_wconf 85' lang='lat' dir='ltr'><strong>quo.</strong></span> 
     </span>
    </p>
   </div>
   <div class='ocr_carea' id='block_1_98' title="bbox 362 5124 1705 5198">
    <p class='ocr_par' dir='ltr' id='par_1_98' title="bbox 362 5124 1705 5198">
     <span class='ocr_line' id='line_1_99' title="bbox 362 5124 1705 5198; baseline 0.007 -19"><span class='ocrx_word' id='word_1_693' title='bbox 362 5124 455 5198; x_wconf 53' lang='grc' dir='ltr'><strong>ἓξ.</strong></span> <span class='ocrx_word' id='word_1_694' title='bbox 489 5126 655 5198; x_wconf 84' lang='lat' dir='ltr'><strong>Quem</strong></span> <span class='ocrx_word' id='word_1_695' title='bbox 683 5124 841 5193; x_wconf 82' lang='lat' dir='ltr'><strong>sicut,</strong></span> <span class='ocrx_word' id='word_1_696' title='bbox 873 5135 982 5198; x_wconf 91' lang='lat' dir='ltr'><strong>etc.</strong></span> <span class='ocrx_word' id='word_1_697' title='bbox 1019 5125 1192 5195; x_wconf 88' lang='lat' dir='ltr'><strong>Supra</strong></span> <span class='ocrx_word' id='word_1_698' title='bbox 1225 5127 1319 5185; x_wconf 93' lang='lat' dir='ltr'><strong>lib.</strong></span> <span class='ocrx_word' id='word_1_699' title='bbox 1350 5146 1430 5197; x_wconf 85' lang='lat' dir='ltr'><strong>ut,</strong></span> <span class='ocrx_word' id='word_1_700' title='bbox 1458 5145 1582 5198; x_wconf 87' lang='lat' dir='ltr'><strong>cap.</strong></span> <span class='ocrx_word' id='word_1_701' title='bbox 1613 5132 1705 5191; x_wconf 74' lang='lat'><strong>20.</strong></span> 
     </span>
    </p>
   </div>
   <div class='ocr_carea' id='block_1_99' title="bbox 363 5196 1888 5276">
    <p class='ocr_par' dir='ltr' id='par_1_99' title="bbox 363 5196 1888 5276">
     <span class='ocr_line' id='line_1_100' title="bbox 363 5196 1888 5276; baseline 0.005 -23"><span class='ocrx_word' id='word_1_702' title='bbox 363 5196 455 5276; x_wconf 73' lang='lat'><strong>25.</strong></span> <span class='ocrx_word' id='word_1_703' title='bbox 497 5197 1244 5276; x_wconf 56' lang='lat' dir='ltr'><strong>Respirationclassitudinis.</strong></span> <span class='ocrx_word' id='word_1_704' title='bbox 1287 5200 1464 5276; x_wconf 86' lang='lat' dir='ltr'><strong>Lugd.</strong></span> <span class='ocrx_word' id='word_1_705' title='bbox 1511 5196 1655 5260; x_wconf 85' lang='lat' dir='ltr'><strong>Batt.</strong></span> <span class='ocrx_word' id='word_1_706' title='bbox 1703 5217 1786 5276; x_wconf 90' lang='lat' dir='ltr'><strong>pr.</strong></span> <span class='ocrx_word' id='word_1_707' title='bbox 1831 5211 1888 5262; x_wconf 87' lang='lat' dir='ltr'><strong>et</strong></span> 
     </span>
    </p>
   </div>
   <div class='ocr_carea' id='block_1_100' title="bbox 291 5269 1201 5340">
    <p class='ocr_par' dir='ltr' id='par_1_100' title="bbox 291 5269 1201 5340">
     <span class='ocr_line' id='line_1_101' title="bbox 291 5269 1201 5340; baseline 0.001 -14"><span class='ocrx_word' id='word_1_708' title='bbox 291 5275 445 5340; x_wconf 74' lang='lat' dir='ltr'><strong>tert.,</strong></span> <span class='ocrx_word' id='word_1_709' title='bbox 479 5283 596 5340; x_wconf 66' lang='lat' dir='ltr'><strong>cum</strong></span> <span class='ocrx_word' id='word_1_710' title='bbox 618 5270 859 5340; x_wconf 81' lang='lat' dir='ltr'><strong>quadam</strong></span> <span class='ocrx_word' id='word_1_711' title='bbox 873 5269 1201 5327; x_wconf 79' lang='lat' dir='ltr'><strong>lassitudine.</strong></span> 
     </span>
    </p>
   </div>
   <div class='ocr_carea' id='block_1_101' title="bbox 290 5337 1888 5469">
    <p class='ocr_par' dir='ltr' id='par_1_101' title="bbox 290 5337 1888 5469">
     <span class='ocr_line' id='line_1_102' title="bbox 290 5337 1888 5469; baseline 0.006 -77"><span class='ocrx_word' id='word_1_712' title='bbox 290 5337 776 5469; x_wconf 28' lang='lat' dir='ltr'><strong>“uiciumque.</strong></span> <span class='ocrx_word' id='word_1_713' title='bbox 803 5340 1067 5414; x_wconf 87' lang='lat' dir='ltr'><strong>Copulam</strong></span> <span class='ocrx_word' id='word_1_714' title='bbox 1094 5358 1204 5401; x_wconf 93' lang='lat' dir='ltr'><strong>non</strong></span> <span class='ocrx_word' id='word_1_715' title='bbox 1232 5347 1483 5417; x_wconf 87' lang='lat' dir='ltr'><strong>agnoscit</strong></span> <span class='ocrx_word' id='word_1_716' title='bbox 1509 5344 1678 5404; x_wconf 86' lang='lat' dir='ltr'><strong>editio</strong></span> <span class='ocrx_word' id='word_1_717' title='bbox 1703 5345 1888 5418; x_wconf 83' lang='lat' dir='ltr'><strong>Augu-</strong></span> 
     </span>
    </p>
   </div>
   <div class='ocr_carea' id='block_1_102' title="bbox 366 5483 1890 5563">
    <p class='ocr_par' dir='ltr' id='par_1_102' title="bbox 366 5483 1890 5563">
     <span class='ocr_line' id='line_1_103' title="bbox 366 5483 1890 5563; baseline 0.005 -24"><span class='ocrx_word' id='word_1_718' title='bbox 366 5483 460 5540; x_wconf 73' lang='grc'><strong>27.</strong></span> <span class='ocrx_word' id='word_1_719' title='bbox 489 5483 570 5540; x_wconf 77' lang='lat' dir='ltr'><strong>Ad</strong></span> <span class='ocrx_word' id='word_1_720' title='bbox 590 5484 865 5544; x_wconf 80' lang='lat' dir='ltr'><strong>Ctesarcm.</strong></span> <span class='ocrx_word' id='word_1_721' title='bbox 891 5485 968 5543; x_wconf 86' lang='lat' dir='ltr'><strong>Ex</strong></span> <span class='ocrx_word' id='word_1_722' title='bbox 992 5487 1238 5560; x_wconf 86' lang='lat' dir='ltr'><strong>Lugdun.</strong></span> <span class='ocrx_word' id='word_1_723' title='bbox 1273 5491 1418 5546; x_wconf 85' lang='lat' dir='ltr'><strong>Datt.</strong></span> <span class='ocrx_word' id='word_1_724' title='bbox 1445 5488 1657 5563; x_wconf 85' lang='lat' dir='ltr'><strong>aliquot</strong></span> <span class='ocrx_word' id='word_1_725' title='bbox 1681 5490 1890 5550; x_wconf 88' lang='lat' dir='ltr'><strong>addunt</strong></span> 
     </span>
    </p>
   </div>
   <div class='ocr_carea' id='block_1_103' title="bbox 293 5569 549 5611">
    <p class='ocr_par' dir='ltr' id='par_1_103' title="bbox 293 5569 549 5611">
     <span class='ocr_line' id='line_1_104' title="bbox 293 5569 549 5611; baseline -0.004 0"><span class='ocrx_word' id='word_1_726' title='bbox 293 5569 464 5611; x_wconf 72' lang='grc' dir='ltr'><strong>γευεη</strong></span> <span class='ocrx_word' id='word_1_727' title='bbox 470 5573 530 5611; x_wconf 68' lang='lat'><strong>318</strong></span> <span class='ocrx_word' id='word_1_728' title='bbox 537 5598 549 5610; x_wconf 91' lang='lat'><strong>.</strong></span> 
     </span>
    </p>
   </div>
   <div class='ocr_carea' id='block_1_104' title="bbox 368 5626 1890 5713">
    <p class='ocr_par' dir='ltr' id='par_1_104' title="bbox 368 5626 1890 5713">
     <span class='ocr_line' id='line_1_105' title="bbox 368 5626 1890 5713; baseline 0.005 -30"><span class='ocrx_word' id='word_1_729' title='bbox 368 5626 506 5711; x_wconf 64' lang='lat' dir='ltr'><strong>Car.</strong></span> <span class='ocrx_word' id='word_1_730' title='bbox 531 5627 774 5713; x_wconf 52' lang='lat' dir='ltr'><strong>§XII.—-_-</strong></span> <span class='ocrx_word' id='word_1_731' title='bbox 800 5632 858 5713; x_wconf 83' lang='lat' dir='ltr'><strong>I._</strong></span> <span class='ocrx_word' id='word_1_732' title='bbox 870 5629 1056 5713; x_wconf 69' lang='lat' dir='ltr'><strong>Itaque</strong></span> <span class='ocrx_word' id='word_1_733' title='bbox 1083 5635 1243 5713; x_wconf 73' lang='lat' dir='ltr'><strong>anno,</strong></span> <span class='ocrx_word' id='word_1_734' title='bbox 1264 5643 1374 5713; x_wconf 78' lang='lat' dir='ltr'><strong>etc.</strong></span> <span class='ocrx_word' id='word_1_735' title='bbox 1404 5632 1464 5713; x_wconf 72' lang='lat' dir='ltr'><strong>In</strong></span> <span class='ocrx_word' id='word_1_736' title='bbox 1495 5635 1890 5713; x_wconf 83' lang='lat' dir='ltr'><strong>omnibus_ma-</strong></span> 
     </span>
    </p>
   </div>
   <div class='ocr_carea' id='block_1_105' title="bbox 297 5703 1894 5781">
    <p class='ocr_par' dir='ltr' id='par_1_105' title="bbox 297 5703 1894 5781">
     <span class='ocr_line' id='line_1_106' title="bbox 297 5703 1894 5781; baseline 0.006 -27"><span class='ocrx_word' id='word_1_737' title='bbox 297 5703 598 5781; x_wconf 51' lang='lat' dir='ltr'><strong>{inscriptis</strong></span> <span class='ocrx_word' id='word_1_738' title='bbox 631 5710 689 5756; x_wconf 93' lang='lat' dir='ltr'><strong>ut</strong></span> <span class='ocrx_word' id='word_1_739' title='bbox 713 5703 1054 5781; x_wconf 32' lang='lat' dir='ltr'><strong>et-ed._Aug.</strong></span> <span class='ocrx_word' id='word_1_740' title='bbox 1100 5705 1376 5762; x_wconf 84' lang='lat' dir='ltr'><strong>invenitur</strong></span> <span class='ocrx_word' id='word_1_741' title='bbox 1403 5707 1598 5778; x_wconf 86' lang='lat' dir='ltr'><strong>itaque,</strong></span> <span class='ocrx_word' id='word_1_742' title='bbox 1630 5707 1777 5780; x_wconf 91' lang='lat' dir='ltr'><strong>quod</strong></span> <span class='ocrx_word' id='word_1_743' title='bbox 1805 5722 1894 5764; x_wconf 86' lang='lat' dir='ltr'><strong>re-</strong></span> 
     </span>
    </p>
   </div>
   <div class='ocr_carea' id='block_1_106' title="bbox 296 5768 1220 5842">
    <p class='ocr_par' dir='ltr' id='par_1_106' title="bbox 296 5768 1220 5842">
     <span class='ocr_line' id='line_1_107' title="bbox 296 5768 1220 5842; baseline 0.002 -14"><span class='ocrx_word' id='word_1_744' title='bbox 296 5768 432 5842; x_wconf 90' lang='lat' dir='ltr'><strong>liqui</strong></span> <span class='ocrx_word' id='word_1_745' title='bbox 460 5768 622 5828; x_wconf 85' lang='lat' dir='ltr'><strong>codd.</strong></span> <span class='ocrx_word' id='word_1_746' title='bbox 650 5775 848 5832; x_wconf 82' lang='lat' dir='ltr'><strong>exsilio</strong></span> <span class='ocrx_word' id='word_1_747' title='bbox 873 5768 1220 5833; x_wconf 72' lang='lat' dir='ltr'><strong>damnarunt.</strong></span> 
     </span>
    </p>
   </div>
   <div class='ocr_carea' id='block_1_107' title="bbox 370 5842 1895 5928">
    <p class='ocr_par' dir='ltr' id='par_1_107' title="bbox 370 5842 1895 5928">
     <span class='ocr_line' id='line_1_108' title="bbox 370 5842 1895 5928; baseline 0.008 -30"><span class='ocrx_word' id='word_1_748' title='bbox 370 5843 430 5928; x_wconf 48' lang='grc' dir='ltr'><strong>ετ</strong></span> <span class='ocrx_word' id='word_1_749' title='bbox 451 5842 579 5928; x_wconf 67' lang='lat' dir='ltr'><strong>Jani</strong></span> <span class='ocrx_word' id='word_1_750' title='bbox 601 5849 968 5928; x_wconf 60' lang='lat' dir='ltr'><strong>portastcrtio.</strong></span> <span class='ocrx_word' id='word_1_751' title='bbox 985 5850 1290 5928; x_wconf 60' lang='lat' dir='ltr'><strong>Augustum</strong></span> <span class='ocrx_word' id='word_1_752' title='bbox 1319 5849 1512 5908; x_wconf 83' lang='lat' dir='ltr'><strong>Janum</strong></span> <span class='ocrx_word' id='word_1_753' title='bbox 1536 5857 1618 5909; x_wconf 87' lang='lat' dir='ltr'><strong>ter</strong></span> <span class='ocrx_word' id='word_1_754' title='bbox 1633 5849 1895 5910; x_wconf 75' lang='lat' dir='ltr'><strong>clausisse</strong></span> 
     </span>
    </p>
   </div>
   <div class='ocr_carea' id='block_1_108' title="bbox 299 5913 1264 5980">
    <p class='ocr_par' dir='ltr' id='par_1_108' title="bbox 299 5913 1264 5980">
     <span class='ocr_line' id='line_1_109' title="bbox 299 5913 1264 5980; baseline 0.005 -8"><span class='ocrx_word' id='word_1_755' title='bbox 299 5913 611 5980; x_wconf 79' lang='lat' dir='ltr'><strong>Suetonius</strong></span> <span class='ocrx_word' id='word_1_756' title='bbox 622 5920 784 5978; x_wconf 88' lang='lat' dir='ltr'><strong>etiam</strong></span> <span class='ocrx_word' id='word_1_757' title='bbox 813 5913 1264 5980; x_wconf 53' lang='lat' dir='ltr'><strong>testaturstsn.</strong></span> 
     </span>
    </p>
   </div>
   <div class='ocr_carea' id='block_1_109' title="bbox 1987 4765 3590 4845">
    <p class='ocr_par' dir='ltr' id='par_1_109' title="bbox 1987 4765 3590 4845">
     <span class='ocr_line' id='line_1_110' title="bbox 1987 4765 3590 4845; baseline -0.001 -17"><span class='ocrx_word' id='word_1_758' title='bbox 1987 4770 2189 4845; x_wconf 78' lang='lat' dir='ltr'><strong>gnauit,</strong></span> <span class='ocrx_word' id='word_1_759' title='bbox 2221 4765 2365 4840; x_wconf 77' lang='lat' dir='ltr'><strong>quod</strong></span> <span class='ocrx_word' id='word_1_760' title='bbox 2391 4765 2451 4824; x_wconf 86' lang='lat' dir='ltr'><strong>in</strong></span> <span class='ocrx_word' id='word_1_761' title='bbox 2480 4765 2608 4824; x_wconf 89' lang='lat' dir='ltr'><strong>edd.</strong></span> <span class='ocrx_word' id='word_1_762' title='bbox 2641 4775 3003 4840; x_wconf 85' lang='lat' dir='ltr'><strong>praeterquam</strong></span> <span class='ocrx_word' id='word_1_763' title='bbox 3034 4767 3088 4824; x_wconf 94' lang='lat' dir='ltr'><strong>in</strong></span> <span class='ocrx_word' id='word_1_764' title='bbox 3117 4765 3346 4842; x_wconf 60' lang='lat' dir='ltr'><strong>A&#39;ugust.</strong></span> <span class='ocrx_word' id='word_1_765' title='bbox 3379 4769 3590 4827; x_wconf 86' lang='lat' dir='ltr'><strong>inveni-</strong></span> 
     </span>
    </p>
   </div>
   <div class='ocr_carea' id='block_1_110' title="bbox 1991 4855 3649 4984">
    <p class='ocr_par' dir='ltr' id='par_1_110' title="bbox 1991 4855 3649 4984">
     <span class='ocr_line' id='line_1_111' title="bbox 1991 4855 3649 4984; baseline 0.001 -14"><span class='ocrx_word' id='word_1_766' title='bbox 1991 4855 2116 4972; x_wconf 56' lang='grc' dir='ltr'><strong>ωἳ.</strong></span> <span class='ocrx_word' id='word_1_767' title='bbox 2175 4909 2412 4984; x_wconf 63' lang='lat' dir='ltr'><strong>Domini</strong></span> <span class='ocrx_word' id='word_1_768' title='bbox 2439 4908 2863 4984; x_wconf 61' lang='lat' dir='ltr'><strong>appellatitytent.</strong></span> <span class='ocrx_word' id='word_1_769' title='bbox 2922 4909 3052 4968; x_wconf 62' lang='lat' dir='ltr'><strong>Haec</strong></span> <span class='ocrx_word' id='word_1_770' title='bbox 3125 4912 3405 4984; x_wconf 83' lang='lat' dir='ltr'><strong>descripta</strong></span> <span class='ocrx_word' id='word_1_771' title='bbox 3460 4921 3589 4972; x_wconf 84' lang='lat' dir='ltr'><strong>sunt</strong></span> <span class='ocrx_word' id='word_1_772' title='bbox 3644 4879 3649 4895; x_wconf 40' lang='grc' dir='ltr'><strong>Ι</strong></span> 
     </span>
    </p>
   </div>
   <div class='ocr_carea' id='block_1_111' title="bbox 1989 4980 2864 5058">
    <p class='ocr_par' dir='ltr' id='par_1_111' title="bbox 1989 4980 2864 5058">
     <span class='ocr_line' id='line_1_112' title="bbox 1989 4980 2864 5058; baseline -0.009 -12"><span class='ocrx_word' id='word_1_773' title='bbox 1989 5002 2022 5046; x_wconf 91' lang='lat' dir='ltr'><strong>e</strong></span> <span class='ocrx_word' id='word_1_774' title='bbox 2047 4982 2364 5058; x_wconf 80' lang='lat' dir='ltr'><strong>Tranquilli</strong></span> <span class='ocrx_word' id='word_1_775' title='bbox 2385 4980 2654 5058; x_wconf 81' lang='lat' dir='ltr'><strong>Augusto.</strong></span> <span class='ocrx_word' id='word_1_776' title='bbox 2698 4980 2864 5058; x_wconf 65' lang='lat' dir='ltr'><strong>Esau.</strong></span> 
     </span>
    </p>
   </div>
   <div class='ocr_carea' id='block_1_112' title="bbox 2061 5051 3590 5129">
    <p class='ocr_par' dir='ltr' id='par_1_112' title="bbox 2061 5051 3590 5129">
     <span class='ocr_line' id='line_1_113' title="bbox 2061 5051 3590 5129; baseline 0.001 -17"><span class='ocrx_word' id='word_1_777' title='bbox 2061 5051 2452 5129; x_wconf 71' lang='lat' dir='ltr'><strong>5.1n&#39;quottam</strong></span> <span class='ocrx_word' id='word_1_778' title='bbox 2478 5051 2658 5129; x_wconf 71' lang='lat' dir='ltr'><strong>ntimo.</strong></span> <span class='ocrx_word' id='word_1_779' title='bbox 2698 5051 2900 5110; x_wconf 90' lang='lat' dir='ltr'><strong>Contra</strong></span> <span class='ocrx_word' id='word_1_780' title='bbox 2935 5069 3141 5129; x_wconf 82' lang='lat' dir='ltr'><strong>omnes</strong></span> <span class='ocrx_word' id='word_1_781' title='bbox 3173 5056 3404 5126; x_wconf 90' lang='lat' dir='ltr'><strong>scriptos</strong></span> <span class='ocrx_word' id='word_1_782' title='bbox 3459 5056 3590 5114; x_wconf 90' lang='lat' dir='ltr'><strong>fecit</strong></span> 
     </span>
    </p>
   </div>
   <div class='ocr_carea' id='block_1_113' title="bbox 1990 5125 3589 5201">
    <p class='ocr_par' dir='ltr' id='par_1_113' title="bbox 1990 5125 3589 5201">
     <span class='ocr_line' id='line_1_114' title="bbox 1990 5125 3589 5201; baseline 0 -15"><span class='ocrx_word' id='word_1_783' title='bbox 1990 5129 2109 5188; x_wconf 77' lang='lat' dir='ltr'><strong>litec</strong></span> <span class='ocrx_word' id='word_1_784' title='bbox 2129 5125 2414 5201; x_wconf 71' lang='lat' dir='ltr'><strong>Fabricius</strong></span> <span class='ocrx_word' id='word_1_785' title='bbox 2461 5142 2493 5180; x_wconf 90' lang='lat' dir='ltr'><strong>a</strong></span> <span class='ocrx_word' id='word_1_786' title='bbox 2519 5125 2766 5201; x_wconf 72' lang='lat' dir='ltr'><strong>quodam,</strong></span> <span class='ocrx_word' id='word_1_787' title='bbox 2794 5126 2948 5201; x_wconf 66' lang='lat' dir='ltr'><strong>quasi</strong></span> <span class='ocrx_word' id='word_1_788' title='bbox 2981 5128 3167 5201; x_wconf 55' lang='lat' dir='ltr'><strong>mimus</strong></span> <span class='ocrx_word' id='word_1_789' title='bbox 3215 5125 3324 5184; x_wconf 86' lang='lat' dir='ltr'><strong>non</strong></span> <span class='ocrx_word' id='word_1_790' title='bbox 3356 5129 3589 5201; x_wconf 79' lang='lat' dir='ltr'><strong>perinde</strong></span> 
     </span>
    </p>
   </div>
   <div class='ocr_carea' id='block_1_114' title="bbox 1990 5196 3270 5270">
    <p class='ocr_par' dir='ltr' id='par_1_114' title="bbox 1990 5196 3270 5270">
     <span class='ocr_line' id='line_1_115' title="bbox 1990 5196 3270 5270; baseline -0.006 -11"><span class='ocrx_word' id='word_1_791' title='bbox 1990 5200 2229 5259; x_wconf 83' lang='lat' dir='ltr'><strong>fabulam</strong></span> <span class='ocrx_word' id='word_1_792' title='bbox 2251 5196 2687 5270; x_wconf 11' lang='lat' dir='ltr'><strong>atquegact‘orem</strong></span> <span class='ocrx_word' id='word_1_793' title='bbox 2710 5197 3063 5268; x_wconf 87' lang='lat' dir='ltr'><strong>significaret.</strong></span> <span class='ocrx_word' id='word_1_794' title='bbox 3093 5196 3270 5270; x_wconf 69' lang='lat' dir='ltr'><strong>Laur.</strong></span> 
     </span>
    </p>
   </div>
   <div class='ocr_carea' id='block_1_115' title="bbox 2063 5266 3588 5342">
    <p class='ocr_par' dir='ltr' id='par_1_115' title="bbox 2063 5266 3588 5342">
     <span class='ocr_line' id='line_1_116' title="bbox 2063 5266 3588 5342; baseline -0.001 -12"><span class='ocrx_word' id='word_1_795' title='bbox 2063 5273 2119 5330; x_wconf 84' lang='lat'><strong>6.</strong></span> <span class='ocrx_word' id='word_1_796' title='bbox 2152 5266 2370 5330; x_wconf 68' lang='lat' dir='ltr'><strong>Statuit.</strong></span> <span class='ocrx_word' id='word_1_797' title='bbox 2406 5266 2726 5342; x_wconf 61' lang='lat' dir='ltr'><strong>Edit._Aug.</strong></span> <span class='ocrx_word' id='word_1_798' title='bbox 2759 5266 2808 5324; x_wconf 77' lang='grc' dir='ltr'><strong>ἐι</strong></span> <span class='ocrx_word' id='word_1_799' title='bbox 2835 5271 3031 5340; x_wconf 81' lang='lat' dir='ltr'><strong>statim,</strong></span> <span class='ocrx_word' id='word_1_800' title='bbox 3061 5286 3162 5328; x_wconf 91' lang='lat' dir='ltr'><strong>nec</strong></span> <span class='ocrx_word' id='word_1_801' title='bbox 3191 5269 3349 5329; x_wconf 90' lang='lat' dir='ltr'><strong>aliter</strong></span> <span class='ocrx_word' id='word_1_802' title='bbox 3367 5269 3421 5329; x_wconf 94' lang='lat' dir='ltr'><strong>in</strong></span> <span class='ocrx_word' id='word_1_803' title='bbox 3452 5287 3588 5332; x_wconf 87' lang='lat' dir='ltr'><strong>mss.</strong></span> 
     </span>
    </p>
   </div>
   <div class='ocr_carea' id='block_1_116' title="bbox 1994 5339 2806 5412">
    <p class='ocr_par' dir='ltr' id='par_1_116' title="bbox 1994 5339 2806 5412">
     <span class='ocr_line' id='line_1_117' title="bbox 1994 5339 2806 5412; baseline -0.01 -9"><span class='ocrx_word' id='word_1_804' title='bbox 1994 5346 2168 5403; x_wconf 90' lang='lat' dir='ltr'><strong>trihus</strong></span> <span class='ocrx_word' id='word_1_805' title='bbox 2199 5341 2528 5412; x_wconf 78' lang='lat' dir='ltr'><strong>Florentinis</strong></span> <span class='ocrx_word' id='word_1_806' title='bbox 2555 5339 2806 5412; x_wconf 68' lang='lat' dir='ltr'><strong>Mecilue.</strong></span> 
     </span>
    </p>
   </div>
   <div class='ocr_carea' id='block_1_117' title="bbox 2066 5411 3590 5490">
    <p class='ocr_par' dir='ltr' id='par_1_117' title="bbox 2066 5411 3590 5490">
     <span class='ocr_line' id='line_1_118' title="bbox 2066 5411 3590 5490; baseline 0 -18"><span class='ocrx_word' id='word_1_807' title='bbox 2066 5419 2122 5474; x_wconf 85' lang='lat'><strong>7.</strong></span> <span class='ocrx_word' id='word_1_808' title='bbox 2153 5415 2400 5473; x_wconf 80' lang='lat' dir='ltr'><strong>Posthac.</strong></span> <span class='ocrx_word' id='word_1_809' title='bbox 2431 5411 2606 5486; x_wconf 86' lang='lat' dir='ltr'><strong>Lugd.</strong></span> <span class='ocrx_word' id='word_1_810' title='bbox 2635 5411 2756 5470; x_wconf 82' lang='lat' dir='ltr'><strong>Bat.</strong></span> <span class='ocrx_word' id='word_1_811' title='bbox 2788 5413 2998 5486; x_wconf 89' lang='lat' dir='ltr'><strong>primus</strong></span> <span class='ocrx_word' id='word_1_812' title='bbox 3019 5423 3074 5472; x_wconf 89' lang='lat' dir='ltr'><strong>et</strong></span> <span class='ocrx_word' id='word_1_813' title='bbox 3101 5412 3190 5472; x_wconf 90' lang='lat' dir='ltr'><strong>ed.</strong></span> <span class='ocrx_word' id='word_1_814' title='bbox 3224 5413 3453 5490; x_wconf 80' lang='lat' dir='ltr'><strong>August.</strong></span> <span class='ocrx_word' id='word_1_815' title='bbox 3471 5425 3590 5490; x_wconf 85' lang='lat' dir='ltr'><strong>post</strong></span> 
     </span>
    </p>
   </div>
   <div class='ocr_carea' id='block_1_118' title="bbox 1995 5490 3372 5632">
    <p class='ocr_par' dir='ltr' id='par_1_118' title="bbox 1995 5490 3372 5632">
     <span class='ocr_line' id='line_1_119' title="bbox 1995 5490 3372 5632; baseline -0.001 -16"><span class='ocrx_word' id='word_1_816' title='bbox 1995 5490 2126 5618; x_wconf 56' lang='lat' dir='ltr'><strong>hwg:</strong></span> <span class='ocrx_word' id='word_1_817' title='bbox 2155 5557 2236 5632; x_wconf 64' lang='lat' dir='ltr'><strong>Eo</strong></span> <span class='ocrx_word' id='word_1_818' title='bbox 2257 5567 2502 5632; x_wconf 79' lang='lat' dir='ltr'><strong>tempore.</strong></span> <span class='ocrx_word' id='word_1_819' title='bbox 2527 5555 2660 5616; x_wconf 90' lang='lat' dir='ltr'><strong>Mss.</strong></span> <span class='ocrx_word' id='word_1_820' title='bbox 2685 5556 2895 5632; x_wconf 63' lang='lat' dir='ltr'><strong>aliquot</strong></span> <span class='ocrx_word' id='word_1_821' title='bbox 2917 5555 3107 5632; x_wconf 61' lang='lat' dir='ltr'><strong>cadent</strong></span> <span class='ocrx_word' id='word_1_822' title='bbox 3125 5565 3372 5631; x_wconf 80' lang='lat' dir='ltr'><strong>tempore.</strong></span> 
     </span>
    </p>
   </div>
   <div class='ocr_carea' id='block_1_119' title="bbox 2068 5626 3589 5706">
    <p class='ocr_par' dir='ltr' id='par_1_119' title="bbox 2068 5626 3589 5706">
     <span class='ocr_line' id='line_1_120' title="bbox 2068 5626 3589 5706; baseline 0.001 -17"><span class='ocrx_word' id='word_1_823' title='bbox 2068 5631 2124 5689; x_wconf 89' lang='lat'><strong>9.</strong></span> <span class='ocrx_word' id='word_1_824' title='bbox 2163 5626 2649 5688; x_wconf 79' lang='lat' dir='ltr'><strong>Prtedestinaverat.</strong></span> <span class='ocrx_word' id='word_1_825' title='bbox 2683 5626 2820 5687; x_wconf 77' lang='lat' dir='ltr'><strong>Tres</strong></span> <span class='ocrx_word' id='word_1_826' title='bbox 2856 5626 3032 5701; x_wconf 85' lang='lat' dir='ltr'><strong>Lugd.</strong></span> <span class='ocrx_word' id='word_1_827' title='bbox 3075 5626 3261 5698; x_wconf 51' lang='lat' dir='ltr'><strong>BattJ,</strong></span> <span class='ocrx_word' id='word_1_828' title='bbox 3303 5632 3589 5706; x_wconf 65' lang='lat' dir='ltr'><strong>priuigna-</strong></span> 
     </span>
    </p>
   </div>
   <div class='ocr_carea' id='block_1_120' title="bbox 1995 5714 3590 5909">
    <p class='ocr_par' dir='ltr' id='par_1_120' title="bbox 1995 5714 3590 5909">
     <span class='ocr_line' id='line_1_121' title="bbox 1995 5714 3590 5909; baseline 0.02 -94"><span class='ocrx_word' id='word_1_829' title='bbox 1995 5714 2170 5909; x_wconf 45' lang='lat' dir='ltr'><strong>Zeno”;</strong></span> <span class='ocrx_word' id='word_1_830' title='bbox 2203 5774 2427 5906; x_wconf 49' lang='lat' dir='ltr'><strong>gntum</strong></span> <span class='ocrx_word' id='word_1_831' title='bbox 2455 5773 2561 5850; x_wconf 85' lang='lat' dir='ltr'><strong>agi.</strong></span> <span class='ocrx_word' id='word_1_832' title='bbox 2606 5772 2817 5833; x_wconf 89' lang='lat' dir='ltr'><strong>Census</strong></span> <span class='ocrx_word' id='word_1_833' title='bbox 2863 5771 2953 5832; x_wconf 89' lang='lat' dir='ltr'><strong>hic</strong></span> <span class='ocrx_word' id='word_1_834' title='bbox 2995 5787 3029 5832; x_wconf 87' lang='lat' dir='ltr'><strong>e</strong></span> <span class='ocrx_word' id='word_1_835' title='bbox 3070 5771 3218 5834; x_wconf 82' lang='lat' dir='ltr'><strong>Luca</strong></span> <span class='ocrx_word' id='word_1_836' title='bbox 3252 5773 3388 5838; x_wconf 83' lang='lat' dir='ltr'><strong>satis</strong></span> <span class='ocrx_word' id='word_1_837' title='bbox 3427 5787 3590 5840; x_wconf 72' lang='lat' dir='ltr'><strong>notus</strong></span> 
     </span>
     <span class='ocr_line' id='line_1_122' title="bbox 2087 5865 2293 5908; baseline 0.034 -2"><span class='ocrx_word' id='word_1_838' title='bbox 2087 5887 2102 5906; x_wconf 90' lang='lat'><strong>.</strong></span> <span class='ocrx_word' id='word_1_839' title='bbox 2172 5865 2204 5908; x_wconf 76' lang='grc' dir='ltr'><strong>Α</strong></span> <span class='ocrx_word' id='word_1_840' title='bbox 2279 5887 2293 5903; x_wconf 79' lang='grc' dir='ltr'><strong><em>ο</em></strong></span> 
     </span>
    </p>
   </div>
   <div class='ocr_carea' id='block_1_121' title="bbox 1997 5865 2293 5909">
    <p class='ocr_par' dir='ltr' id='par_1_121' title="bbox 1997 5865 2293 5909">
     <span class='ocr_line' id='line_1_123' title="bbox 1997 5865 2293 5909; baseline -0.02 0"><span class='ocrx_word' id='word_1_841' title='bbox 1997 5865 2102 5909; x_wconf 69' lang='grc' dir='ltr'><strong>εει.</strong></span> <span class='ocrx_word' id='word_1_842' title='bbox 2128 5865 2158 5906; x_wconf 66' lang='grc' dir='ltr'><strong>ιε</strong></span> <span class='ocrx_word' id='word_1_843' title='bbox 2172 5865 2293 5908; x_wconf 69' lang='lat' dir='ltr'><strong>ABR.</strong></span> 
     </span>
    </p>
   </div>
  </div>
