4096 6350
561 309 700 370 1063

1949 310 2155 372 PAULI
2192 309 2416 371 OROSII

3709 273 3860 362 'tort

555 425 734 482 dentis
755 438 978 497 regnum
1004 423 1355 497 Babylonium
1370 433 1424 480 et
1447 425 1744 480 Romanum
1763 427 1886 497 jure
1908 427 2156 496 vocitari,
2185 431 2233 492 Α
2266 427 2370 482 lius
2408 439 2540 496 ergo
2578 423 2700 480 Nini
2743 437 2919 492 anno,
2975 428 3261 492 postquam
3300 432 3534 492 regnare
3585 427 3856 488 (mperat,

557 519 828 577 nemiuem
860 535 1112 591 umquam
1137 519 1416 576 dubitasse
1453 520 1587 576 scio.
1633 521 2031 580 Macedonicum
2073 540 2159 581 re-

557 629 720 685 gnum
735 613 834 670 sub
850 614 1236 683 Septentrione
1253 617 1273 648 ⁹
1290 628 1412 671 esse
1431 628 1554 670 cum
1578 614 1692 685 ipsa
1711 616 1832 673 caeli
1849 617 2025 690 plaga,
2045 627 2155 674 tum

558 704 854 762 Alexandri
878 705 1052 775 Magni
1079 720 1212 774 arm,
1242 707 1433 784 posita!
1460 722 1630 778 usque
1656 707 1724 765 ad
1751 723 1895 766 nunc
1922 710 2025 766 sub
2059 711 2156 766 Ri-

555 797 726 870 phaeis
745 798 1038 867 montibus,
1060 799 1278 856 docent.
1301 786 1684 872 Carthaginem
1721 816 1852 857 vero
1884 803 2156 859 universa:

557 892 931 964 prazcelluisse
953 890 1169 958 Africae,
1194 901 1382 965 etnon
1405 891 1580 948 solum
1606 892 1659 948 in
1686 892 1948 959 Siciliam,
1972 893 2155 951 Sardi-

555 986 723 1053 niam,
742 993 1073 1056 exterasque
1087 984 1400 1055 adjacentes
1418 983 1644 1053 inSulas,
1665 984 1758 1042 sed
1779 986 1942 1042 etiam
1966 987 2018 1043 in
2043 987 2158 1043 llis-

556 1076 770 1148 paniam
801 1076 954 1149 regni
987 1077 1247 1133 terminos
1278 1076 1594 1147 tetendisse,
1626 1077 1973 1134 historiarum
1996 1071 2184 1134 simul

555 1178 903 1226 monumenta
935 1168 1259 1240 urbiumque
1285 1169 1587 1227 declarant.
1617 1170 1831 1227 Dictum
1862 1181 1948 1228 est
1969 1173 2154 1240 etiam,

551 1271 778 1318 vastatas
805 1277 904 1333 per
926 1261 1112 1320 Medos
1139 1262 1472 1334 Babyloniw,
1503 1273 1556 1320 et
1578 1265 1800 1335 irrupue
1824 1280 1924 1338 per
1951 1264 2158 1322 Gothos

555 1353 762 1422 Romae,
799 1368 956 1426 pares
981 1355 1271 1412 admodum
1292 1371 1554 1413 annorum
1578 1372 1836 1414 numeros
1863 1358 1906 1390 ¹⁰
1926 1373 2156 1414 concur-

557 1449 712 1506 risse.
739 1447 893 1505 Nunc
913 1459 1094 1506 autem
1119 1451 1204 1506 his
1228 1451 1358 1507 illud
1381 1453 1602 1524 adjicio,
1625 1467 1735 1524 quo
1758 1454 1929 1525 magis
1952 1453 2160 1510 clareat

558 1558 723 1598 unum
745 1557 867 1598 esse
888 1542 1150 1600 arbitrum
1173 1545 1521 1610 smculurum,
1548 1560 1860 1618 regnorum,
1890 1547 2158 1602 locorum-

555 1652 662 1708 que
681 1636 923 1694 omnium
952 1639 1143 1696 Deum.
1170 1637 1414 1710 Regnum
1440 1638 1887 1710 Carthaginiense
1913 1654 1943 1694 a
1965 1639 2156 1696 condi-

556 1730 705 1787 tione
728 1746 899 1804 usque
925 1731 993 1787 ad
1019 1732 1356 1788 eversionem
1379 1732 1520 1803 ejus,
1553 1732 1712 1801 paulo
1737 1731 1969 1802 amplius
1994 1747 2154 1804 quam

2263 520 2307 552 ¹⁸
2318 518 2738 590 quadragesimo
2755 514 2916 573 tertio
2931 524 3090 570 natus
3107 523 3190 570 est
3209 524 3430 569 sanctus
3449 513 3544 568 ille
3559 511 3857 580 Abraham,

2261 614 2302 647 ¹⁹
2329 613 2417 669 cui
2442 612 2603 668 dictae
2631 623 2758 669 sunt
2785 613 2830 644 '°
2862 610 3344 681 repromissiones,
3378 622 3446 664 ex
3469 606 3627 678 cujus
3652 605 3862 662 semine

2258 713 2564 778 promissus
2603 716 2688 763 est
2715 705 3010 762 Christus:
3057 702 3256 760 deinde
3302 716 3448 757 nunc
3497 700 3660 772 pritni
3702 698 3861 755 istius

2260 798 2652 868 imperatorum
2690 797 2934 855 omnium
2966 796 3200 870 Augusti
3229 795 3466 852 Caesaris
3509 791 3786 865 (quamvis
3811 801 3863 847 ct

2260 907 2414 968 pater
2441 897 2563 968 ejus
2587 896 2773 952 Caesar
2797 895 2841 926 ’ί
2869 900 3105 950 metator
3126 890 3344 963 imperii
3367 890 3552 960 potius
3575 903 3742 960 quam
3767 888 3861 942 im-

2260 1000 2483 1061 perator
2514 989 2682 1061 5.56
2711 985 3032 1055 exstiterit),
3057 983 3296 1047 istius,”
3320 983 3561 1054 inquam,
3589 979 3856 1046 Cmsaris,

2259 1095 2614 1156 posteaquam
2640 1083 2910 1152 imperare
2934 1095 3021 1136 ea;
3031 1079 3128 1149 pit,
3150 1078 3198 1110 “
3219 1092 3446 1134 emenso
3467 1073 3860 1147 propemodum

2258 1194 2404 1236 anno
2434 1175 2854 1250 quadragesimo
2875 1173 3141 1238 secundo,
3167 1181 3326 1228 natus
3356 1181 3440 1228 est
3466 1171 3744 1232 Christus,
3774 1168 3861 1236 qui

2259 1271 2502 1328 Abraha:
2547 1271 2652 1325 sub
2687 1269 2825 1324 Nino
2874 1267 3052 1338 primo
3093 1281 3225 1337 rege
3262 1264 3437 1320 fuerat
3476 1263 3858 1334 rcpromissus.

2260 1363 2428 1419 Natus
2446 1369 2532 1419 est
2553 1371 2733 1417 autem
2758 1375 2833 1415 vn
2855 1359 3076 1414 kalend.
3100 1356 3365 1422 Januarii,
3385 1354 3608 1427 quando
3627 1353 3860 1425 primum

2260 1457 2602 1513 incrementa
2645 1453 2829 1511 omnia
2874 1452 3002 1509 anni
3044 1450 3318 1509 venientis
3347 1449 3640 1521 incipiunt.
3672 1447 3748 1503 Ita
3783 1448 3860 1502 la-

2259 1559 2403 1606 etum
2431 1557 2537 1616 est,
2572 1559 2630 1604 ut
2655 1563 2778 1603 cum
2809 1545 3091 1603 Abraham
3121 1545 3540 1618 quadragesimo
3570 1543 3740 1600 tertio
3769 1556 3864 1598 an-

2260 1657 2332 1700 no
2358 1652 2518 1698 natus
2548 1641 2655 1706 sit,
2692 1641 2796 1697 sub
2830 1641 2939 1696 line
2966 1638 3373 1711 quadragesimi
3403 1637 3634 1694 secundi
3666 1636 3863 1692 nativi-

2262 1745 2346 1792 tas
2379 1736 2584 1792 Christi
2627 1734 2676 1766 “
2718 1733 3038 1790 conveniret
3059 1774 3074 1798 ,
3107 1741 3165 1787 ut
3190 1731 3302 1803 jam
3331 1745 3440 1787 non
3473 1733 3592 1803 ipse
3621 1731 3674 1785 in
3709 1739 3862 1800 parte

558 1825 915 1896 septingentis
933 1825 1100 1900 455
1120 1825 1277 1880 anuis
1298 1825 1446 1880 Stetit
1475 1825 1718 1897 :j“;equc
1731 1840 1958 1896 regnum
1983 1825 2158 1881 Macc-
2193 1820 2238 1880 Β
2267 1832 2410 1888 tertii
2439 1831 2591 1898 anni,
2622 1829 2718 1886 sed
2750 1829 2802 1884 in
2833 1828 2954 1900 ipso
2984 1828 3169 1900 potius
3195 1827 3391 1882 tertius
3419 1840 3599 1881 annus
3619 1825 3668 1858 ³⁸
3693 1824 3865 1880 orire-

559 1917 814 1976 donicum
859 1935 888 1974 a
935 1918 1150 1976 Carano
1181 1933 1355 1990 usque
1398 1919 1466 1974 ad
1512 1917 1714 1974 Persen
1768 1919 1927 1986 paulo
1977 1918 2158 1975 minus

558 2031 720 2087 quam
743 2031 844 2072 nec
869 2033 882 2070 :
912 2025 1204 2087 utrumque
1232 2025 1412 2071 tamen
1429 2017 1774 2086 septenarius
1793 2015 1944 2071 "ille
1969 2030 2161 2072 nume-

557 2125 674 2181 rus,
699 2127 809 2183 quo
837 2110 882 2143 ⁸³
897 2109 1214 2181 judicantur
1236 2110 1420 2166 omnia
1441 2148 1458 2177 ,
1483 2109 1816 2166 terminavit.
1842 2109 2016 2164 Roma
2041 2109 2157 2180 ipsa

560 2202 725 2259 etiam
747 2243 762 2270 ,
793 2203 1042 2273 quamvis
1075 2201 1117 2234 ιθ
1156 2202 1222 2257 ad
1254 2201 1545 2258 adventum
1583 2201 1798 2257 Domini
1827 2202 2002 2258 nostri
2031 2202 2158 2258 Jesu

559 2294 764 2351 Christi
794 2295 1040 2366 perlecta
1068 2294 1466 2366 proveheretur
1496 2294 1748 2365 imperio,
1775 2305 1954 2351 tamen
1980 2295 2163 2365 paulu-

558 2387 704 2457 lum,
744 2396 802 2444 et
833 2387 953 2459 ipsa
997 2388 1040 2420 ⁸³
1083 2389 1136 2443 in
1171 2401 1404 2444 occursu
1449 2387 1664 2443 numeri
1713 2386 1872 2457 hujus
1910 2385 2157 2443 otl‘endit.

558 2482 697 2539 Nam
742 2481 1235 2554 septingentesimo
1282 2481 1612 2538 conditiOuis
1663 2495 1778 2536 sua:
1828 2495 1993 2546 anno,
2029 2495 2163 2552 qua-

561 2573 869 2633 tuordecim
901 2576 946 2608 ¹⁶
970 2575 1120 2632 vicos
1144 2575 1263 2645 ejus
1282 2615 1298 2640 ,
1327 2574 1597 2630 incertum
1630 2573 1776 2630 unde
1800 2589 2157 2644 consurgens,

559 2669 780 2726 ﬂamma
802 2669 1168 2740 consumpsit,
1202 2683 1304 2724 nec
1331 2683 1610 2739 umquam,
1641 2677 1698 2722 ut
1719 2667 1796 2722 ait
1817 2666 2024 2736 Livius,
2048 2680 2164 2722 ma-

555 2762 678 2835 jore
707 2763 963 2820 incendio
993 2771 1202 2819 vastata
1234 2773 1347 2831 est;
1378 2763 1539 2830 adeo,
1575 2771 1630 2817 ut
1664 2770 1791 2834 post
1817 2760 2027 2832 aliquot
2057 2774 2160 2816 an-

559 2871 662 2916 nos
699 2857 887 2914 Caesar
926 2858 1208 2929 Augustus
1242 2857 1310 2912 ad
1341 2856 1746 2928 reparationem
1772 2870 1963 2911 eorum
1990 2896 2006 2922 ,
2039 2869 2160 2927 qua:

559 2959 688 3008 tunc
717 2960 914 3007 exusta
940 2959 1101 3007 erant
1123 2991 1138 3017 ,
1167 2965 1418 3022 magnam
1445 2950 1554 3005 vim
1583 2949 1834 3020 pecunia:
1863 2964 1932 3006 ex
1963 2947 2160 3005 aerario

558 3043 778 3115 publico
799 3043 1026 3114 largitus
1047 3043 1139 3099 sit.
1163 3042 1417 3100 Poteram
1441 3058 1657 3114 quoque
1679 3042 2161 3111 ostendere,eum-

555 3136 681 3194 dem
705 3137 1038 3210 duplicatum
1067 3154 1356 3196 numerum
1381 3140 1651 3195 mansisse
1676 3138 2012 3211 Babyloniae,
2037 3153 2161 3209 quae

2265 1937 2372 1984 tur.
2419 1927 2523 1994 Qui
2563 1941 2771 1993 annus,
2812 1925 3062 1996 quantis,
3101 1923 3149 1955 '°
3174 1937 3338 1994 quam
3368 1921 3555 1988 novis,
3589 1935 3864 1992 quamque

2259 2020 2536 2077 inusitatis
2563 2020 2728 2075 bonis
2751 2018 3126 2083 abundaverit,
3151 2017 3287 2072 satis
3309 2017 3474 2074 etiam
3496 2032 3584 2073 me
3605 2031 3718 2072 non
3741 2032 3863 2087 pro-

2262 2118 2475 2172 ferente
2514 2123 2855 2184 compertum
2897 2111 3092 2168 haberi
3136 2111 3406 2177 arbitror;
3436 2119 3552 2166 toto
3593 2120 3860 2166 terrarum

2261 2208 2399 2264 orbe
2423 2223 2529 2263 una
2558 2220 2668 2277 pax
2696 2207 2740 2238 "'
2770 2205 3038 2271 omnium,
3072 2220 3179 2260 non
3209 2204 3538 2270 cessatione,
3561 2203 3660 2258 sed
3685 2202 3859 2257 aboli-

2263 2301 2413 2357 tione
2441 2298 2716 2356 hellorum
2735 2343 2748 2367 ,
2781 2298 2983 2354 clausae
3005 2297 3126 2353 Jani
3149 2297 3383 2369 geminae
3410 2306 3617 2367 portat,
3651 2295 3858 2352 exstir-

2265 2396 2410 2465 patis
2443 2394 2706 2450 bellorum
2737 2393 3016 2448 radicibus
3040 2434 3055 2459 ,
3089 2409 3197 2448 non
3222 2392 3522 2464 repressis,
3547 2406 3753 2448 census
3778 2391 3862 2448 ille

2262 2486 2472 2559 primus
2501 2495 2556 2542 et
2581 2485 2850 2541 maximus
2880 2486 2926 2517 ’δ
2950 2467 3070 2552 fuit,
3104 2499 3227 2542 cum
3262 2484 3316 2540 in
3350 2483 3453 2540 hoc
3477 2498 3642 2539 unum
3674 2481 3858 2539 Gmsao

2266 2581 2342 2635 ris
2372 2593 2574 2635 nomen
2607 2580 2652 2612 ’θ
2683 2577 2938 2633 universa
2970 2592 3289 2649 magnarum
3329 2576 3570 2648 gentium
3609 2583 3860 2631 creatura

2258 2669 2468 2742 juravit
2489 2711 2504 2738 ,
2533 2671 2804 2740 simulque
2837 2685 2935 2741 per
2960 2671 3402 2727 communionem
3433 2684 3667 2740 census,
3700 2667 3862 2726 unius

2261 2764 2542 2821 societatis
2569 2762 2762 2820 effecta
2789 2771 2899 2818 est.

2766 2853 2928 2928 457
2980 2855 3209 2913 carur
3263 2853 3349 2911 Ill.

2263 2950 2496 3007 Christus
2516 2949 2726 3021 quando
2754 2950 2822 3002 ad
2855 2948 3372 3021 hominumrsalutem
3402 2956 3571 3016 natus,
3599 2947 3861 3020 quomodo

2334 3026 2512 3077 statim
2531 3020 2778 3090 uexatus,
2810 3021 2874 3076 de
2902 3021 3097 3093 ingenti
3119 3020 3296 3076 Roma:
3326 3021 3485 3092 fame,
3514 3030 3562 3075 et
3573 3021 3696 3094 jugi
3715 3037 3856 3091 pace.

2336 3137 2499 3209 Igitur
2531 3138 2547 3168 ¹
2581 3151 2726 3192 anno
2767 3135 2837 3191 ab
2882 3135 3030 3192 Urbe
3059 3135 3276 3192 condita
3324 3150 3527 3202 DCCLII,
3571 3145 3734 3191 natus
3778 3145 3861 3192 cst

555 3242 682 3304 post
712 3231 861 3289 mille
890 3232 1317 3304 quadringentos
1337 3241 1389 3288 et
1411 3231 1556 3304 quod
1583 3231 1832 3288 excurrit
1853 3244 2049 3297 annos,
2078 3231 2158 3285 ul-
2185 3217 2231 3282 C
2263 3231 2515 3288 Christus
2539 3231 2840 3287 salutarem
2869 3229 3072 3286 mundo
3099 3229 3334 3286 aﬂ'erens
3352 3229 3537 3296 tidem,
3565 3240 3586 3271 ι
3608 3245 3740 3287 vere
3769 3245 3862 3301 pe-

558 3326 690 3383 time
711 3341 738 3381 a
762 3324 908 3399 Cyro
936 3342 1067 3398 rege
1095 3337 1253 3399 capta
1275 3336 1383 3395 est,
1409 3328 1511 3384 nisi
1535 3328 1887 3398 praesentium
1909 3335 2156 3383 contem-

557 3421 802 3492 platione
833 3437 1144 3478 revocarcr.
1179 3421 1316 3478 Illud
1340 3436 1474 3478 sane
1503 3421 1744 3479 libenter
1772 3421 2002 3492 adjicio,
2032 3420 2158 3492 quia

556 3514 719 3586 primi
756 3514 904 3572 illius
929 3529 1119 3587 regum
1150 3514 1392 3572 omnium
1436 3513 1561 3570 Nini
1609 3513 1882 3586 (quamvis
1920 3522 1976 3570 et
2006 3522 2162 3584 pater

553 3607 677 3681 ejus
707 3609 871 3668 Belus
897 3608 1135 3668 obscure
1161 3610 1204 3644 ⁸⁷
1229 3611 1438 3684 primus
1466 3623 1726 3682 regnasse
1751 3607 2066 3681 referatur),
2095 3607 2161 3663 il-

2265 3333 2346 3381 tra
2370 3323 2550 3380 medio
2575 3339 2755 3380 rerum
2782 3323 2959 3393 posita
2989 3339 3004 3384 :
3037 3322 3126 3379 ubi
3157 3325 3624 3380 comminueretur
3643 3324 3740 3394 qui
3781 3323 3860 3378 ol-

2262 3418 2532 3484 fenderct,
2564 3416 2654 3489 qui
2678 3415 2927 3475 crederet
2949 3415 3254 3473 salvaretur
3285 3432 3452 3473 :vere
3476 3416 3617 3488 ignis
3635 3415 3857 3483 ardens,

2261 3527 2424 3584 quem
2463 3511 2557 3582 qui
2587 3511 2856 3582 sequitur,
2901 3508 3271 3577 illuminatur;
3304 3509 3396 3582 qui
3430 3518 3626 3579 tentat,
3674 3508 3858 3566 exuri-

2265 3615 2354 3662 tur
2384 3623 2396 3660 :
2430 3605 2546 3678 ipse
2570 3613 2656 3662 est
2681 3603 2958 3673 Christus,
2980 3602 3430 3675 Christianorum
3453 3610 3641 3675 caput,
3682 3601 3857 3659 salva-

1857 3743 2309 3804 llAVERCAMPl
2347 3741 2578 3802 NOTAE.

627 3867 680 3924 9.
710 3865 860 3940 Esse.
889 3867 1058 3926 Abest
1086 3883 1117 3925 a
1146 3867 1417 3940 plerisque
1446 3881 1578 3940 mss.
1609 3865 1728 3922 Mox
1760 3875 1868 3922 tum
1898 3880 1999 3940 pro
2039 3881 2158 3920 cum

555 3941 682 3998 cod.
717 3939 962 3996 Perizon.
995 3941 1130 3998 Dein
1148 3937 1380 3995 'doceant
1410 3954 1507 4009 pro
1537 3938 1719 3994 docent
1766 3937 1911 3995 mss.
1940 3937 2050 3994 duo
2089 3953 2155 3995 ex

554 4009 726 4083 Lugd.
756 4011 900 4083 Batt.
927 4026 1050 4068 cum
1077 4011 1219 4069 Coll.
1252 4011 1491 4069 Gronov.

627 4081 721 4142 i0.
745 4081 1189 4141 Concurrisse.lta
1210 4093 1322 4140 tres
1334 4083 1504 4155 Lugd.
1529 4083 1698 4155 Batt.,
1723 4081 2151 4148 Perizon.,Coll.

555 4155 885 4228 GronovLet
913 4171 981 4213 ex
1008 4155 1128 4213 cdd.
1165 4154 1498 4228 Augustana.
1537 4154 1754 4228 Vulgg”
1783 4156 2094 4228 cucurrisse.

627 4227 719 4284 11.
743 4226 921 4300 Λῖᾳαε
946 4245 1162 4300 regnum
1187 4225 1601 4300 Macedonicum.
1625 4227 1874 4298 Regnum
1898 4225 2150 4300 Macedo-

555 4299 660 4382 niae
689 4298 906 4382 triginta
934 4298 1174 4382 quinque
1199 4299 1588 4382 habuitrcges,
1612 4315 1681 4382 ex
1705 4298 2006 4382 lle_ra_clidis
2028 4299 2147 4356 sive

554 4369 895 4439 Temenidis,
922 4369 990 4428 ex
1013 4369 1337 4440 Cassandri,
1357 4379 1411 4427 ct
1441 4369 1508 4426 ex
1537 4371 1794 4441 Antigoni
1820 4369 2015 4437 domo;
2040 4384 2147 4426 non

558 4441 778 4514 longius
806 4455 988 4500 autem
1022 4442 1240 4499 duravit
1269 4456 1430 4513 quam
1461 4441 1619 4514 annis
1646 4441 1959 4514 quingentis
1989 4457 2147 4514 sesa-

558 4513 708 4597 ginta
738 4521 796 4571 et
809 4527 955 4597 se},
979 4524 1139 4597 prout
1163 4514 1456 4597 docuimus
1495 4513 1548 4567 in
1579 4514 1688 4570 line
1717 4513 1857 4568 l'list.
1890 4513 2145 4570 Macedo~

557 4582 697 4642 idem
726 4601 783 4658 p.
807 4586 917 4642 279
949 4582 1059 4642 tom
1089 4584 1132 4642 ll
1163 4584 1302 4644 Hist.
1333 4582 1492 4641 Univ.

566 4727 592 4730 ᾉ
624 4655 713 4730 12.
736 4656 882 4730 ξιιιε.
924 4657 1100 4716 Abest
1127 4674 1159 4715 a
1180 4671 1314 4716 mss.
1359 4655 1538 4730 Lugd.
1579 4655 1722 4712 Batt.
1747 4671 1886 4724 sec.,
1918 4665 2044 4715 tert.
2087 4665 2144 4714 et

551 4727 692 4787 Coll.
722 4728 970 4787 Gronov.

627 4800 716 4874 εξ.
751 4799 1090 4874 Judicantur.
1121 4799 1225 4874 Ed.
1254 4800 1583 4874 Augustam,
1610 4801 1995 4874 dijudicantur.

629 4870 719 4928 ﬂ.
750 4873 833 4928 Ad
855 4873 1157 4929 adventum.
1189 4873 1326 4930 Cod.
1346 4870 1606 4930 Perizon.
1631 4870 1728 4943 {in
1756 4873 2057 4930 adventum.
2082 4873 2142 4930 In

554 4943 711 5018 Flor.
741 4959 854 5018 sec.
887 4947 1201 5018 corrigitur,
1232 4947 1472 5018 quamvis
1494 4944 1741 5001 adventu.

626 5016 716 5073 15.
749 5015 817 5074 1η
847 5015 1094 5075 occursu.
1128 5015 1262 5074 Mss.
1289 5027 1346 5075 et
1374 5016 1499 5074 edd.
1526 5027 1658 5074 vett.
1691 5016 1960 5090 quaedam,
1986 5018 2040 5074 in
2061 5035 2150 5074 oc-

549 5103 782 5146 cursum.

623 5159 716 5216 16.
754 5160 912 5217 Vicos
942 5163 1076 5231 ejus.
1109 5160 1279 5219 Abest
1307 5177 1415 5219 vox
1450 5161 1684 5220 secunda
1725 5176 1756 5216 a
1791 5175 1926 5218 mss.
1968 5159 2143 5231 Lugd.

556 5230 699 5288 Batt.
730 5233 924 5306 tribus.
955 5230 1197 5306 lneendii
1222 5234 1383 5306 hujus
1412 5234 1742 5291 mentionem
1772 5247 1988 5306 quoque
2013 5230 2143 5289 fecit

551 5317 716 5373 supra
746 5304 844 5376 lib.
867 5321 946 5376 Vl,
974 5321 1098 5370 cap.
1134 5304 1220 5360 M.

626 5375 714 5449 ῃ.
743 5373 975 5449 Βήηιιιὸ.
1004 5378 1138 5434 Mss.
1170 5385 1228 5433 et
1250 5375 1378 5432 edd.
1397 5377 1660 5449 quidam,
1694 5377 1940 5449 primum.

626 5445 1160 5523 18.__Q_t_tad3agesimo
1184 5449 1358 5503 tertio.
1389 5447 1518 5504 Mss.
1544 5445 1714 5523 Lugd.
1743 5450 1886 5504 Batt.
1910 5455 2144 5520 quatuor

552 5531 678 5576 cum
707 5519 847 5576 Coll.
877 5518 1117 5577 Gronov.
1147 5534 1312 5575 unum
1341 5534 1542 5575 annum
1570 5518 1818 5576 demunt.

623 5591 713 5648 19.
743 5590 842 5647 Cui
869 5593 1022 5649 dicta:
1049 5601 1189 5647 sunt.
1224 5590 1330 5662 Ed.
1357 5591 1584 5662 August.
1608 5635 1622 5659 ,
1650 5592 1737 5662 cui
1763 5591 1902 5647 data?
1930 5600 2070 5646 sunt.

622 5662 716 5718 20.
749 5662 1215 5738 Rept'outissiones.
1237 5661 1504 5738 _Peri_zon_.
1537 5663 1624 5720 hic
1651 5661 1818 5738 habet
1846 5664 2146 5738 promissio-

553 5749 676 5799 nes;
703 5731 851 5803 mox,
883 5750 1006 5791 cum
1035 5735 1210 5792 tribus
1236 5731 1410 5806 Lugd.
1446 5734 1586 5790 Batt.
1619 5743 1672 5791 et
1702 5731 1855 5790 Coll.
1875 5733 2141 5805 Gronov.,

552 5807 916 5877 repromissae.

623 5877 718 5934 2t.
751 5874 980 5934 Metuo:
1003 5876 1232 5950 imperii.
1265 5878 1342 5938 Ita
1363 5876 1621 5951 loquitur,
1648 5888 1708 5937 ut
1726 5877 1999 5938 Caesarem
2023 5894 2148 5938 cum

2263 3861 2400 3919 Belo
2426 3869 2740 3930 comparet,
2771 3861 3076 3930 Augustum
3101 3875 3223 3916 cum
3249 3858 3411 3916 Nino.
3445 3858 3674 3916 Melalor
3703 3876 3854 3918 voca-

2263 3935 2446 3990 bulum
2475 3941 2762 3989 castrense
2785 3941 2904 3999 est;
2935 3932 3015 3988 sic
3041 3933 3188 3988 enim
3220 3931 3522 3996 dicebatur,
3553 3933 3646 4002 qui
3671 3948 3702 3987 a
3723 3933 3853 3989 duce

2260 4005 2578 4078 praemissus
2602 4048 2617 4072 ,
2651 4004 2834 4078 locum
2869 4004 3063 4078 castris
3095 4003 3349 4078 idoneum
3377 4003 3854 4076 circumspiciebat

2256 4075 2313 4135 et
2340 4077 2680 4149 designabat.
2711 4075 2915 4133 Lucan.
2946 4091 2994 4145 ι,
3029 4076 3126 4132 581
3167 4094 3179 4130 :

2379 4234 2549 4298 Castra
2571 4245 2724 4298 super
2745 4232 2893 4298 Tusci
2916 4234 2959 4284 si
2983 4245 3172 4296 ponere
3194 4231 3410 4284 Tibridis
3433 4231 3608 4297 undas,

2381 4295 2650 4361 Hesperias
2674 4297 2833 4347 audax
2857 4295 3048 4346 veniam
3074 4301 3286 4348 metator
3306 4298 3355 4346 in
3377 4307 3542 4358 agros.

2323 4449 2417 4524 22.
2453 4448 2700 4524 I_nquam.
2731 4449 2862 4506 Mss.
2892 4449 3134 4524 aliquot,
3167 4468 3313 4524 ergo.

2324 4521 3092 4606 2.3.JEmensopropemodum
3135 4521 3403 4606 είηιῐοέὲ.
3454 4523 3555 4580 llic
3599 4539 3853 4581 numerus

2252 4591 2458 4650 Christi
2488 4594 2597 4650 nati
2629 4591 2731 4650 est
2757 4591 2920 4664 etiam
2948 4593 3090 4664 apud
3135 4593 3426 4650 Eusebium
3453 4612 3470 4662 ;
3499 4606 3628 4652 sunt
3673 4606 3851 4655 tamen

2249 4665 2429 4737 qui,“
2461 4674 2515 4721 et
2537 4665 2627 4737 alii
2650 4666 2740 4735 qui
2763 4663 2832 4722 44
2864 4663 3074 4735 imperii
3099 4665 3324 4737 Augusti
3345 4667 3628 4724 Christum
3669 4679 3852 4726 natum

2168 4754 2222 4815 D
2253 4735 2521 4815 scribunt.
2555 4736 2722 4815 FADR.

2321 4809 2413 4880 ξι.
2445 4807 2773 4880 Conveniret,
2803 4806 2938 4880 Mss.
2966 4807 3174 4880 aliquot
3193 4852 3208 4877 ,
3240 4813 3549 4868 convenerit.

2321 4879 2710 4953 25.70rt'retur.
2751 4878 2926 4950 Lugd.
2966 4878 3107 4936 Batt.
3160 4890 3274 4939 tres
3312 4891 3370 4940 et
3397 4883 3538 4940 Coll.
3567 4882 3848 4953 Gronov.,

2250 4952 2627 5008 ostenderetur.

2319 5023 2411 5096 26.
2447 5023 2618 5096 Quam
2646 5023 2813 5096 novis.
2847 5021 3038 5096 Iidem,
3066 5034 3115 5078 et
3145 5041 3302 5096 quam
3332 5027 3500 5082 novis.

2322 5094 2416 5150 27.
2453 5094 2722 5152 Omnium.
2754 5093 3106 5169 Lugd._Batt.
3130 5093 3216 5169 pr.
3245 5105 3302 5154 ct
3320 5107 3498 5168 quart.
3519 5141 3534 5164 ,
3561 5113 3685 5154 eum
3707 5099 3846 5156 Coll.

2250 5167 2519 5237 Gronov.,
2534 5185 2638 5222 una
2663 5184 2767 5237 pax
2787 5166 3046 5232 omnibus,
3070 5178 3118 5224 et
3133 5166 3246 5224 'non
3269 5166 3578 5236 cessatione,
3601 5171 3718 5237 sed,
3741 5182 3846 5228 etc.

2249 5236 2596 5365 P£333.0Fuit.
2625 5236 2805 5295 Deleri
2832 5237 3023 5296 volunt
3051 5255 3183 5297 mss.
3215 5242 3324 5298 duo
3347 5239 3617 5298 Florentt.
3643 5236 3843 5306 etcod.

2363 5327 2407 5364 lZ
2447 5327 2502 5365 η.

2295 5325 2502 5366 el‘lZOD.

2325 5381 2416 5438 29.
2461 5380 2713 5459 Universa
2754 5397 3068 5459 magnarum
3107 5385 3500 5459 qentiunnEd.
3525 5387 3678 5459 Aug.
3706 5386 3849 5459 delet

2252 5469 2580 5525 magnarum.
2606 5454 2674 5509 At
2694 5454 2821 5510 cod.
2849 5455 3098 5511 Pcrizon.
3114 5454 3342 5512 verbum
3358 5457 3557 5525 juravit
3578 5454 3844 5514 eliminat.

2250 5521 2307 5580 In
2333 5521 2505 5596 Lugd.
2529 5525 2697 5593 Batt.,
2729 5540 2838 5596 pr.,
2871 5534 2995 5581 tert.
3026 5535 3220 5598 quarto
3249 5538 3306 5584 et
3331 5521 3470 5584 Coll.
3502 5528 3746 5586 Gronov.
3775 5529 3850 5586 lc-

2251 5598 2421 5671 gitur,
2453 5598 2696 5671 universa
2718 5599 2946 5671 gentium
2979 5614 3284 5671 magnarum
3314 5610 3556 5655 creatura
3571 5601 3799 5671 juravit.

2323 5669 2452 5724 Car.
2486 5667 2575 5724 lll.
2592 5667 2736 5724 -1ῖ
2764 5670 2917 5723 Auno
2937 5668 3000 5723 ab
3028 5667 3165 5726 Urbe
3184 5671 3392 5726 condita
3413 5667 3608 5728 necui.
3627 5671 3844 5728 Cassioa

2252 5739 2422 5797 dorus
2447 5740 2634 5796 scribit
2669 5739 2947 5797 Christqu
2981 5753 3165 5797 natum
3187 5742 3286 5802 Cn.
3318 5743 3572 5808 Lentulo,
3603 5743 3674 5798 M.
3706 5743 3842 5800 Mes-

2253 5813 2390 5870 salla
2409 5827 2556 5868 coss.
2579 5813 2672 5883 qui
2695 5811 2898 5869 cadunt
2927 5813 2979 5869 in
3005 5830 3209 5870 annum
3233 5813 3399 5872 Urbis
3421 5831 3579 5873 nece.
3603 5813 3770 5873 FAIR.

2325 5883 2386 5940 2.
2437 5883 2565 5941 Vere
2595 5893 2763 5958 petra.
2794 5884 2896 5942 Ed.
2928 5886 3182 5959 August.,
3211 5902 3330 5944 vera
3353 5897 3520 5962 petra.
