4096 6350
323 272 465 330 1065

1351 286 1827 347 IIIS'I‘ORIARUM
1867 291 2073 349 LIBER
2117 293 2224 351 VII.
2266 297 2418 353 CAP.
2463 298 2549 354 IV.

3480 314 3617 373 1166

319 397 411 444 ιοι·
442 388 733 457 bonorum,
768 392 1036 449 malorum
1058 395 1301 466 punitor,
1324 397 1500 468 judex’
1519 402 1795 471 omnium;
1825 405 1917 476 qui
1946 409 1997 468 Α
2024 407 2089 463 ad
2117 409 2502 468 vindicandum
2534 413 2752 471 Domini
2783 415 2957 471 nostri
2994 416 3124 475 Jesu
3153 420 3359 478 Christi
3397 430 3620 497 sangui-

314 480 550 539 formam
583 484 603 516 ³
630 485 1005 544 subsecuturis
1034 489 1204 546 verbo
1232 500 1289 547 et
1308 506 1476 564 opere
1506 505 1773 568 statuens,
1805 513 1910 569 quo

314 575 490 648 magis
528 576 756 636 doceret
798 581 1069 651 patientes
1096 582 1149 639 in
1180 582 1200 614 "
1235 587 1748 661 persecutionibus,
1780 606 1915 662 quas

315 684 418 740 pro
448 668 558 726 vita
605 684 812 729 aiterna
843 677 1184 746 exciperent,
1214 692 1338 734 esse
1367 690 1648 750 oportere,
1690 699 1812 737 mox
1858 694 1914 739 ut

313 762 542 834 virginis
559 773 715 834 partu
729 764 927 831 editus,
942 767 1145 825 mundo
1166 770 1438 840 apparuit.
1454 772 1475 803 ⁸
1488 772 1557 830 de
1570 776 1914 845 passionibus

316 855 432 912 suis
461 856 647 928 erepit.
679 857 928 929 Namque
954 876 1089 935 eum.
1111 877 1208 918 rex
1247 863 1453 921 Judaeae
1482 866 1727 924 Herodes
1754 868 1913 925 simul

313 958 375 1005 ut
403 958 589 1007 natum
633 954 926 1023 comperit,
975 970 1175 1013 necare
1218 957 1490 1025 decrevit,
1542 962 1914 1034 plurimosque

311 1050 442 1100 tunc
462 1045 741 1119 parvulos,
773 1047 901 1104 dum
933 1065 1097 1105 unum
1124 1052 1447 1119 insectatur,
1473 1054 1692 1111 occidit.
1728 1056 1749 1087 θ
1778 1057 1913 1112 Ilinc

308 1136 565 1210 malignis
593 1141 840 1210 improbe
888 1143 1292 1202 incurrentibus
1340 1148 1501 1212 digna
1539 1151 1753 1219 punitio
1801 1161 1908 1208 est.

308 1226 455 1287 Hinc
482 1230 539 1286 in
561 1246 823 1304 quantum
857 1238 1151 1309 tranquille
1179 1241 1355 1311 agitur
1387 1244 1640 1307 mundus,
1675 1246 1911 1300 creden-

312 1321 445 1378 tium
469 1325 667 1396 gratia,
702 1328 754 1382 iit
781 1339 1045 1398 quantum
1082 1333 1389 1401 perniciose
1413 1335 1766 1406 inquietatur,
1791 1336 1913 1394 bla-

308 1416 717 1487 Spbemantium
743 1432 902 1491 paena
929 1431 1049 1478 est:
1074 1424 1283 1481 securis
1307 1442 1405 1497 per
1432 1430 1613 1484 omnia
1643 1427 1911 1485 Christia-

308 1510 397 1566 nis
417 1509 691 1587 Iidelibus,
713 1514 910 1584 quibus
931 1526 1028 1571 aut
1054 1524 1275 1573 aeternae
1298 1518 1429 1574 vitae
1451 1521 1669 1591 requies
1695 1522 1746 1575 in
1772 1532 1908 1590 tuto,

310 1611 405 1659 aut
435 1602 602 1660 etiam
628 1604 796 1676 bujus
834 1607 885 1663 in
919 1608 1072 1664 lucro
1100 1620 1185 1665 est
1218 1626 1232 1664 :
1261 1611 1406 1682 quod
1439 1614 1748 1683 promptius
1787 1629 1909 1669 cum

308 1709 408 1763 per
436 1695 687 1753 ordinem
730 1697 991 1768 referam,
1044 1701 1173 1773 ipsis
1207 1704 1372 1762 rebus
1404 1706 1720 1762 ostendam.
1753 1707 1913 1764 Post-

2019 514 2144 556 nent
2166 502 2377 572 judicio
2403 504 2501 561 Dei
2531 504 2708 563 fuerat
2732 509 3043 578 ordinatus,
3070 512 3244 570 victor
3271 516 3615 590 triumphans

2019 594 2064 626 ¹³
2098 610 2221 651 cum
2263 596 2599 669 Vespasiano
2628 614 2786 672 patre
2803 602 3001 661 Janum
3036 607 3251 665 clausit.
3297 610 3464 682 Igitur
3504 615 3608 670 etsi

2014 688 2117 743 sub
2137 692 2400 747 extremis
2428 691 2662 750 Caesaris
2688 698 3028 766 temporibus
3055 711 3281 771 apertus
3309 715 3392 760 est
3420 706 3612 773 Janus,

2016 791 2196 839 tamen
2241 799 2338 855 per
2385 787 2552 843 multa
2585 803 2654 844 ex
2683 804 2750 844 eo
2791 798 3063 862 tempora,
3116 797 3366 865 quamvis
3397 797 3452 853 in
3484 814 3616 870 pro-

2017 873 2194 930 cinctu
2225 886 2375 934 esset
2402 880 2699 948 exercitus,
2733 881 2880 937 nulla
2909 883 3049 940 bella
3095 898 3424 945 sonuerunt.
3459 891 3614 948 Unde

2017 971 2181 1028 etiam
2232 975 2494 1029 Dominus
2547 977 2662 1046 ipse
2706 977 2865 1034 Iesus
2893 980 3146 1038 Christus
3179 985 3229 1039 itt
3266 984 3605 1058 Evangeliis,

2016 1076 2141 1118 cum
2173 1066 2514 1137 temporibus
2539 1069 2649 1125 illis
2677 1069 2719 1101 ¹⁴
2749 1070 2802 1126 in
2825 1085 3037 1129 summa
3065 1078 3463 1146 tranquillitate
3490 1082 3612 1136 uni-

2016 1172 2209 1215 versus
2234 1160 2467 1218 mundus
2489 1173 2695 1233 ageret,
2724 1176 3060 1239 cunctasque
3082 1182 3274 1241 gentes
3299 1188 3401 1244 pax
3435 1190 3540 1230 una
3568 1177 3611 1209 ³⁵

2019 1249 2247 1317 velaret,
2281 1262 2335 1307 et
2359 1268 2388 1306 a
2420 1254 2702 1325 discipulis
2738 1259 2847 1311 suis
2877 1259 3242 1332 interrogatus
3270 1277 3445 1333 esset,
3474 1267 3517 1298 ¹⁶
3542 1269 3612 1325 de

2015 1343 2696 1415 conclusionetemporum
2731 1351 3207 1423 subsequetttium,
3245 1358 3387 1413 inter
3412 1369 3610 1415 caetera

2019 1435 2155 1491 "sic
2173 1436 2281 1491 ait:
2311 1438 2558 1495 Audituri
2579 1451 2749 1494 autem
2763 1444 2882 1497 estis
2903 1446 3085 1515 praelia
3100 1457 3149 1500 et
3180 1450 3448 1517 opiniones
3477 1471 3613 1519 pra:-

2017 1531 2227 1597 liorum,
2243 1530 2411 1606 559
2423 1534 2588 1590 videte
2604 1552 2670 1591 ne
2698 1540 2994 1593 turbemini.
3016 1540 3232 1612 Oportet
3267 1546 3403 1599 enim
3427 1547 3470 1579 ¹⁸
3500 1547 3610 1602 Ita'c

2015 1624 2148 1693 ﬁeri:
2160 1625 2251 1681 sed
2265 1628 2493 1681 nondum
2502 1637 2580 1682 est
2591 1628 3025 1706 ﬁnis.Consurget
3038 1637 3173 1688 enim
3190 1653 3312 1706 gens
3324 1639 3377 1692 in
3389 1650 3609 1711 gentem,

2013 1724 2063 1771 et
2094 1734 2311 1789 regnum
2334 1719 2389 1774 in
2416 1736 2657 1792 regnum,
2679 1731 2726 1777 et
2761 1732 2915 1777 erunt
2937 1727 3266 1797 pestilentiae,
3296 1740 3345 1783 et
3372 1733 3537 1802 tantes
3558 1745 3606 1786 et

307 1802 471 1860 quam
498 1789 829 1863 Redemptor
863 1795 1077 1863 mundi,
1110 1796 1377 1852 Dominus
1413 1797 1579 1854 Jesus
1615 1800 1871 1856 Christus
1892 1841 1905 1867 ,

2015 1817 2362 1879 terramotus,
2405 1829 2496 1885 per
2531 1813 2666 1869 loca.
2710 1815 2843 1871 Haec
2871 1828 3040 1873 autem
3081 1822 3256 1875 omnia
3290 1822 3442 1877 initia
3485 1836 3607 1878 sunt

308 1884 462 1941 venit
504 1884 560 1942 in
601 1895 801 1954 terras,
850 1900 906 1947 et
952 1889 1187 1947 Caesaris
1238 1907 1408 1949 censu
1453 1895 1587 1949 civis
1627 1895 1907 1950 Romanus

308 1976 581 2048 ascriptus
618 1987 724 2044 est,
772 1980 905 2038 dum
946 1998 1041 2053 per
1083 1983 1392 2051 duodecim,
1429 1996 1484 2041 ut
1527 1987 1664 2057 dixi,
1691 2003 1864 2044 annos
1889 2032 1906 2056 ,

310 2067 517 2127 clausae
559 2071 691 2127 belli
742 2083 914 2142 portae
959 2074 1278 2133 beatissima
1311 2078 1464 2148 pacis
1507 2079 1909 2151 tranquillitate

307 2159 636 2218 cohibentur
669 2179 682 2217 :
712 2163 925 2235 Caium,
960 2177 1216 2237 nepotem
1246 2185 1429 2237 suum,
1474 2171 1657 2227 Caesar
1686 2176 1907 2243 Augus-

306 2260 399 2311 tus
426 2254 497 2312 ad
525 2256 863 2314 ordinandas
892 2258 1116 2332 Egypti
1143 2261 1428 2334 Syriaeque
1456 2265 1771 2334 provincias
1801 2269 1907 2321 mi-

308 2347 403 2417 sit,
426 2350 519 2420 qui
549 2354 869 2423 praeteriens
893 2355 963 2410 ab
992 2355 1234 2430 Egypto
1259 2357 1395 2414 fines
1418 2358 1741 2425 Palaestinae,
1765 2360 1908 2432 apud

307 2439 747 2515 Hierosolymam
788 2444 957 2520 458
992 2449 1047 2505 in
1080 2451 1284 2520 templo
1316 2451 1414 2507 Dei
1460 2461 1590 2508 tunc
1635 2463 1824 2510 sancto
1853 2463 1909 2511 et

305 2536 510 2593 celebri
539 2539 773 2598 adorare
798 2544 1160 2615 contempsit,
1189 2546 1210 2577 ⁷
1244 2546 1386 2603 sicut
1415 2547 1711 2605 Suetonius
1734 2549 1909 2604 Tran-

309 2630 513 2701 quillus
544 2631 731 2689 refert.
765 2637 787 2668 ⁸
814 2635 970 2705 Quod
1008 2639 1315 2710 Augustus,
1352 2640 1439 2696 ubi
1473 2656 1570 2712 per
1599 2657 1723 2698 eum
1756 2658 1908 2699 com-

310 2722 474 2792 perit,
498 2738 670 2795 pravo
691 2742 823 2784 usus
836 2727 1068 2800 judicio,
1091 2732 1388 2802 prudenter
1412 2732 1614 2791 fecisse
1639 2734 1902 2793 laudavit.

309 2813 496 2890 Itaque
526 2834 673 2876 anno
701 2822 913 2893 imperii
945 2822 1177 2881 Caesaris
1206 2826 1629 2899 quadragesimo
1659 2838 1855 2888 octavo
1877 2875 1892 2896 ,

307 2908 447 2966 adeo
473 2911 589 2968 dira
617 2913 898 2973 Romanos
930 2917 1101 2976 fames
1149 2929 1440 2977 consecuta
1478 2932 1597 2991 est,
1632 2935 1694 2979 ut
1719 2923 1909 2981 Caesar

304 3003 628 3064 lanistarum
655 3008 916 3078 familias,
941 3026 1238 3086 omnesque
1261 3018 1602 3088 peregrinos,
1626 3033 1905 3074 servorum

304 3114 521 3172 quoque
548 3102 811 3159 maximas
841 3103 1051 3175 copias,
1079 3109 1331 3177 exceptis
1362 3109 1587 3166 medicis
1612 3119 1669 3166 et
1698 3126 1905 3181 praece-

2015 1900 2280 1957 dolorum.
2313 1902 2461 1958 Tunc
2492 1907 2697 1962 tradent
2724 1924 2813 1963 vos
2848 1909 2903 1962 in
2930 1910 3337 1981 tribulationem,
3366 1926 3413 1970 et
3464 1920 3607 1970 occi-

2015 1995 2136 2050 dent
2178 2010 2265 2051 vos
2299 2005 2389 2051 :et
2420 1998 2568 2052 eritis
2607 1997 2730 2053 odio
2777 2001 3015 2056 omnibus
3054 2002 3094 2037 ³³
3113 2004 3352 2074 gentibus
3399 2021 3610 2077 propter

2015 2104 2199 2144 nomen
2220 2104 2412 2144 meum.
2448 2090 2561 2146 Hoc
2587 2099 2768 2148 autem
2792 2093 2973 2148 divina
3009 2097 3349 2165 providentia
3378 2099 3605 2165 docens,

2014 2191 2069 2238 et
2107 2182 2394 2240 credentes
2443 2185 2831 2254 praemonendo
2872 2187 3142 2255 firmavit,
3187 2199 3245 2247 et
3294 2191 3609 2248 incredulos

2014 2273 2361 2345 praedicendo
2389 2273 2657 2332 confudit.

2638 2368 2868 2425 CAPUT
2905 2368 2995 2424 IV.

2014 2458 2093 2516 De
2122 2460 2228 2514 vita
2269 2472 2317 2537 et
2354 2461 2515 2537 gestis
2546 2460 2743 2537 Tiberii
2771 2461 3014 2537 Caesaris,
3047 2468 3306 2537 quomodo
3343 2466 3609 2524 Christum

2138 2532 2413 2602 amplexus
2437 2535 2528 2600 sit,
2565 2534 2630 2587 de
2660 2535 2772 2606 ejus
2801 2532 3105 2592 crudelitate
3127 2538 3180 2592 in
3212 2538 3485 2609 plurimos.

2084 2648 2242 2703 Anno
2265 2650 2332 2703 ab
2366 2649 2510 2704 Urbe
2539 2650 2757 2703 condita
2788 2666 3053 2713 nccnxvu,
3089 2660 3211 2722 post
3240 2661 3471 2710 mortem
3495 2656 3610 2710 Au-

2011 2743 2153 2815 gusti
2191 2742 2424 2797 Caisaris
2458 2743 2473 2774 ί
2509 2742 2761 2799 Tiberius
2801 2742 2984 2800 Caesar
3030 2746 3318 2816 imperium
3369 2747 3601 2817 adeptus

2012 2847 2117 2906 est,
2152 2839 2460 2908 mansitque
2492 2841 2544 2892 in
2575 2852 2641 2894 eo
2669 2840 2824 2893 anuis
2851 2839 3042 2909 viginti
3074 2848 3135 2896 et
3160 2840 3353 2897 tribus.
3385 2842 3481 2897 llic
3510 2858 3604 2911 per

2012 2932 2365 3001 semetipsum
2418 2932 2564 2986 nulla
2616 2933 2753 2987 bella
2796 2935 2982 3002 gessit,
3008 2935 3104 2989 sed
3135 2949 3203 2989 ne
3253 2951 3346 3003 per
3396 2936 3604 3005 legatos

2013 3022 2229 3092 quidem
2253 3023 2433 3093 aliqua
2463 3024 2665 3093 gravia,
2695 3024 2798 3078 nisi
2829 3024 2971 3093 quod
3006 3034 3213 3081 tantum
3235 3026 3524 3096 aliquantis
3549 3025 3602 3080 in

2015 3116 2150 3171 locis
2193 3115 2509 3185 praecogniti
2548 3117 2658 3170 cito
2705 3126 2946 3187 gentium
2999 3126 3241 3173 tumores
3272 3122 3603 3189 comprime-

304 3197 579 3269 ptoribus,
607 3198 629 3232 ’
652 3198 796 3254 trudi
820 3201 963 3256 Urbe
987 3203 1336 3272 praeceperit.
1361 3203 1440 3259 lta
1468 3216 1732 3275 peccante
1758 3207 1907 3277 prin-
1934 3198 1982 3263 C
2013 3209 2229 3265 bantur.
2266 3210 2411 3265 Sane
2438 3222 2636 3279 quarto
2665 3211 2879 3280 imperii
2907 3212 3025 3279 ejus
3054 3229 3197 3266 anno
3221 3211 3604 3281 Germanicos,

302 3290 425 3360 cipe
450 3289 505 3347 in
529 3299 779 3347 sanctum
803 3293 925 3358 Dei,
958 3304 1013 3348 et
1040 3304 1298 3365 correpto
1327 3312 1423 3368 per
1446 3296 1642 3353 famem
1674 3299 1894 3369 pepulo,

301 3387 665 3456 quantitatem
721 3387 1035 3446 offensionis
1080 3390 1315 3461 qualitas
1359 3391 1581 3448 ultionis
1632 3393 1894 3450 ostendit.

305 3477 349 3512 ¹⁰
376 3480 603 3548 Deinde,
623 3481 873 3538 utverbis
894 3483 1131 3541 Cornelii
1146 3484 1318 3540 Taciti
1336 3486 1373 3518 “
1400 3487 1612 3559 loquar,
1645 3505 1765 3543 sene
1792 3489 1899 3543 Au-

300 3584 450 3648 gusto
479 3573 649 3630 Janus
682 3577 995 3649 patefactus,
1023 3578 1147 3633 dum
1171 3581 1313 3647 apud
1344 3591 1598 3635 extremos
1640 3591 1896 3635 terrarum

296 3670 543 3724 terminos
571 3686 717 3726 novae
739 3681 913 3743 gentes
936 3688 1072 3744 saepe
1100 3689 1168 3726 ea:
1198 3690 1319 3739 usu,
1360 3684 1411 3728 et
1453 3674 1744 3745 aliquando
1775 3692 1893 3729 cum

2014 3303 2171 3357 Drusi
2216 3303 2360 3358 lilius
2389 3345 2402 3368 ,
2434 3301 2693 3373 Caligulae
2726 3312 2902 3373 pater,
2930 3304 2999 3358 de
3035 3303 3344 3369 Germanis,
3373 3308 3439 3360 ad
3469 3322 3605 3375 quos

2011 3394 2081 3451 ab
2126 3393 2370 3465 Augusto
2411 3410 2542 3450 sene
2591 3395 2791 3451 missus
2845 3397 3043 3460 fuerat,
3071 3397 3443 3469 triumphavit.
3482 3398 3607 3470 Ipse

2009 3494 2192 3542 autem
2221 3486 2476 3541 Tiberius
2504 3486 2733 3556 plurima
2765 3486 2980 3556 imperii
3015 3488 3101 3543 sui
3141 3500 3317 3558 parte,
3348 3504 3472 3544 cum
3496 3504 3605 3545 ma-

2005 3594 2107 3649 gna
2152 3587 2207 3634 et
2241 3580 2393 3648 gravi
2446 3579 2710 3634 modestia
2757 3580 3072 3649 reipublicae
3117 3581 3353 3650 praefuit,
3380 3582 3516 3637 adeo
3542 3592 3602 3637 ut

2006 3670 2329 3741 quibusdam
2380 3671 2700 3741 praesidibus
2751 3672 3000 3742 augenda
3056 3673 3346 3742 provinciis
3396 3675 3595 3730 tributa

186 4968 209 4974 ‘
281 4962 584 5037 referatur,
609 4962 785 5037 atque
801 4978 925 5020 mox
949 4965 1148 5037 iterum
1174 4965 1226 5020 in
1249 4978 1403 5035 seqq.

296 3763 491 3819 damno
516 3775 844 3833 quaeruntur,
872 3781 1033 3835 usque
1059 3765 1128 3820 ad
1170 3764 1476 3838 Vespasiani
1506 3766 1712 3821 duravit
1737 3769 1900 3838 impe-
2002 3762 2362 3819 suadentibus
2381 3764 2682 3831 scripserit,
2717 3763 2852 3818 Boni
2882 3765 3104 3834 pastoris
3131 3783 3244 3820 esse
3275 3768 3487 3821 tondere
3504 3784 3596 3835 pe-

292 3857 454 3913 rium.
495 3857 788 3930 fluensque
824 3858 1137 3915 Cornelius.
1173 3858 1448 3916 Caeterum
1479 3869 1535 3916 et
1574 3869 1707 3916 tunc
1738 3861 1780 3893 “
1807 3876 1898 3916 ca-
2000 3874 2115 3925 cus,
2142 3859 2163 3889 ²
2185 3875 2289 3913 non
2314 3857 2610 3930 deglubere.
2656 3857 2729 3912 At
2758 3867 3044 3929 postquam
3093 3873 3285 3930 passus
3313 3870 3399 3917 est
3430 3861 3452 3891 ³
3482 3860 3590 3916 Do-

293 3962 393 4025 pta
412 3967 712 4026 eversaque
733 3953 867 4010 urbe
907 3953 1430 4026 Hierosolymorum,
1455 3954 1596 4010 sicut
1616 3955 1895 4026 propheta:
2000 3951 2181 4007 minus
2209 3949 2486 4017 Christus,
2517 3960 2683 4021 atque
2728 3965 2759 4004 a
2791 3953 3021 4006 mortuis
3058 3953 3381 4018 resurrexit,
3406 3963 3461 4009 et
3489 3953 3594 4010 dis-

290 4046 821 4119 praenuutiaverunt,
857 4046 1255 4120 exstinctisque
1295 4045 1530 4118 Iudaeis,
1580 4047 1755 4116 Titus,
1799 4048 1891 4120 qui
1996 4047 2211 4121 cipulos
2261 4060 2392 4103 suos
2427 4044 2495 4102 ad
2541 4044 2943 4116 praedicandum
2994 4045 3017 4077 ⁸
3048 4046 3277 4116 dimisit,
3308 4048 3329 4079 ⁸
3359 4047 3587 4118 Pilatus,

1590 4266 2043 4341 HAVERCAMPI
2080 4279 2315 4339 more).

2058 4460 2150 4517 16.
2187 4459 2618 4533 Deeonclusione
2638 4468 2946 4533 temporum.
2975 4463 3056 4516 Ita
3078 4477 3208 4517 mss.
3240 4474 3294 4519 et
3316 4462 3444 4520 cdd.
3471 4481 3585 4525 me-

1985 4531 2303 4609 Iiores;talii
2332 4531 2395 4609 de
2424 4531 2802 4609 _c_onjunctione
2829 4534 2913 4609 vel
2942 4533 3239 4609 conditione
3250 4547 3576 4609 temporum.

285 4605 525 4685 anno},
559 4607 614 4662 in
641 4608 1016 4685 pel-“Furiana,
1039 4603 1211 4685 quem,
1236 4617 1344 4662 etc.
1540 4676 1552 4685 _
1705 4676 1718 4685 _
1774 4677 1810 4685 κ
2060 4604 2148 4685 I7.
2301 4604 2393 4685 ait.
2423 4603 2814 4685 Mssa-quidam
2842 4604 2975 4659 inter
2993 4614 3176 4660 caetera
3206 4603 3378 4662 dixitf
3401 4607 3577 4667 Verba

194 4722 209 4735 μ
314 4749 330 4762 ο
357 4678 413 4735 5.
455 4676 535 4733 De
563 4673 892 4753 paisionibus
914 4673 1062 4762 suis,
1093 4676 1591 4762 Postrema_vo_x.in
1620 4676 1741 4732 cod.
1774 4677 1879 4761 Ιζε-
1985 4675 2286 4762 exstant-ﬁn
2318 4673 3120 4762 ξνςιιιέζλίιιιιξῲιξδὶ(ξθρκκξίιν.
3268 4759 3276 4762 Δ
3396 4751 3406 4762 .

280 4749 463 4831 riz_on.
489 4744 602 4808 non
623 4760 872 4821 apparet.
907 4748 1138 4821 Quidam
1168 4762 1300 4803 mss.
1344 4757 1399 4804 et
1420 4747 1572 4816 edd.,
1603 4765 1637 4801 ιι
1661 4749 1870 4819 passio-
1906 4772 1957 4831 ι)
2177 4744 3283 4831 iﬁlweﬁeri.‘Quaedanliedd.interserunt
3325 4751 3573 4823 primum.

281 4820 457 4878 nibus.
662 4815 678 4821 ’
702 4815 716 4821 ⁷
918 4815 952 4821 ’⁷
1558 4815 1562 4816 ⁷
1662 4815 1670 4819 ⁷
1906 4815 1955 4831 ⁴’
2057 4817 2145 4874 I9.
2172 4815 2442 4872 Gentibus.
2468 4816 2636 4871 Abest
2666 4831 2694 4869 a
2726 4815 2967 4873 Florent.
2993 4833 3106 4874 sec.

279 4918 285 4937 ι
355 4893 410 4969 9.
451 4893 616 4950 Hinc.
677 4892 851 4965 Lugd.
885 4893 1002 4969 Bat.
1057 4900 1185 4969 teri.
1232 4893 1338 4961 hic,
1386 4899 1446 4946 ut
1486 4889 1554 4946 ad
1597 4890 1874 4945 Christum
2054 4886 2714 4969 Car._I_V.-_—l..Tiberius
2745 4886 2939 4969 Caesar.
2967 4889 3357 4969 Tiberiivit‘um
3404 4904 3575 4969 et_r_es

1978 4969 2162 5029 gestas
2193 4959 2282 5014 hic
2319 4958 2561 5013 breviter
2592 4958 2906 5027 perstrictas
2935 4962 3155 5029 couiose
3185 4962 3351 5019 habes
3380 4979 3408 5016 a
3458 4965 3573 5020 Dio-

1979 5046 2068 5095 ne,
2100 5029 2616 5102 Tacito.Suetnnio
2642 5037 2698 5102 et
2735 5029 2941 5086 Zonara
2977 5033 3299 5102 descriptas.
3326 5033 3493 5090 FABR.

2047 5103 2101 5159 2.
2130 5101 2255 5156 Non
2299 5100 2591 5171 deglubere.
2640 5100 2914 5168 Perizon.,
2973 5122 3075 5159 non
3126 5100 3564 5177 decoriare,qu:e

1975 5173 2171 5231 Glossa
2204 5181 2309 5228 est.

2045 5248 2101 5302 5.
2135 5245 2403 5320 Dominus_
2427 5240 2686 5320 Christus.
2718 5242 3226 5302 loterseruntlesus
3254 5246 3382 5305 edd.
3426 5248 3564 5320 Aug.

358 4464 418 4521 5.
452 4460 837 4533 Subsecuturis.
894 4463 1032 4521 Edd.
1066 4461 1334 4533 quaedam,
1360 4461 1630 4518 secuturis.

358 4535 415 4592 4.
456 4532 933 4592 Persecutionibus.
984 4531 1155 4606 Lugd.
1198 4534 1341 4590 Batt.
1389 4543 1522 4602 tres,
1568 4548 1691 4589 cum
1741 4531 1876 4588 Coll.

353 5035 410 5115 "1.
448 5032 606 5115 δίαιτ-
625 5032 929 5115 Suetonius.
959 5035 1018 5091 In
1046 5037 1291 5115 Augusto
1317 5032 1453 5115 esp,
1473 5033 1562 5115 ἐξῇ.
1598 5032 1761 5088 [τηε.

352 5105 409 5163 8.
631 5108 934 5188 Augustus,_
962 5117 1077 5188 etc.
1123 5104 1223 5162 Ed.
1268 5121 1353 5178 pr.
1404 5112 1460 5161 et
1488 5104 1637 5188 illam
1667 5113 1870 5160 secutae

277 5175 528 5259 Venetia,
559 5175 764 5259 legunt,
793 5175 1030 5259 quodut
1043 5175 1307 5259 Augustus
1339 5176 1613 5259 competit.

350 5248 408 5305 9.
449 5245 967 5307 TrudiUrbeICod.
994 5245 1269 5313 Periion.,
1301 5247 1508 5304 extrudi
1537 5245 1695 5303 Urbe.

351 5319 441 5393 I0.
465 5320 691 5393 Deinde,
713 5331 818 5393 etc.
847 5318 1085 5378 Consule
1106 5321 1346 5393 Lipsium
1371 5335 1405 5376 tt
1432 5320 1617 5391 Antiq.
1643 5318 1790 5375 Lect.
1809 5320 1864 5374 8.

350 5390 440 5465 ﬂ.
472 5392 702 5465 L_oquar.
734 5392 867 5450 Cod.
902 5390 1187 5465 Perizon.,
1204 5403 1339 5447 utar.

345 5463 439 5537 13.
483 5462 686 5537 Capta,
705 5473 813 5520 etc.
842 5465 987 5535 Lege
1014 5463 1297 5537 infraeap.
1336 5464 1390 5520 9.
1438 5462 1605 5519 Fann.

304 5606 320 5620 .
347 5534 438 5591 15.
466 5531 597 5594 Cum
645 5531 985 5609 Vespasiano.
1019 5535 1189 5609 Lugd.
1219 5531 1339 5592 Bai.
1366 5549 1504 5603 sec.,
1546 5531 1638 5588 sub
1670 5532 1868 5604 Vespa-

269 5622 449 5665 παίω.

345 5677 436 5737 ιι.
469 5678 544 5753 In
567 5695 770 5736 summa
791 5678 1184 5753 tranquillitate.
1203 5678 1338 5735 Cod.
1363 5676 1642 5742 Perizou.,
1667 5691 1868 5731 suntme

265 5750 668 5821 tranquillitate.

342 5823 437 5882 I5.
473 5822 705 5880 Vetaret.
734 5822 790 5881 Id
820 5833 928 5890 est,
959 5831 1186 5893 tegeret,
1215 5830 1458 5892 ornaret,
1482 5826 1790 5879 coronaret.
1836 5830 1842 5835 ‘

506 5916 784 5982 Paeon.
868 5917 1112 5980 XXXI.

1974 5318 2199 5388 aliaeque
2229 5331 2291 5370 ex
2314 5314 2534 5388 primis.

2047 5385 2365 5458 «L'Dimisit.
2396 5386 2524 5442 Mss.
2554 5394 2617 5458 et
2639 5385 2765 5458 edd.
2796 5386 3034 5458 quidam,
3063 5389 3220 5443 misit.

2046 5458 2100 5531 5.
2122 5457 2351 5518 Pilatus,
2370 5472 2576 5531 praeses.
2604 5456 2681 5531 De
2704 5457 2894 5531 Pontio
2918 5456 3088 5514 Pilato
3105 5459 3407 5517 Palaesunae
3432 5479 3572 5531 prm-

1976 5530 2116 5605 side,
2158 5531 2395 5605 ejusque
2432 5529 2597 5605 reb_u_s
2628 5528 2748 5605 lege
2784 5529 3077 5605 Ioseplium
3122 5533 3158 5585 t.
3188 5547 3325 5586 xvnt
3379 5528 3564 5605 ςιὶιιὶίι.

1976 5599 2217 5672 Epistola
2242 5599 2397 5672 Pi‘lati
2420 5599 2486 5654 ad
2509 5599 2785 5672 Tiberium
2814 5601 2880 5656 de
2911 5604 3331 5658 Resorrcctione
3361 5599 3564 5660 Christi

1975 5670 2156 5730 eistat
2182 5673 2324 5743 apud
2358 5670 3349 5744 Egesippum.Fiam—Confer,quae
3390 5677 3455 5729 ad
3491 5678 3566 5730 si-

1978 5745 2175 5819 milem
2206 5741 2384 5800 locum
2409 5741 2737 5819 Tertulliani
2778 5744 2828 5797 in
2869 5744 3220 5815 Apologetico
3248 5741 3369 5815 cap.
3404 5749 3464 5815 5,
3509 5766 3562 5819 ι).

1976 5817 2043 5874 57
2064 5828 2120 5873 et
2146 5817 2238 5887 58,
2262 5816 2593 5873 notavimus:

2946 5909 3121 5971 '3'4
