4096 6350
500 319 635 378 1071

1902 312 2110 371 PAULI
2148 311 2376 372 OROSII

3665 313 3810 373 1073

493 431 780 489 Philonem
805 431 1117 502 quemdam,
1141 431 1319 487 virum
1338 442 1471 485 sane
1504 428 1556 483 in
1582 426 1773 497 primis
1793 426 2093 497 eruditum,
2124 429 2179 494 Α
2203 428 2405 484 nebant
2427 425 2589 483 morti
2620 424 3034 482 destinatorum.
3076 423 3301 482 Inventa
3341 433 3429 483 est
3467 434 3521 484 et
3546 440 3675 484 arca
3722 427 3807 483 in-

495 526 734 597 legatum
748 525 817 582 ad
841 523 1115 582 Caesarem
1133 525 1152 557 "
1170 524 1453 579 miserunt.
1474 520 1581 579 Sed
1596 520 1838 592 Caligula
1860 535 1982 575 cum
1999 536 2109 576 om-

497 616 990 674 nibushominibus
1007 658 1021 683 ,
1050 626 1163 671 tum
1189 614 1460 687 praecipue
1479 613 1680 670 ludatis
1703 613 2103 679 inleszissimus,

2210 535 2344 591 gens
2370 518 2643 576 variorum
2671 517 2714 551 “
2743 533 3079 575 venenorum
3110 519 3301 591 pocula
3329 520 3643 587 continens,
3684 523 3807 591 qui-

2211 613 2311 668 bus
2340 629 2488 678 mox,
2520 610 2747 667 Claudio
2774 610 3267 682 Ca-sarejubente,
3302 614 3345 645 ¹⁸
3383 612 3688 682 demersis,
3724 613 3808 668 iu-

496 710 520 744 ⁸
546 720 728 784 spreta
756 712 1025 784 legatione
1057 710 1320 779 Philonis,
1346 723 1540 765 omnes
1560 707 1877 765 Judreorum
1918 720 2105 761 sacras
2198 704 2343 761 lecta
2368 704 2537 760 maria
2556 703 2843 760 traduntur
2865 707 2969 759 no‘n
2999 704 3119 760 sine
3141 719 3338 777 magno
3361 705 3587 777 piscium
3610 704 3803 773 exitio,

496 803 667 873 mdes,
688 814 851 878 atque
871 806 923 861 in
940 804 1125 875 primis
1142 803 1422 875 antiquum
1438 802 1603 857 illud9
1618 800 1977 872 Hierosolymi
1991 830 2005 847 ς
2025 814 2103 854 sa-

495 901 731 959 crarium
745 899 909 974 5.65
926 898 1195 971 profanari
1210 896 1493 954 sacrificiis
1509 896 1813 969 gentilium,
1828 909 1889 951 ac
1906 893 2102 964 repleri

492 994 691 1051 statuis
717 993 1138 1065 simulacrisque
1169 994 1459 1065 imperavit
1484 1034 1499 1057 ,
1539 1006 1708 1063 seque
1738 990 1811 1046 ibi
1845 999 1902 1045 ut
1930 989 2100 1045 Deum

492 1089 599 1146 coli
631 1088 909 1160 praecepit.
946 1089 990 1120 ¹⁰
1022 1088 1224 1144 Pilatus
1253 1096 1437 1145 autem
1474 1100 1709 1158 praeses,
1757 1085 1849 1156 qui
1879 1094 2100 1141 senten-

492 1181 623 1237 tiam
647 1180 1015 1237 damnationis
1038 1179 1090 1235 in
1108 1179 1383 1235 Christum
1408 1179 1643 1247 dixerat,
1672 1178 1956 1248 postquam
1983 1177 2096 1246 plu-

489 1272 659 1330 rimas
695 1272 993 1329 seditiones
1036 1273 1087 1327 in
1120 1271 1513 1344 Hierosolymis
1541 1270 1789 1341 excepit,
1841 1283 1904 1324 ac
1943 1269 2092 1333 fecit,

490 1367 658 1423 tantis
705 1367 978 1439 irrogante
1009 1368 1141 1424 Caio
1184 1368 1480 1439 angoribus
1525 1374 1835 1422 coarctatus
1865 1374 1979 1427 est,
2038 1371 2097 1417 ut

484 1473 590 1516 sua
621 1474 683 1516 se
714 1461 1163 1516 transverberans
1190 1475 1376 1527 manu,
1413 1460 1678 1514 malorum
1707 1456 2090 1528 compendium

484 1551 683 1608 mortis
710 1552 994 1608 celeritate
1019 1552 1325 1624 quaesierit.
1375 1550 1535 1607 Caius
1563 1549 1807 1621 Caligula
1848 1548 2090 1604 libidini-

485 1643 591 1701 bus
619 1646 736 1701 suis
780 1644 943 1700 etiam
990 1644 1122 1701 illud
1161 1645 1386 1701 sceleris
1417 1644 1649 1715 adjecit,
1699 1646 1737 1676 “
1773 1652 1831 1698 ut
1869 1656 2091 1698 sorores

483 1752 614 1795 suas
640 1739 875 1809 primum
898 1748 1087 1810 stupro
1104 1739 1394 1810 pollueret,
1412 1738 1609 1796 deinde
1634 1738 1838 1794 exsilio
1860 1736 2088 1792 damna-

2205 814 2342 870 quos
2371 809 2629 854 enecatos
2656 813 2754 869 per
2784 798 3027 869 proxima
3053 797 3233 854 littora
3264 797 3464 869 passim
3491 809 3661 856 aestus
3689 799 3806 870 eje-

2202 891 2296 946 cit.
2324 892 2369 923 ¹⁶
2391 890 2639 960 Magnum
2665 904 2859 945 revera
2887 890 3146 946 indicium
3172 892 3486 947 miserantis
3504 892 3626 959 Dei,
3642 907 3805 964 prop-

2206 993 2288 1040 ter
2317 983 2630 1055 sull‘ragium
2661 983 2853 1054 gratia:
2884 981 2937 1039 in
2967 984 3230 1055 populum
3261 985 3521 1042 continuo
3551 1002 3617 1043 ex
3648 996 3804 1059 parte

2192 1069 2536 1133 crediturum
2563 1118 2577 1142 ,
2624 1087 2679 1130 et
2704 1085 2928 1147 propter
2957 1077 3053 1133 ira:
3076 1086 3571 1148 temperamentum
3617 1082 3671 1136 in
3708 1096 3805 1152 po-

2204 1171 2383 1238 pulum
2419 1180 2546 1225 tunc
2576 1170 2865 1225 inlideliter
2892 1171 3267 1239 obstinatum;
3317 1185 3377 1228 ut
3417 1186 3617 1243 quanta
3662 1175 3803 1231 mul-

2201 1263 2377 1319 titudo
2419 1262 2697 1318 liotninum
2742 1272 3102 1334 praeparatam
3147 1274 3376 1320 mortem
3418 1269 3691 1333 evaserit,
3737 1284 3803 1324 ex

2199 1359 2549 1416 multitudine
2572 1360 2987 1417 interfectorum
3008 1363 3236 1433 piscium
3260 1362 3594 1420 disceretur:
3620 1368 3804 1419 omni-

2198 1455 2405 1525 busque
2434 1454 2477 1486 ¹⁷
2507 1455 2901 1520 innotesceret,
2933 1456 3062 1525 quid
3090 1466 3236 1512 tanta
3259 1458 3455 1514 veneni
3483 1458 3656 1513 moles
3683 1468 3804 1514 arte

2193 1557 2373 1616 aucta,
2406 1564 2569 1621 agere
2598 1548 2652 1604 in
2682 1549 2881 1605 misera
2909 1549 3131 1607 civitate
3157 1552 3453 1624 potuisset:
3472 1566 3594 1623 quae
3619 1552 3799 1624 negli-

2192 1653 2389 1715 genter
2412 1643 2607 1710 eliusa,
2638 1644 2799 1699 etiam
2824 1644 2996 1701 maria
3020 1647 3288 1718 corrupit.

2812 1759 3042 1818 CAPUT
3080 1760 3173 1817 Vl.

480 1841 608 1889 ret:
635 1832 722 1902 qui
749 1840 895 1903 post,
940 1834 982 1865 “
1008 1848 1195 1888 onmes
1238 1833 1395 1887 simul
1429 1832 1644 1888 exsules
1680 1832 1842 1903 jussit
1890 1829 2085 1887 occidi.

2195 1851 2407 1909 Claudii
2440 1851 2632 1909 Tiberii
2665 1851 2885 1927 Ctesaris
2908 1854 3015 1927 cita
3045 1863 3202 1927 et_res
3220 1864 3396 1925 gestae,
3422 1862 3472 1909 et
3494 1856 3801 1927 gravissima

478 1920 607 1995 Ipse
635 1932 815 1979 autem
845 1938 875 1977 a
905 1923 1021 1978 suis
1051 1924 1459 1993 protectoribus
1484 1924 1703 1979 occisus
1725 1931 1830 1979 est.
1873 1922 1989 1979 Duo
2021 1922 2086 1977 li-

479 2016 616 2074 belli
647 2018 690 2050 ¹³
718 2018 771 2073 in
805 2018 1032 2074 secretis
1056 2018 1221 2091 466
1251 2018 1368 2088 ejus
1399 2018 1608 2088 reperti
1641 2028 1801 2085 sunt,
1853 2031 2083 2089 quorum

483 2106 641 2168 alteri
673 2108 857 2181 pugio,
891 2108 1049 2165 alteri
1079 2109 1290 2181 gladius
1323 2125 1421 2180 pro
1448 2111 1605 2181 signo
1634 2109 1840 2164 nomini
1870 2111 2080 2181 ascrip-

485 2210 599 2261 tum
646 2212 802 2260 crat:
853 2203 1018 2260 ambo
1057 2204 1480 2261 lectissimorum
1525 2206 1761 2261 virorum
1801 2204 2082 2277 utriusque

481 2297 689 2356 ordinis
718 2297 975 2354 senatorii
998 2307 1050 2353 et
1084 2296 1353 2369 equestris
1382 2297 1600 2353 nomina
1628 2308 1675 2354 et
1709 2307 1863 2354 notas
1892 2297 2072 2354 conti-

2685 1923 2781 1979 sttb
2811 1940 2869 1979 eo
2899 1926 3062 1997 fames
3091 1923 3292 1980 Ronrte.

2267 2020 2425 2073 Anno
2466 2016 2535 2073 ab
2567 2016 2715 2072 Urbe
2753 2016 2970 2072 condita
3012 2031 3237 2084 nccxcv,
3283 2018 3298 2049 ¹
3335 2016 3590 2074 Tiberius
3628 2019 3798 2075 Clau-

2193 2112 2339 2181 dius,
2368 2113 2438 2169 ab
2456 2118 2697 2185 Augusto
2725 2120 2975 2184 quartus,
2997 2127 3221 2184 regnum
3246 2111 3475 2184 adeptus
3496 2120 3612 2169 est:
3641 2129 3795 2169 man-

2192 2207 2371 2275 sitque
2400 2206 2455 2262 in
2496 2221 2562 2262 eo
2590 2205 2749 2262 annis
2777 2204 3242 2277 quartuordecim.
3285 2207 3306 2238 ³
3350 2205 3588 2262 Exordio
3634 2207 3788 2279 regni

2186 2301 2303 2373 ejus
2340 2298 2536 2359 Petrus
2560 2346 2575 2370 ,
2624 2299 2905 2371 apostolus
2934 2301 2957 2333 ³
2989 2299 3205 2356 Domini
3254 2298 3427 2357 nostri
3468 2299 3633 2374 ‘67
3668 2299 3795 2358 Jesu

1782 2439 2230 2499 llAVERCAMPl
2267 2441 2499 2501 NOTE.

550 2537 607 2592 'l.
650 2535 925 2593 Miserum.
968 2535 1206 2592 Floreat.
1235 2535 1365 2603 duo,
1392 2538 1661 2592 miserant.

547 2608 856 2681 8.,Spreta
906 2606 1160 2681 legatione
1208 2606 1467 2681 Philonis.
1529 2609 1606 2681 De
1654 2608 1756 2665 hac
1804 2608 2075 2681 legatione

475 2678 687 2752 Euseb.
711 2676 813 2734 lib.
853 2694 920 2748 lt,
955 2676 1086 2747 'eap.
1120 2676 1185 2746 5,
1234 2678 1504 2752 Josephus
1535 2680 1630 2735 lib.
1676 2696 1767 2735 vtn
1809 2676 1994 2750 Antiq.
2022 2694 2071 2735 c.

480 2751 600 2877 101).
642 2750 1151 2895 azicrosolymis.
1193 2823 1364 2880 Abest
1392 2839 1495 2879 vox
1535 2823 1684 2894 prior
1722 2837 1755 2878 a
1780 2824 1905 2879 cod.
1944 2822 2072 2879 Flo-

474 2902 890 3022 mgilfgilatus
934 2978 1123 3022 autem.
1174 2965 1386 3021 Pilatus
1423 2982 1564 3021 anno
1594 2965 1834 3022 secundo
1863 2965 2071 3032 imperii

474 3036 735 3121 Caligulae
758 3036 859 3092 sibi
888 3052 1079 3093 manus
1112 3038 1284 3093 intulit
1316 3080 1330 3104 ,
1378 3036 1735 3094 Cassiodorus
1761 3078 1776 3104 ,
1826 3046 1882 3093 et
1910 3038 2076 3092 Euse-

480 3107 626 3166 bius.
669 3107 833 3164 Fusa.

548 3180 638 3237 11.
669 3178 739 3235 Ut
756 3195 957 3235 sorores
981 3198 1123 3236 suas.
1151 3180 1319 3251 Lugd.
1338 3181 1593 3237 Bat.tert.
1622 3196 1746 3236 cum
1773 3179 1908 3235 Coll.
1934 3179 2075 3237 Gro-

476 3266 632 3321 nov.,
659 3260 713 3305 ut
734 3260 780 3304 et
799 3268 999 3308 sorores
1021 3270 1163 3308 suas.
1193 3242 1308 3307 Mox
1334 3251 1579 3325 polluerit
1600 3259 1648 3308 et
1670 3251 1933 3307 damnarit
1953 3251 2077 3308 edd.
2109 3242 2156 3307 C

1038 3620 1059 3665 γλ
1078 3579 1520 3686 ’,νθῗθπθπδῦμυ
1532 3598 1553 3627 δ
1568 3607 1636 3649 ,³,
1652 3639 1688 3675 δ’

1034 3675 1083 3718 4°
1220 3676 1231 3695 λ·
1698 3665 1773 3737 ’διδ

941 4396 1117 4491 re
1343 4395 1359 4427 ί
1675 4355 1871 4497 δέ-

1070 4456 1167 4560 έ)
1232 4503 1565 4629 ΜΨ

2183 2518 2433 2607 quaedam
2464 2546 2602 2594 vett.
2649 2535 2877 2592 Nomina
2903 2549 3186 2603 sororum,
3228 2549 3351 2605 quae
3376 2541 3433 2591 et
3463 2534 3514 2590 in
3543 2535 3795 2605 pluribus

2186 2607 2346 2663 hodie
2376 2608 2497 2677 ejus
2532 2608 2875 2677 imperatoris
2923 2605 3160 2662 nummis
3189 2612 3526 2677 supersunt,
3574 2607 3797 2664 luerunt

2186 2622 2346 2691 nocte
2376 2623 2497 2677 ejus
2532 2622 2875 2691 imperatoris
2900 2622 3166 2690 .nummts.
3189 2622 3526 2691 supersunt,
3574 2622 3793 2664 ruerunt

2186 2678 2452 2745 Drusilla,
2486 2679 2657 2743 Julia,
2691 2679 3006 2750 Agrippina.
3046 2677 3167 2750 tht
3198 2677 3471 2750 quondam
3514 2694 3565 2734 tu
3598 2694 3793 2735 musco

2182 2750 2495 2807 Marckiano
2522 2748 2901 2807 Medallionem
2928 2796 2942 2818 ,
2992 2748 3233 2820 pondere
3263 2748 3529 2820 insignem
3556 2792 3573 2815 ,
3623 2760 3795 2819 atque

2181 2831 2299 2878 arte
2319 2822 2605 2892 singulari,
2629 2823 2809 2892 inquo
2827 2838 2924 2892 pro
2942 2819 3126 2876 IVLIA
3146 2819 3423 2889 sculptum
3445 2831 3562 2877 erat
3579 2820 3794 2879 LlVlA.

2181 2892 2289 2950 Sed
2321 2903 2377 2949 et
2405 2895 2508 2949 hoc
2549 2893 2814 2958 maxime,
2848 2900 2904 2949 et
2929 2892 3033 2947 alia
3066 2907 3173 2964 non
3196 2906 3376 2964 pauca
3400 2934 3415 2957 ,
3451 2900 3791 2964 suspectum,

2185 2966 2383 3037 ingens,
2404 2964 2541 3035 alias
2570 2964 2937 3037 magnitudine
2966 2972 3031 3037 et
3048 2962 3323 3037 densitate
3350 2962 3619 3020 numisma
3645 2962 3797 3037 fece-

2184 3034 2332 3092 runt.
2376 3034 2867 3093 Distracto'museo
2905 3036 2958 3090 in
3001 3034 3352 3091 Brabantiam
3382 3044 3631 3092 avectam
3662 3034 3795 3102 fuit,

2187 3116 2372 3181 typum
2412 3119 2571 3163 antea
2600 3122 2956 3179 exceperam,
2993 3107 3220 3179 ejusque
3253 3107 3461 3179 pictura
3491 3116 3547 3164 et
3575 3108 3791 3181 magni-

2188 3180 2319 3236 tudo
2349 3182 2463 3236 luec
2493 3188 2606 3236 est:

2188 3188 2319 3236 ιιιαο
2349 3188 2463 3236 haec
2493 3188 2577 3236 851
2595 3198 2606 3233 ξ

2563 3521 3209 3645 Mrem

2593 3647 2818 3782 n.ng
2832 3646 3029 3723 HLA
3039 3646 3213 3782 “fit;

3061 3763 3090 3784 ﬂ

2515 3521 3105 3645 ρδῖδῷὁωοωοκθρ.
3196 3600 3209 3613 κ

2282 3708 2297 3727 ,
2527 3646 2579 3717 [Φ
2593 3647 2810 3721 avsa
2832 3646 3029 3723 tam
3109 3632 3213 3733 "es,

2706 3510 3400 4063 ρ

2219 3875 2891 4100 κως.
2932 3867 3346 4079 Atil,

2208 3925 2902 4384 "Eii
2935 4088 2986 4198 ’Χῖ
3006 4061 3186 4359 ἥρ

2692 4259 2710 4291 ³
2747 4259 2841 4338 μέλ
3017 4293 3024 4298 ·
3087 4249 3153 4345 ιη’
3263 4264 3315 4293 θ’

3166 4450 3167 4453 γ

2436 4484 2587 4534 ηεαδ,
2642 4517 2646 4521 λ
2831 4489 2835 4494 “
3039 4498 3123 4534 ,κο

556 4808 645 4864 12.
674 4806 862 4862 Omnes
887 4807 1041 4862 simul
1070 4808 1272 4863 exsules
1290 4808 1452 4876 jussit
1484 4808 1672 4863 occidi.
1705 4807 1989 4864 Rationem
2023 4808 2077 4864 in
2106 4810 2159 4871 ι)
2256 4807 2343 4865 15.
2388 4808 2671 4868 Demersis.
2702 4807 2838 4865 Cod.
2871 4808 3155 4874 Peritum,
3182 4808 3385 4864 mersis.

482 4877 609 4951 Yita
635 4877 756 4949 ejus
776 4892 896 4947 cap.
923 4877 994 4934 28
1022 4878 1171 4951 addit
1190 4878 1482 4951 Suetonius
1507 4897 1519 4932 :
1550 4879 1859 4935 Revocatum
1899 4896 2077 4951 quem-

483 4948 608 5005 dam
662 4948 695 5003 α
742 4959 904 5005 vetere
933 4949 1115 5023 exsilio
1141 4950 1460 5019 sciscitatus,
1497 4950 1746 5023 quidnam
1789 4952 1859 5006 ibi
1907 4948 2078 5023 facere

480 5030 802 5089 consuesset,
853 5021 1195 5092 respondente
1248 5039 1306 5077 eo
1358 5039 1452 5092 per
1504 5021 1915 5089 adulationem,
1954 5023 2077 5078 deos

479 5108 679 5165 semper
708 5093 881 5156 oravi,
913 5102 1002 5165 ut,
1034 5094 1170 5162 quod
1218 5094 1412 5165 evenit,
1473 5094 1663 5162 periret
1692 5092 1928 5165 Tiberius
1956 5136 1971 5161 ,
2026 5104 2077 5148 et
2140 5148 2161 5164 ο

482 5171 539 5219 tu
564 5163 844 5248 imperares
871 5164 1132 5246 {opinans
1155 5206 1170 5229 ,
1192 5164 1290 5247 sibi
1330 5180 1544 5248 quoque.
1561 5163 1776 5248 exsules.
1787 5182 1908 5248 suos
1939 5182 2077 5220 mor-

481 5244 582 5292 tem
626 5234 930 5308 imprecari,
986 5235 1123 5289 misit
1166 5235 1357 5290 circum
1406 5234 1636 5306 insulas,
1690 5237 1776 5308 qui
1810 5236 2076 5292 universos

481 5306 922 5363 contrucidarent.

476 5390 532 5445 ω
552 5378 641 5433 15.
670 5374 739 5431 In
753 5378 980 5432 secretis.
1014 5377 1153 5433 Coll.
1185 5377 1358 5433 Gron.
1378 5420 1393 5445 ,
1421 5380 1477 5433 in
1500 5386 1717 5435 secreto.

550 5448 641 5504 M.
687 5446 1010 5519 Veneriorum
1039 5450 1226 5519 pocula
1254 5451 1547 5505 continens.
1608 5450 1726 5505 Duo
1755 5449 1875 5506 haec
1903 5450 2073 5506 verba

480 5519 782 5589 posteriora
808 5563 823 5587 ,
859 5518 915 5574 in
945 5518 1053 5577 uno
1083 5519 1291 5577 Veneto
1321 5520 1413 5577 lib.
1444 5531 1636 5581 erant.
1689 5521 2077 5578 desiderantur

476 5599 659 5662 autem
691 5590 746 5646 in
773 5591 979 5647 omnib.
1021 5590 1195 5647 Laur.
1216 5620 1288 5632 -—
1309 5590 1495 5662 Inepte
1521 5602 1699 5649 tamen
1730 5591 1932 5649 dictum
1965 5602 2067 5647 est.

479 5661 701 5734 Venena
730 5663 873 5734 enim
907 5678 1071 5733 pura,
1119 5661 1595 5734 nondumimixta,
1643 5673 1817 5717 erant.
1870 5664 1983 5734 Ego
2015 5664 2068 5717 in

477 5733 644 5790 nullis
672 5747 803 5788 mss.
851 5732 1055 5790 inveni.
1106 5734 1332 5790 Sueten.
1363 5733 1418 5789 in
1450 5732 1620 5802 Calig.
1651 5748 1772 5803 cap.
1803 5734 1874 5789 49
1907 5732 1935 5787 ε’
1969 5734 2066 5789 In-

470 5814 623 5879 venta
649 5814 698 5879 et
725 5821 847 5879 arca
872 5805 1085 5879 ingens,
1133 5806 1392 5879 uariorum
1428 5820 1739 5860 venenorum
1778 5804 1973 5879 plena:
2013 5814 2070 5863 ct

480 5874 563 5933 sic
588 5874 755 5935 etiam
785 5876 924 5933 forte
953 5876 1173 5947 scripsit
1201 5875 1444 5933 Orosius.

2260 4881 2349 4937 16.
2390 4879 2646 4954 Magnum
2669 4896 2872 4954 revera.
2915 4879 2994 4937 Ita
3024 4882 3241 4954 reposui
3272 4894 3395 4935 cum
3432 4890 3565 4933 mss.
3597 4883 3657 4933 et
3685 4875 3783 4933 ed.

2184 4953 2322 5022 Aug.
2356 4950 2515 5023 atque
2542 4951 2760 5018 Scotti.;
2784 4951 2966 5022 vulgg.
3001 4950 3229 5022 reliqui,
3260 4964 3509 5021 magnum
3535 4963 3681 5023 vero.

2258 5018 2343 5079 1⁷7.
2377 5018 2751 5080 Innotesceret.
2780 5018 3079 5087 Sic'mss.;
3112 5018 3391 5078 notesceret
3420 5022 3472 5073 in
3506 5018 3690 5089 vulgg.

2255 5094 2382 5150 CAP.
2418 5094 2505 5150 Vl.
2536 5125 2609 5135 —
2630 5097 2680 5151 1.
2716 5094 2946 5150 Tiberius
2976 5092 3253 5153 Claudius.
3288 5092 3364 5151 De
3405 5089 3637 5147 Claudio
3665 5090 3790 5146 Ca-

2183 5179 2339 5230 sare,
2375 5166 2704 5233 Suetonius,
2745 5166 2840 5220 Dio
2865 5207 2880 5231 ,
2916 5165 3211 5236 Eutropius
3230 5170 3316 5236 et,
3338 5164 3469 5221 Sex.
3498 5161 3787 5236 Aurelius.

2182 5236 2479 5306 Imperavit
2504 5237 2663 5293 annis
2690 5232 2762 5292 t5
2786 5282 2800 5307 ,
2849 5232 3125 5307 mensibus
3149 5237 3215 5305 8,
3264 5235 3461 5307 diebus
3486 5232 3578 5290 20.
3619 5232 3787 5307 19se-

2185 5303 2451 5434 gnosius.
2485 5325 2555 5366 xx
2580 5308 2765 5381 Autiq.
2788 5303 2848 5365 'e.
2882 5308 2935 5365 5.
2965 5303 3231 5379 Xipltiliu.
3279 5308 3334 5363 in
3368 5306 3620 5378 Epitoma
3648 5303 3787 5361 Dio-

2224 5396 2236 5433 l
2277 5420 2290 5434 .
2379 5396 2501 5434 ann.
3196 5394 3201 5397 ‘

2184 5393 2290 5436 IIIS.
2336 5393 2501 5436 P'ABR.
3196 5394 3201 5397 ἦ

2250 5455 2306 5505 2.
2356 5451 2596 5506 Exul-dio
2622 5451 3286 5524 regni._Anno_secundo
3312 5493 3339 5524 ,μ
3376 5447 3676 5524 ὃᾳιαςῃίηο
3707 5454 3785 5524 _et

2180 5520 2422 5594 Yenusto
2450 5516 2990 5594 coss.Ca§siodorus.
3020 5519 3166 5594 Lege
3181 5522 3381 5580 Euseb.
3426 5519 3482 5575 in
3507 5516 3779 5575 Chronic.

2180 5592 2279 5653 Ed.
2315 5594 2480 5663 Aug.,
2514 5594 2580 5647 ab
2601 5594 2839 5649 exordio.
2882 5592 3049 5649 ΕΔΜ.

2248 5665 2302 5719 5.
2346 5664 2553 5718 Domini
2583 5665 2763 5719 nostri.
2799 5666 2853 5720 In
2884 5664 3137 5721 Perizon.
3170 5672 3333 5735 atque
3361 5663 3629 5721 Florentt.
3662 5676 3777 5719 sec.

2176 5743 2387 5861 ιᾳιὲι..
2420 5736 2576 5793 deest
2617 5738 2799 5792 nostri.
2856 5736 2901 5791 Α
2934 5736 3175 5793 Florent.
3215 5751 3328 5794 sec.
3374 5737 3531 5816 abest
3560 5751 3783 5807 quoque

2257 5822 2327 5861 νιε
2352 5823 2387 5861 t.

2257 5815 2387 5862 rtsti.
