4096 6350
364 317 502 376 1075

1384 310 1854 369 IIISTORIARUM
1897 311 2102 368 LIBER
2144 310 2252 369 VII.
2294 312 2447 368 CAP.
2495 312 2576 369 VI.

3522 312 3661 375 1074

360 430 559 489 Christi
586 472 601 496 ,
653 428 880 485 Romam
916 426 1065 483 venit
1093 435 1149 482 et
1174 426 1466 483 salutarem
1493 426 1704 482 cunctis
1732 427 1961 483 creden-
1989 430 2035 488 Α
2066 425 2218 489 tiam,
2250 426 2668 484 Scribonianum
2702 428 2895 499 quinto
2917 429 3097 483 statim
3124 428 3212 484 die
3233 429 3553 485 destitutum
3583 429 3664 484 in—

362 524 503 581 tibus
549 522 711 579 fidem
757 519 909 577 fideli
956 521 1124 577 verbo
1170 520 1396 587 docuit,
1460 520 1960 592 potentissimisque

359 617 648 675 virtutibus
691 614 1035 687 approbavit.
1096 615 1273 683 Atque
1312 614 1334 645 ⁸
1364 615 1489 671 exin
1527 613 1822 671 Clit‘iStiaui
1856 615 1958 670 Ro-

359 727 462 769 mae
503 724 629 767 esse
670 716 974 779 coeperunt.
1021 706 1208 765 Sensit
1246 709 1349 764 hoc
1391 708 1651 763 collatum
1696 708 1819 764 fidei
1846 723 1958 763 sua:

354 804 527 860 Roma
561 801 911 860 beneficium.
946 802 968 833 ⁸
1007 800 1141 857 Nam
1172 815 1296 857 cum
1327 799 1616 858 interfecto
1657 800 1907 873 Caligula
1935 803 1956 834 ⁶

352 898 519 956 multa
548 897 619 955 de
643 896 962 968 abrogando
1006 897 1266 966 imperio,
1300 911 1365 951 ac
1394 896 1675 967 republica
1714 898 1767 952 in
1805 898 1953 952 anti-

349 1007 515 1064 quum
557 990 806 1053 ordinem
845 988 1188 1045 restituenda
1229 988 1250 1019 ⁷
1284 988 1696 1059 evertendaque
1738 990 1954 1061 penitus

347 1085 629 1143 Cassarum
660 1084 916 1140 universa
946 1083 1147 1140 familia
1187 1091 1413 1139 senatus
1455 1094 1513 1141 et
1551 1086 1806 1141 consules
1848 1086 1945 1143 de-

311 1183 319 1195 ‘
347 1180 677 1248 crevissent,
700 1176 964 1234 Claudius
993 1193 1138 1242 mox,
1168 1185 1229 1233 ut
1254 1177 1601 1234 confirmavit
1632 1177 1946 1250 imperium,

312 1288 319 1295 ’
347 1286 542 1343 magna
573 1281 735 1342 atque
762 1271 785 1305 ⁸
808 1268 988 1325 adhuc
1016 1269 1208 1325 Romae
1238 1269 1511 1341 incognita
1546 1287 1676 1326 usus
1702 1271 1949 1327 clemen-

310 1376 315 1383 '
348 1366 449 1432 tia,
503 1382 572 1422 ne
604 1365 659 1421 in
706 1373 911 1421 tantam
958 1364 1218 1420 nobilium
1259 1364 1663 1429 multitudinem
1688 1364 1866 1432 ultio,
1900 1364 1946 1420 si

344 1469 497 1517 esset
523 1467 725 1531 erepta,
752 1459 974 1515 saeviret
1005 1475 1020 1524 ;
1046 1461 1068 1493 θ
1098 1457 1322 1514 biduum
1346 1457 1501 1528 illud,
1528 1474 1635 1528 quo
1665 1458 1733 1514 de
1766 1458 1947 1530 reipu-

344 1550 508 1609 blicae
537 1558 684 1609 statu
709 1549 1003 1608 infeliciter
1029 1551 1393 1607 consultatum
1426 1560 1717 1622 actumque
1744 1552 1939 1619 fuerat,

343 1644 625 1700 memoriae
654 1643 886 1711 exemit,
924 1645 1277 1714 omniumque
1308 1641 1573 1699 factorum
1603 1643 1943 1701 dictorumve

306 1730 309 1737 “
344 1738 398 1794 in
429 1751 498 1795 eo
527 1737 742 1794 veniam
773 1744 832 1794 et
856 1737 1187 1793 oblivionem
1218 1737 1263 1769 ¹⁰
1295 1740 1348 1792 in
1381 1747 1704 1808 perpetuum
1737 1740 1938 1795 sanxit.

2067 518 2304 588 terfecit,
2358 536 2588 593 seseque
2627 532 2975 577 sacramento
3017 521 3218 593 prioris
3255 522 3459 576 militia:
3486 520 3665 576 conti-

2061 610 2198 667 nuit.
2222 611 2455 667 Tristius
2495 628 2558 667 ac
2591 613 2952 683 perniciosius
2994 613 3115 668 urbi
3147 612 3334 667 Romae
3374 612 3509 666 nihil
3546 626 3663 668 um-

2060 717 2220 774 quam
2257 703 2448 768 fuissc,
2488 719 2648 774 quam
2698 704 2838 759 bella
2890 704 3099 770 civilia,
3141 706 3271 757 satis
3314 712 3500 758 notum
3548 710 3659 767 est.

2058 797 2244 869 Itaque
2277 808 2497 869 prepter
2530 800 2827 854 adventum
2871 799 3108 869 apostoli
3153 799 3299 854 l’etri
3327 841 3342 866 ,
3389 806 3446 853 et
3472 804 3660 853 tenera

2056 890 2495 947 Christianorum
2556 893 2798 963 germina
2856 892 3077 947 vixdum
3128 892 3305 947 adhuc
3365 904 3535 963 pauca
3590 889 3661 945 ad

2057 991 2263 1038 sanctae
2298 983 2422 1039 lidei
2458 984 2500 1014 ¹⁷
2534 983 2934 1054 professionem
2963 985 3329 1053 erumpentia,
3364 981 3506 1038 hanc
3527 994 3662 1038 exo-

2055 1076 2286 1131 rientem
2316 1075 2658 1148 tyrannidem
2687 1118 2701 1142 ,
2731 1082 2787 1132 et
2808 1091 3143 1147 consurgens
3172 1075 3317 1131 istud
3347 1074 3510 1132 civile
3538 1072 3659 1130 bel-

2055 1170 2168 1225 lum
2217 1178 2381 1241 neget
2422 1170 2708 1241 quisquam
2756 1170 3016 1226 divinitus
3071 1185 3194 1226 esse
3232 1166 3657 1240 compressum?

2051 1262 2156 1331 Qui
2185 1260 2474 1332 praeteritis
2504 1263 2838 1334 temporibus
2860 1264 2926 1318 de
2950 1263 3362 1333 compressione
3384 1260 3654 1316 bellorum

2051 1357 2290 1412 civilium
2330 1357 2511 1413 simile
2539 1358 2785 1428 probarit
2814 1358 3145 1428 exemplum.
3175 1356 3437 1414 Claudius
3459 1361 3654 1425 quarto

2050 1451 2265 1521 imperii
2288 1450 2373 1505 sui
2398 1465 2565 1516 anno,
2593 1451 2639 1483 "
2665 1451 2895 1521 cupiens
2915 1465 2976 1507 se
3000 1450 3187 1505 utilem
3221 1450 3430 1519 reipub.
3464 1457 3656 1503 osten-

2047 1552 2161 1597 tare
2208 1542 2511 1613 principem
2536 1584 2550 1608 ,
2604 1543 2803 1598 bellum
2834 1540 3031 1612 ubique
3074 1551 3130 1597 et
3162 1541 3444 1595 victoriam
3486 1540 3655 1596 unde-

2043 1652 2275 1710 cumque
2294 1638 2562 1708 quaesivit.
2585 1635 2779 1707 Itaque
2793 1635 3198 1707 expeditionem
3232 1637 3282 1689 iu
3310 1635 3648 1691 Britanniam

2046 1733 2215 1788 movit
2241 1751 2254 1788 :
2283 1749 2405 1803 «iure
2431 1732 2663 1788 excitata
2688 1733 2743 1787 in
2771 1731 3067 1786 tumultum
3099 1742 3318 1802 propter
3340 1732 3507 1786 non"
3523 1731 3651 1788 red-

305 1822 311 1827 ’
344 1832 385 1863 ¹¹
434 1831 510 1886 lla
557 1830 706 1886 illam
746 1829 1061 1901 praeclaram
1108 1838 1163 1885 et
1205 1828 1471 1885 famosam
1517 1828 1938 1886 Atheniensium
1970 1824 2018 1885 Β
2047 1828 2247 1885 hibitos
2309 1828 2614 1900 transfugas
2637 1827 2961 1893 videbatur;
2993 1836 3450 1900 transvectusque
3483 1827 3537 1883 in
3562 1828 3644 1883 in-

342 1925 694 1991 amnestiam,
720 1939 880 1996 quam
914 1922 1132 1995 quidem
1160 1922 1351 1979 Rontze
1384 1922 1643 1981 inducere
1668 1923 1812 1981 Julio
1833 1922 1944 1982 Cae-

308 2006 311 2007 l
340 2033 466 2077 sare
495 2018 788 2076 interfecto
807 2026 1052 2085 senatus,
1085 2016 1352 2074 Cicerone
1381 2017 1667 2086 suadente,
1694 2016 1942 2077 'tentave-

341 2113 594 2181 rat,ised
645 2111 887 2169 Antonio
944 2120 1001 2167 et
1049 2110 1353 2167 Octaviano
1403 2119 1629 2183 propter
1677 2110 1940 2169 ultionem

338 2205 597 2263 exStincti
623 2205 855 2261 Caesaris
877 2204 1328 2274 irrumpentibus,
1355 2204 1408 2259 in
1434 2203 1646 2260 irritum
1668 2214 1939 2262 cesserat:

336 2297 477 2354 hanc
505 2297 786 2361 Claudius,
816 2297 1061 2369 quamvis
1092 2298 1136 2329 "
1163 2297 1336 2353 multo
1360 2297 1754 2355 truculentiore
1779 2314 1939 2355 causa

338 2389 393 2445 in
423 2389 632 2446 easdem
661 2390 708 2422 “
730 2388 1171 2461 conSpiratorum
1196 2386 1241 2420 ιδ
1264 2387 1730 2457 instimularetur,
1766 2389 1943 2446 ultro-

308 2481 437 2540 ’nea
490 2483 784 2542 clementia
848 2484 1000 2540 nullo
1049 2494 1344 2556 expetente
1400 2483 1657 2541 firmavit.
1728 2484 1940 2542 Accidit

308 2576 309 2579 “
340 2580 505 2636 etiam
538 2579 735 2638 eodem
774 2588 1024 2653 tempore
1051 2581 1341 2651 praesentis
1381 2581 1568 2652 gratim
1605 2583 1699 2638 Dei
1728 2583 1938 2655 grande

336 2676 655 2733 miraculum
684 2716 702 2743 ,
730 2675 997 2748 siquidem
1026 2675 1221 2731 Furius
1243 2673 1509 2732 Camillus
1525 2676 1932 2746 Scribonianus,

306 2756 623 2824 'Dalmatiae
663 2767 897 2839 legatus,
940 2768 1146 2825 bellum
1184 2768 1344 2825 civile
1389 2770 1639 2839 molitus,
1698 2771 1938 2843 legiones

336 2860 543 2916 multas
590 2859 1024 2932 fortissimasque
1066 2861 1134 2916 ad
1191 2864 1517 2919 sacramenti
1577 2864 1935 2921 mutationem

331 2954 653 3026 pellexerat.
687 2952 873 3025 Itaque
904 2954 949 2985 ³⁵
970 2953 1059 3010 die
1088 2954 1254 3023 dicto,
1282 2965 1338 3009 ut
1370 2956 1423 3010 in
1456 2971 1620 3011 unum
1651 2956 1818 3030 468
1840 2974 1936 3013 un-

329 3048 495 3122 dique
529 3048 596 3104 ad
625 3063 824 3105 novum
854 3048 1238 3119 imperatorem
1288 3052 1709 3120 conveniretur,
1752 3054 1797 3084 ¹⁶
1838 3069 1931 3110 ne.

330 3156 439 3214 que
460 3140 654 3213 aquila:
673 3140 882 3208 ornari,
902 3155 1076 3213 neque
1099 3141 1334 3199 convelli
1353 3145 1743 3216 quoquomodo
1755 3146 1932 3218 signa,

2047 1924 2221 1979 sulam
2269 1931 2384 1990 est,
2413 1937 2577 1995 quam
2616 1937 2793 1995 neque
2821 1932 2947 1979 ante
2970 1923 3176 1980 Julium
3210 1923 3480 1979 Caesarem
3503 1964 3518 1990 ,
3554 1938 3654 1981 ne-

2044 2031 2152 2086 que
2184 2027 2307 2088 post
2338 2032 2461 2072 eum
2492 2016 2776 2086 quisquam
2810 2015 2964 2072 adire
2996 2031 3159 2072 ausus
3194 2015 3391 2073 fuerat.
3433 2017 3646 2088 Ibique,

2045 2108 2091 2140 ὀ
2141 2117 2199 2164 ut
2237 2108 2423 2164 verbis
2467 2107 2716 2164 Suetonii
2760 2108 3060 2179 Tranquilli
3104 2111 3317 2181 loquar,
3366 2111 3484 2167 sine
3527 2110 3643 2167 ullo

2045 2203 2235 2275 praelio
2257 2216 2324 2258 ac
2359 2201 2627 2274 sanguine
2654 2202 2795 2258 intra
2822 2203 3179 2273 paucissimos
3212 2204 3330 2260 dies
3352 2203 3643 2275 plurimam

2043 2297 2237 2354 insulae
2264 2306 2476 2367 partem
2506 2296 2561 2352 in
2592 2294 2928 2352 deditionem
2960 2298 3188 2368 recepit.
3216 2299 3456 2355 Orcadas
3479 2299 3643 2355 etiam

2044 2391 2252 2447 insulas
2278 2390 2421 2446 ultra
2448 2390 2785 2446 Britanniam
2813 2390 2866 2446 in
2893 2391 3113 2447 Oceano
3146 2394 3372 2463 positas,
3398 2392 3646 2449 Romano

2042 2483 2243 2555 adjecit
2263 2482 2516 2554 imperio,
2550 2497 2616 2539 ac
2643 2492 2800 2539 sexto
2826 2498 2988 2554 quam
3015 2484 3291 2554 profectus
3307 2494 3424 2540 crat
3456 2499 3646 2543 mense

2040 2574 2270 2631 Romani
2298 2574 2483 2631 rediit.
2514 2573 2839 2630 Conferatur
2864 2591 3006 2630 nunc
3026 2622 3040 2642 ,
3072 2577 3118 2631 si
3150 2576 3405 2648 cuiquam
3442 2578 3638 2647 placet,

2041 2669 2084 2702 ²¹
2139 2668 2240 2725 sub
2283 2684 2386 2722 una
2441 2667 2637 2735 insula,
2699 2677 2911 2738 tempus
2952 2679 3006 2723 ct
3055 2678 3286 2738 tempus,
3340 2669 3541 2726 bellum
3589 2681 3646 2727 et

2042 2763 2277 2829 bellum,
2309 2760 2475 2834 569
2514 2759 2697 2833 Caesar
2727 2768 2782 2815 et
2808 2759 3014 2815 Cmsar.
3043 2759 3175 2815 Nam
3209 2760 3276 2815 de
3300 2759 3405 2815 line
3427 2762 3472 2792 “
3503 2760 3643 2816 nihil

2040 2854 2297 2914 confero:
2321 2853 2580 2926 quoniam
2606 2853 2707 2908 hoc
2722 2851 3036 2909 felicissima
3061 2842 3310 2921 victoria,
3332 2852 3464 2909 illud
3491 2869 3646 2911 acer-

2039 2953 2264 3011 bissima
2291 2950 2476 3006 clades
2505 2948 2636 3005 fuit:
2671 2957 2725 3004 et
2757 2949 2839 3002 sic
2868 2948 3085 3004 demum
3116 2947 3286 3003 Roma
3320 2958 3635 3020 cognoscat,

2041 3064 2138 3121 per
2168 3048 2565 3119 ejuslatentem
2593 3043 2997 3113 providentiam
3027 3041 3073 3074 ²³
3101 3042 3156 3097 in
3183 3041 3448 3113 augendis
3477 3043 3642 3099 rebus

2040 3153 2200 3197 antea
2229 3154 2291 3197 se
2321 3146 2531 3211 partem
2558 3135 2832 3194 felicitatis
2862 3134 3142 3202 habuisse,
3173 3133 3331 3205 cujus
3361 3132 3642 3207 agnitione

329 3234 620 3291 moverive
662 3242 978 3305 potuerunt.
1023 3235 1312 3292 Exercitus
1346 3243 1494 3293 tanta
1523 3248 1581 3294 et
1620 3246 1728 3294 tam
1758 3238 1935 3295 inusi-
1959 3222 2007 3286 C
2041 3242 2328 3305 suscepta,
2360 3229 2679 3302 plenissima
2720 3227 2983 3286 felicitate
3024 3225 3345 3300 perfruitur,
3380 3227 3434 3282 in
3462 3242 3639 3298 quan-

330 3336 441 3385 tata
472 3327 720 3385 miraculi
756 3326 864 3384 fide
897 3338 1080 3385 motus
1105 3370 1120 3395 ,
1148 3337 1205 3386 et
1231 3343 1533 3387 conversus
1566 3330 1619 3388 in
1654 3332 1931 3405 poeniten-

2045 3340 2159 3388 tum
2205 3343 2314 3385 non
2362 3336 2541 3384 tamen
2579 3324 3039 3395 blasphemiarum
3068 3321 3414 3380 olfendiculis
3443 3322 3642 3394 depra-

1628 3532 2100 3599 ‘HAVERCAMPI
2138 3531 2371 3591 NOTAE.

403 3709 461 3765 4.
491 3705 651 3780 Exin.
687 3707 817 3765 Mss.
851 3707 1025 3780 Lugd.
1056 3710 1226 3779 Batt.,
1257 3710 1435 3766 etiam.

403 3781 454 3855 5.
485 3778 649 3855 11am.
684 3780 811 3855 mss.
841 3778 1013 3855 Lugd,
1042 3781 1181 3855 Batt.
1209 3778 1325 3855 pr.,
1341 3785 1480 3855 jam.

404 3852 469 3925 6.Δ
494 3850 689 3906 Multa.
733 3851 863 3925 Mss.
897 3850 1022 3909 edd.
1050 3850 1272 3925 quidam
1315 3850 1500 3925 inepte
1526 3855 1737 3913 addunt
1765 3858 1925 3925 mala,

326 3922 474 4007 quod
499 3937 563 3979 ex
598 3925 743 3980 varia
776 3924 1012 3982 lectione
1040 3922 1095 3981 et
1117 3924 1384 3982 affinitate
1408 3922 1538 3983 cum
1570 3928 1768 3994 multa,
1803 3922 1929 3999 pro;

327 4006 503 4052 \‘CI’III.

402 4069 458 4123 7.
494 4064 904 4139 Evertendaque.
938 4065 1182 4141 Floreat.
1227 4081 1339 4124 sec.
1359 4109 1376 4136 ,
1409 4070 1761 4141 verendaque,
1805 4086 1927 4139 quat

327 4148 587 4215 corrupta
621 4142 891 4215 scriptura
917 4146 1001 4195 est
1027 4138 1603 4215 verbieuerrendaque,
1623 4138 1791 4215 quod,
1814 4142 1924 4198 for-

328 4211 471 4267 sitan
502 4210 642 4266 haud
680 4226 844 4277 vane,
875 4210 930 4266 in
962 4211 1087 4266 cod.
1119 4211 1476 4268 Perizoniano
1503 4210 1706 4269 inveni.

401 4283 458 4337 8.
493 4282 678 4357 Adhuc
717 4283 917 4357 Ranae.
957 4281 1015 4337 In
1049 4282 1287 4338 Florent.
1327 4297 1441 4339 sec.
1473 4284 1921 4357 superscribitur,

328 4350 521 4410 Forte.
554 4355 623 4409 ad
651 4353 747 4408 hoc
792 4353 988 4408 (ionice.

400 4397 895 4523 aliquam-illud.
928 4425 1197 4523 Hie-locus
1226 4427 1301 4523 it:
1324 4426 1710 4523 rectenlelgliturI
1722 4428 1779 4510 in
1809 4444 1924 4483 ma-

326 4496 623 4569 nuscriptis
645 4538 661 4560 ,
683 4506 744 4552 ut
770 4498 1121 4569 cognoscitur
1142 4512 1210 4553 ex
1259 4497 1505 4553 Suetonii
1542 4496 1770 4555 Claudio
1799 4514 1920 4569 cap.

328 4569 384 4623 1.
416 4567 583 4623 FABB.
605 4597 678 4610 —
696 4569 966 4623 Judicium
991 4567 1145 4636 illud,
1173 4577 1280 4624 etc.
1309 4570 1473 4637 Olim,
1507 4571 1722 4625 biduum
1746 4567 1881 4626 illud
1904 4587 1923 4625 :

327 4639 425 4695 sed
463 4639 724 4713 Venetam
765 4639 905 4695 hanc
947 4641 1344 4713 restitutionem
1379 4644 1640 4712 probant,
1684 4659 1807 4713 qua:
1832 4657 1924 4699 se-

327 4721 567 4786 quuntur
597 4712 740 4767 illico
777 4730 789 4786 ς
820 4712 1150 4783 omniumque
1176 4716 1456 4786 factorum,
1490 4712 1844 4786 dictorumque
1868 4717 1922 4769 in

329 4798 392 4838 eo
411 4783 611 4838 veniam
637 4792 687 4838 et
735 4785 1036 4840 oblivionem
1063 4785 1261 4837 sanxit.
1285 4784 1455 4839 Laur.
1479 4816 1548 4825 —
1578 4785 1635 4839 lu
1665 4783 1922 4841 omnibus

327 4869 464 4925 mss.
497 4866 558 4910 ut
581 4863 637 4912 et
663 4856 751 4912 ed.
782 4855 1012 4925 August.
1036 4864 1124 4911 est
1152 4854 1384 4917 biduum,
1416 4865 1478 4910 ut
1508 4866 1656 4913 recte
1684 4857 1921 4912 restituit

327 4923 659 5000 Fabricius;
682 4923 946 5000 judicium
975 4928 1168 5000 merito
1198 4927 1479 5000 desideres
1519 4928 1571 4982 iu
1610 4929 1707 4997 iis,
1737 4930 1826 4997 qui
1853 4944 1921 4984 ex

325 4998 510 5069 pravis
540 4998 699 5069 editt;
732 5010 1031 5069 recoquunt
1052 4998 1334 5069 judicium.

400 5070 489 5125 10.
541 5068 607 5124 In
660 5068 985 5142 perpetuum.
1035 5068 1161 5125 Mss.
1209 5069 1382 5141 Lugd.
1425 5069 1570 5142 Bait.
1613 5085 1738 5142 cum
1783 5068 1923 5125 Coll.

328 5140 568 5216 Gronov.
598 5140 1070 5216 in'posterum,’ex
1112 5140 1315 5213 glossa,
1345 5141 1505 5197 sicuti
1538 5141 1589 5196 in
1616 5140 1811 5197 iisdem
1838 5155 1929 5195 su-

328 5227 423 5283 pra
456 5214 637 5269 delevit
659 5214 797 5283 ,‘pro
825 5215 1031 5269 exemit.

402 5284 490 5339 11.
519 5283 606 5339 Ita
636 5281 802 5341 illam.
838 5287 969 5342 Mss.
997 5286 1239 5353 quidam,
1266 5285 1339 5338 ita
1370 5294 1414 5337 rt
1442 5281 1608 5338 illam.

400 5358 488 5429 12.
510 5357 705 5429 atauo.
737 5359 905 5414 Abest
930 5372 960 5413 a
993 5358 1162 5429 Lugd.
1189 5356 1330 5411 Bait.
1360 5371 1439 5426 pr.
1476 5364 1531 5411 et
1558 5363 1687 5411 tert.
1711 5362 1874 5427 atque
1901 5371 1929 5412 a

324 5424 466 5481 Coll.
495 5426 736 5484 Gronov.

400 5428 466 5481 ill.
544 5443 642 5482 ron
686 5444 736 5484 v.
1078 5426 1095 5429 ⁷
1790 5426 1793 5427 ν

400 5426 974 5582 ξᾷ.ϐροηξ(;)ἱνιξιονιξοη.
1014 5498 1153 5582 C‘od.
1177 5498 1470 5582 "Perizom,
1509 5501 1924 5582 conjuratqrum.

322 5575 331 5579 ’
402 5567 489 5623 14.
532 5567 985 5624 Instimularetur.
1028 5569 1211 5625 Orosii
1252 5570 1467 5625 videtur
1507 5567 1632 5625 esse
1675 5568 1926 5635 verbum,

209 5627 228 5644 ’
322 5638 468 5711 quod
500 5655 567 5696 ex
610 5654 742 5696 mss.
787 5654 1060 5697 consensu
1099 5641 1338 5697 restitui.
1387 5641 1599 5712 Vulgg.,
1626 5627 1927 5696 stimulare;

333 5721 491 5839 mis.
520 5782 619 5839 Die
639 5784 799 5840 dicto.
822 5783 1099 5850 Perizon.,
1126 5783 1213 5840 die
1238 5784 1382 5840 dato.
1556 5796 1567 5826 ι

401 5855 488 5911 16.
521 5855 703 5930 Neque
732 5858 922 5929 aquin
949 5856 1150 5914 ornari.
1179 5856 1334 5929 Apud
1366 5856 1599 5916 Sueten.
1619 5856 1675 5915 in
1703 5853 1933 5914 Claudio

1950 4994 2005 5055 D

2038 3729 2161 3786 cap.
2194 3716 2285 3772 15.
2326 3711 2721 3788 nequeaquila
2756 3714 2939 3788 ornari
2979 3710 3196 3788 legitur.
3247 3711 3349 3770 Ubi
3380 3716 3593 3786 aquilas
3619 3764 3634 3788 ,

2043 3782 2274 3843 nu'mero
2320 3782 2547 3856 plurali,
2573 3782 2725 3854 apud
2755 3782 3007 3856 Orosium
3041 3784 3144 3854 legi
3182 3793 3338 3839 uetat
3366 3782 3637 3844 Ca'usaub'.

2037 3869 2302 3930 tegatque
2324 3854 2404 3912 Van
2434 3871 2624 3930 omnes
2667 3855 2867 3930 aquilae
2893 3854 2947 3909 in
2976 3856 3079 3911 hoc
3106 3864 3324 3930 ostento
3354 3859 3638 3929 conSpira-

2038 3926 2262 3986 verint'?
2281 3943 2475 3998 rogare
2500 3926 2736 3982 vicissim
2767 3940 3009 3998 possum,
3036 3941 3107 3998 an
3126 3926 3559 3998 conspiraverint
3579 3932 3634 3988 in

2038 4001 2231 4127 θράξαι
2258 3996 2473 4057 ostento
2495 4039 2512 4065 ,
2543 4012 2639 4054 seu
2665 3998 2846 4068 potius
2872 3996 3062 4053 eadem
3092 3996 3310 4067 fraude,
3335 3999 3489 4071 signa
3518 4018 3635 4058 om-

2038 4088 2126 4127 ma

2038 4088 2126 4129 ma

2110 4145 2198 4199 17.
2259 4141 2668 4210 Professionem.
2724 4140 2798 4196 Ita
2845 4143 2899 4195 in
2944 4140 3139 4196 Colon.
3188 4141 3394 4210 inveni,
3432 4153 3489 4199 et
3528 4161 3636 4201 non

2034 4216 2279 4287 ambigo,
2303 4216 2433 4285 quin
2456 4211 2685 4269 Orosius
2707 4214 2781 4269 ita
2803 4212 3105 4281 scripserit,
3132 4226 3229 4283 pro
3245 4217 3633 4286 profectionem.

2034 4290 2208 4346 Laur.

2026 4348 2035 4356 ’
2110 4360 2199 4415 18.
2228 4358 2456 4430 Cupiens
2480 4374 2534 4412 se
2556 4356 2753 4430 utilem.
2779 4355 3159 4430 Mssaquidam
3189 4355 3397 4428 legunt,
3421 4358 3636 4430 cupiens

2033 4433 2211 4487 utilem
2237 4426 2536 4499 reipublicte
2558 4427 2826 4483 ostendere
2850 4426 3161 4499 principem.

2109 4504 2197 4559 l9.
2227 4497 2552 4556 Red/tibilos.
2583 4500 2906 4573 [lectissime
2926 4497 3119 4555 Colon.
3143 4509 3197 4573 ct
3219 4499 3515 4573 Maternus,
3534 4517 3636 4573 pro

2031 4574 2283 4629 redditos.
2312 4572 2384 4628 At
2415 4575 2508 4642 qui
2544 4573 2648 4626 hoc
2679 4570 2903 4642 verbum
2936 4571 3325 4642 nourrecipiet,
3372 4570 3632 4630 illum—ad

2025 4640 2456 4716 iurisconsultos
2482 4643 2689 4714 relego.
2721 4640 2894 4698 Laur.
2920 4641 3153 4698 —ldent
3184 4643 3236 4698 in
3268 4658 3403 4699 mss.
3442 4645 3634 4703 melio-

2030 4718 2184 4773 ribus
2216 4717 2422 4772 iuveni.

2099 4789 2191 4844 20.
2229 4786 2297 4842 Ut
2324 4788 2490 4842 verbis
2533 4785 2793 4841 Suetonii.
2828 4784 3055 4841 Sueten.
3088 4784 3140 4840 in
3179 4784 3406 4842 Claudio
3436 4803 3485 4842 c.
3536 4788 3624 4844 17.

2027 4858 2195 4986 galea.
2232 4889 2303 4898 -
2333 4858 2593 4928 Copulatn
2645 4858 2698 4911 in
2748 4866 3164 4929 transvectusque
3204 4873 3335 4913 mss.
3384 4860 3629 4932 plerique

2067 4946 2097 4986 e
2124 4939 2238 4986 ent.

2067 4932 2238 4987 elent.

2101 5005 2190 5058 2t.
2225 5000 2337 5056 Sub
2370 5017 2471 5054 una
2506 4998 2700 5053 insula.
2742 4998 2795 5052 In
2826 5008 3059 5068 quatuor
3100 5016 3229 5055 mss.
3266 5001 3406 5058 banc
3436 5003 3626 5059 inveni

2032 5072 2347 5135 lectionem,
2398 5070 2641 5126 Florent.
2690 5068 2926 5135 duobus,
2970 5070 3140 5138 Ultr.,
3174 5072 3292 5127 Meo
3331 5082 3387 5129 et
3415 5074 3634 5131 Ρθιιίιο.

2033 5145 2215 5201 niano.
2250 5143 2701 5214 Vulgg.romnes,
2725 5140 2901 5194 insula
2929 5150 2974 5214 et
2996 5142 3196 5214 insula,
3229 5144 3370 5208 quod
3408 5161 3633 5214 prorsus

2034 5214 2278 5285 ineptum
2309 5211 2411 5270 est.
2444 5212 2581 5285 Nam
2621 5211 2691 5267 de
2720 5226 2824 5285 una
2855 5213 2970 5285 agit
2996 5212 3173 5267 insula
3194 5211 3499 5285 Britannia
3524 5258 3540 5282 ,
3573 5220 3629 5274 in

2076 5282 2140 5340 ua
2183 5286 2387 5357 primus
2423 5284 2637 5349 Caesar,
2665 5282 2898 5357 sednon
2931 5283 3050 5339 sine
3087 5284 3267 5357 clade,
3316 5286 3442 5341 dein
3468 5289 3631 5343 Clau-

2076 5303 2138 5340 ua
2183 5303 2387 5357 [ll'lﬂlllS
2423 5303 2637 5349 υωεθτ,
2665 5303 2761 5339 seu
2791 5303 2898 5337 nun
2931 5303 3050 5339 Sine
3087 5303 3265 5349 claue,
3316 5303 3442 5341 αθιη
3468 5303 3631 5343 uan-

2033 5303 2185 5418 gius,
2226 5357 2319 5411 sed
2355 5358 2726 5426 prosperrime
2759 5354 2964 5427 bellum
2993 5356 3188 5425 gessit.
3222 5354 3340 5411 Non
3381 5358 3542 5427 igitur
3563 5360 3634 5417 de

2036 5428 2237 5496 insula,
2269 5425 2390 5498 qum
2415 5425 2654 5481 conferri
2675 5440 2797 5482 cum
2825 5425 2999 5479 insula
3024 5437 3210 5498 queat,
3237 5425 3473 5498 loquitur
3499 5427 3631 5484 Oro-

2039 5501 2153 5555 sius
2172 5541 2186 5565 ,
2219 5497 2315 5555 sed
2345 5509 2627 5568 comparat
2656 5513 2742 5554 res
2773 5504 2987 5565 gestas,
3029 5503 3087 5570 et
3113 5497 3371 5570 victorias
3391 5540 3406 5561 ,
3438 5502 3633 5570 quibus

2038 5570 2241 5627 Caesari
2285 5571 2339 5624 in
2384 5570 2661 5625 Britannia
2712 5573 2946 5639 palmam
2984 5568 3255 5640 eripuisse
3297 5570 3431 5626 dicit
3457 5568 3629 5627 ‘Clau-

2037 5644 2211 5700 dium.

2109 5715 2202 5788 22.
2242 5712 2396 5788 Nihil
2445 5713 2680 5781 confero.
2720 5710 2811 5768 Sic
2847 5724 2982 5766 mss.
3037 5711 3220 5782 plures
3253 5724 3315 5788 et
3361 5713 3448 5772 ed.
3489 5715 3626 5787 Aug.

2039 5786 2170 5860 Alii,
2196 5783 2330 5860 nillil
2358 5789 2587 5860 profero.

2110 5853 2201 5914 93.
2247 5855 2314 5913 In
2344 5853 2617 5932 augendis.
2650 5853 2901 5927 Quidam,
2937 5857 3173 5930 agendis.
