2048 3175
224 136 293 166 1079
929 135 1031 163 PAULI

1052 133 1164 162 OROSll
1803 136 1873 163 1080

223 200 310 221 torem
326 199 447 221 creatum
457 194 490 221 ab
506 193 626 220 exercitu
642 193 782 225 cognovit.
800 197 871 218 totus
886 191 976 218 animo
989 198 1020 217 ac.
1036 193 1059 222 Λ
1074 190 1111 217 lle
1128 190 1255 225 Hispania
1273 189 1406 225 siquidem
1429 189 1502 216 illico
1515 189 1598 216 Galba
1621 194 1797 217 surrexerat:
1818 197 1872 225 quo

222 247 272 275 spe
303 240 429 267 concidit.
456 240 579 275 Cumque
608 239 776 266 inci'edibilia
808 237 1019 273 perturbandae,

223 287 307 314 inuno
350 288 514 315 subruenda:
550 287 708 322 reipublica:
749 287 817 312 mala
864 286 1020 316 moliretur,

224 334 310 360 hastis
325 340 339 359 a
352 338 447 360 senatu
460 332 659 369 pronuntiatus,
677 337 703 360 et
716 331 971 367 ignoniiuiosissime
983 331 1022 358 lu-

223 380 316 414 giens,
333 380 366 407 ad
388 384 512 415 quartum
537 380 571 406 ab
597 379 670 407 Urbe
694 379 809 414 lapidem
839 378 860 393 ”
885 386 945 406 sese
966 379 1022 413 ipse

224 425 363 453 interiecit
379 447 387 459 ,
416 430 498 461 atque
525 426 551 453 in
576 433 609 453 eo
633 425 721 453 omnis
757 424 892 453 Caesarum
922 425 1022 452 I'amilia

226 472 249 488 “
263 477 425 508 consumpta
440 477 492 502 est.

466 551 548 589 47!.
567 552 683 581 CAPUT
705 552 772 580 Vlll.

226 632 266 659 De
281 631 383 665 Galbw,
403 632 511 659 Othonis
527 639 549 659 ct
571 632 668 660 Vitellii
690 633 812 667 imperio,
835 638 858 660 et
886 632 1000 659 moribus
1016 653 1023 664 ,

523 673 545 695 et
560 668 729 703 facinoribus.

264 749 272 763 ¹
289 748 367 775 Anno
380 747 414 774 ab
425 747 497 776 Urbe
511 748 619 775 condita
640 755 785 781 ncccxxtv,
811 748 821 762 ¹
850 747 933 775 Galba
955 748 1024 782 apud

228 793 372 828 Hispanias
388 795 528 829 usurpavit
540 795 681 830 imperiutn
697 804 703 823 :
718 795 762 830 qui
779 802 840 821 mox
859 799 889 820 ut
913 794 1026 822 Neronis

228 847 342 869 mortem
369 842 524 876 comperit,
549 841 661 869 Romam
686 843 768 869 veuit.
785 842 906 878 Cumque
931 852 1025 872 omnes

228 888 357 920 avaritia,
372 890 476 916 saevitia
488 910 495 922 ,
515 888 683 924 segnitiaque
709 889 874 922 oll'enderet,
901 890 1026 918 Pisonem

227 935 278 962 sibi
289 956 296 966 ,
313 936 432 963 nobilem
445 935 659 971 industriamque
672 936 873 965 adolescentem
883 959 890 971 ,
904 938 929 965 iu
945 938 1028 966 lilium

227 984 310 1015 atque
327 981 353 1008 in
365 988 477 1016 regnum
493 982 647 1016 adoptavit:
663 990 790 1018 cumquo
805 984 920 1018 septimo
936 992 1029 1013 mense

230 1028 336 1063 imperii
349 1028 433 1055 suiab
446 1029 553 1056 Othone
564 1029 704 1064 jugulatus
724 1035 774 1058 est.
790 1030 851 1058 Luil
865 1031 951 1059 Roma
976 1040 1030 1059 cm-

230 1074 310 1102 dibus
334 1074 486 1109 principum
512 1075 690 1111 excitatiSque
715 1077 842 1104 civilibus
866 1077 959 1112 bellis,
987 1086 1028 1106 re-

231 1125 325 1148 centes
336 1121 496 1149 Christianae
511 1122 651 1158 religionis
668 1123 797 1158 injurias:
814 1129 841 1152 et
855 1125 930 1159 signa
949 1126 1030 1160 legio-

231 1175 295 1195 num
311 1167 357 1194 illa
368 1189 375 1200 .
402 1176 462 1203 qua:
475 1169 525 1196 sub
541 1169 657 1197 adventu
674 1170 700 1197 in
717 1170 902 1199 UrbemPetri
915 1172 1031 1207 apostoli

231 1213 360 1243 divinitus
370 1216 488 1243 coercita
502 1216 617 1244 convelli
633 1217 708 1244 nullo
723 1219 803 1246 modo
813 1219 847 1246 ad
859 1220 1030 1247 excitandum

232 1260 311 1288 civile
343 1261 444 1289 bellum
470 1263 626 1296 valuerant,
649 1265 720 1299 quod
749 1272 797 1300 per
822 1265 1031 1295 Scribonianum

234 1307 395 1341 parabatur,
414 1308 492 1336 Petro
509 1309 518 1324 ³
530 1311 556 1337 in
572 1309 643 1338 Urbe
657 1311 817 1345 interfecto,
829 1317 855 1340 et
870 1313 1033 1342 Christianis

232 1361 374 1389 pmnarum
388 1355 544 1384 diversitate
555 1357 663 1385 laniatis
672 1378 679 1390 ,
696 1362 752 1386 toto
766 1366 795 1387 se
806 1359 872 1388 orbe
881 1361 1031 1390 solverunt.

1074 245 1135 264 mox
1150 244 1295 271 oppresso,
1310 236 1381 263 Otho
1397 235 1510 269 Romae,
1527 235 1652 264 Vitellius
1668 237 1695 263 in
1710 235 1872 270 Germania,

1075 283 1255 318 Vespasianus
1271 284 1296 310 in
1310 283 1387 319 Syria
1403 283 1515 317 imperia
1530 283 1611 310 simul
1626 287 1707 318 atque
1730 290 1805 310 arma
1828 291 1872 309 ra-

1076 335 1200 364 puerunt.
1214 330 1408 357 Prubentsane
1421 330 1504 357 etiam
1521 329 1597 356 inviti
1624 330 1772 364 potentiam
1793 329 1874 357 simul

1074 381 1101 404 et
1114 377 1284 404 clementiam
1300 376 1358 409 Dei,
1371 377 1417 412 qui
1427 376 1591 403 Christianis
1607 375 1775 410 temporibus
1789 375 1876 403 oﬂ‘en-

1075 425 1192 455 duntur,
1222 429 1323 457 quanta
1345 423 1488 451 celeritate
1508 426 1643 450 tantorum
1669 422 1793 450 incendia
1817 422 1877 450 bel-

1076 470 1163 497 lorum
1189 473 1217 496 et
1237 471 1351 499 excitata
1373 474 1437 497 sunt
1460 474 1488 497 et
1514 476 1653 504 repressa,
1667 476 1729 496 cum
1743 473 1771 497 et
1792 473 1874 497 antea

1077 518 1196 546 minimis
1220 519 1312 546 causis
1333 525 1438 553 magnae
1456 524 1488 544 ac
1513 516 1647 544 diuturna:
1672 516 1764 545 clades
1791 517 1878 552 agita-

1077 570 1187 599 rentur,
1213 569 1240 593 et
1265 573 1336 592 nunc
1360 563 1469 591 maximi
1495 562 1614 598 undique
1645 562 1655 578 ‘
1681 568 1878 597 concrepantes

1077 619 1235 646 magnorum
1247 612 1379 638 malorum
1390 610 1522 644 fragores,
1539 610 1651 636 minimo
1664 609 1793 644 negotiol
1804 609 1879 644 sopi-

1078 662 1181 685 rentur.
1194 657 1253 685 .lam
1265 657 1337 684 enim
1354 662 1412 684 erat
1426 656 1535 689 Romae,
1551 655 1676 691 quamvis
1689 656 1879 689 persecutione

1078 709 1187 737 vexata,
1204 704 1341 736 Ecclesia,
1359 711 1418 738 qua:
1429 702 1513 737 judici
1535 702 1656 729 omnium
1670 700 1779 729 Christo
1794 702 1878 729 etiam

1077 751 1158 788 475
1188 760 1235 784 pro
1262 750 1379 778 inimicis
1402 755 1429 777 et
1450 749 1671 785 persecutoribus
1696 749 1879 784 supplicaret.

1079 797 1161 831 Igitur
1178 796 1259 828 Otho,
1275 803 1336 823 cum
1357 795 1441 823 Galba
1457 800 1484 822 ct
1500 795 1599 822 Pisone
1614 794 1706 822 Romae
1726 794 1879 822 interfectis

1080 844 1149 870 inter
1173 843 1304 870 tumultus
1332 842 1476 877 aedesque
1501 841 1644 868 invasisset
1669 841 1824 876 imperium,
1846 847 1877 867 ac

1045 891 1067 921 B
1082 900 1143 919 mox
1159 895 1279 919 creatum
1297 891 1502 925 imperatorem,
1520 890 1545 917 in
1562 889 1648 917 Gallia
1671 897 1721 923 per
1736 889 1880 917 Germani-

1081 945 1127 965 cas
1144 937 1266 972 legiones
1280 936 1420 964 Vitellium
1443 936 1633 971 comperisset,
1658 936 1668 950 ⁸⁵
1684 935 1785 963 bellum
1801 934 1881 962 civile

1083 986 1202 1017 molitus,
1219 985 1307 1012 tribus
1322 985 1437 1019 primum
1450 984 1556 1011 levibus
1570 982 1684 1019 praeliis,
1695 983 1747 1009 hoc
1759 986 1812 1013 est,
1827 989 1881 1009 uno

1082 1031 1153 1067 apud
1166 1031 1261 1066 Alpes,
1274 1031 1328 1058 alio
1343 1031 1414 1058 circa
1440 1029 1616 1063 Placentiam,
1642 1028 1722 1056 tertio
1745 1028 1816 1055 circa
1842 1028 1882 1055 l0-

1082 1087 1155 1112 cutu,
1184 1085 1267 1113 quem
1287 1078 1296 1092 ⁷
1318 1076 1439 1104 Castoris
1465 1081 1573 1109 vocant,
1601 1080 1695 1102 contra
1721 1074 1881 1102 Vitellianos

1083 1124 1168 1152 duces
1183 1131 1347 1159 congressus
1374 1124 1460 1150 victor
1486 1122 1647 1154 exstitisset,
1674 1126 1782 1157 quarto,
1810 1120 1882 1155 apud

1084 1172 1095 1189 ⁸
1108 1171 1278 1204 Bebriacum,
1290 1169 1394 1205 praelii),
1406 1177 1467 1196 cum
1476 1167 1712 1195 animadvertisset
1723 1175 1787 1194 suos
1797 1167 1880 1201 vinci,

1084 1221 1095 1237 ⁹
1107 1226 1202 1248 mense
1218 1218 1301 1246 tertio
1316 1225 1396 1253 quam
1412 1218 1549 1251 imperare
1564 1221 1704 1249 cteperat,
1718 1222 1780 1243 sese
1796 1215 1881 1242 inter-

1086 1268 1158 1296 fecit.
1176 1266 1300 1295 Vitellius
1319 1267 1405 1294 victor
1419 1256 1532 1293 Romam
1548 1265 1622 1292 venit
1638 1273 1645 1291 :
1661 1263 1704 1290 ubi
1721 1269 1782 1289 cum
1799 1261 1882 1288 multa

1086 1314 1234 1343 crudeliter
1247 1321 1279 1341 ac
1292 1313 1416 1348 nequiter
1428 1317 1530 1346 ageret,
1547 1310 1700 1338 incredibili
1711 1309 1793 1336 etiam
1805 1315 1883 1334 vora-

1087 1365 1177 1394 citatis
1191 1361 1313 1398 appetitu
1328 1360 1473 1387 humanam
1486 1358 1568 1385 vitam
1585 1356 1690 1392 probris
1705 1358 1882 1390 aggravaret,

882 1420 1108 1451 llAVERCAMPI
1125 1419 1239 1449 NOTAE.

270 1475 314 1502 15.
331 1474 393 1502 Sese
408 1475 463 1511 ipse
476 1475 615 1511 interfecit.
638 1475 665 1502 ln
688 1476 756 1504 Edd.
783 1477 944 1513 quibusdam
964 1480 1032 1516 abji-

234 1511 306 1538 citur
320 1519 383 1538 sese.

270 1546 313 1574 M.
323 1546 481 1581 Consumpta
495 1553 541 1574 est.
556 1547 703 1575 Florentin.
722 1556 777 1576 sec.
792 1555 970 1578 consummata
980 1556 1032 1580 est.

271 1581 337 1609 CAP.
350 1582 416 1610 Vlll.
429 1597 464 1602 —
480 1584 503 1610 1.
521 1584 595 1610 Anno
609 1584 640 1610 ab
670 1583 754 1616 Urbe,
778 1590 831 1613 etc.
845 1586 918 1615 Flor.
933 1592 994 1615 tert.
1007 1593 1035 1615 et

237 1617 299 1645 edd.
315 1618 437 1651 quaedam
454 1623 520 1645 vett.
537 1619 605 1646 duos
617 1626 703 1646 annos
717 1622 805 1648 minus
819 1628 972 1650 numerant.

274 1654 301 1691 ᾖ.
317 1653 656 1691 Galliahaud»Hispanias.
681 1656 750 1690 Lege
765 1656 887 1685 Tacitum
911 1659 957 1685 lib.
983 1667 1032 1691 xv,

234 1695 264 1718 et
274 1689 386 1717 Suelou.
404 1689 456 1716 Sed
478 1689 569 1717 Galba:
598 1692 650 1717 vita
676 1689 820 1724 diligenter
842 1702 857 1720 a
887 1689 1032 1722 Plutarcho

235 1726 336 1765 scripta
344 1725 482 1765 imprimis
494 1726 615 1765 legenda.
630 1726 854 1765 ldem_Otbonem
871 1730 1026 1765 descripsit,

235 1762 270 1789 de
280 1759 333 1798 quo
344 1759 685 1798 Xiphilinus,Suetonius.
703 1763 815 1798 Eutmp.
829 1769 856 1792 et
869 1766 925 1793 alii.
942 1759 1027 1794 Fiunt:

272 1798 297 1825 5.
314 1796 346 1824 In
368 1796 511 1825 Urbe.Mss.
533 1798 617 1832 Lugd.
643 1798 713 1826 Batt.
730 1796 796 1826 cuni
815 1801 883 1828 Coll.
907 1802 1024 1828 Gronov.

234 1834 339 1862 addunt
352 1833 444 1861 Roma.
458 1833 560 1862 Deinde
572 1842 620 1868 pro
633 1834 812 1869 agitarentur;
826 1836 947 1865 Florent.
960 1845 1028 1869 sec.,

234 1874 379 1905 agerentur.

270 1910 296 1933 4.
316 1905 514 1940 Concrepautes.

235 1946 432 1977 constrepentes.

269 1978 295 2006 5.
310 1977 476 2012 Sopirentur.
494 1977 579 2012 Lego,
591 1983 753 2012 separentur.

272 2013 298 2040 6.
325 2013 426 2050 Bellum
449 2014 523 2040 civile
546 2014 659 2041 molitus.
683 2014 751 2042 Cod.
771 2015 907 2050 Per-imm,
930 2016 1029 2043 Bellum

234 2049 309 2076 civile
321 2048 442 2082 molitur;
454 2057 573 2084 cumque,
586 2054 638 2077 etc.

272 2085 297 2112 7.
316 2084 442 2123 castoris.
458 2085 594 2123 [’erizou“
611 2084 747 2123 Castores;
760 2091 788 2115 et
802 2087 842 2114 sic
855 2095 963 2123 quoque
976 2088 1029 2115 duo

234 2120 396 2160 florentia}
413 2120 442 2148 ln
459 2120 694 2160 _Suetuni_o_lalllen
709 2122 824 2150 Castoris
842 2120 950 2156 tegitur,
967 2132 1027 2160 cap.

235 2157 263 2189 9,
280 2161 304 2183 et
317 2156 352 2183 ad
368 2156 492 2185 Castoris.
506 2157 577 2190 quod
591 2157 646 2183 loco
661 2166 752 2185 nomen
767 2163 815 2190 est,
829 2160 901 2187 vicit.

271 2193 297 2219 8.
316 2192 480 2219 Bebriacum.
496 2192 649 2219 Bebriacum
666 2193 748 2221 habet
761 2195 842 2222 etiam
861 2195 969 2223 Tacitus
982 2196 1028 2224 lib.

234 2235 298 2260 vut,
321 2227 434 2261 Eutrop.
458 2227 505 2254 lib.
533 2236 585 2260 vit,
601 2228 748 2257 Suetonius
764 2235 792 2257 et
812 2231 875 2257 Sex.
890 2231 1030 2259 Aurelius.

234 2263 288 2291 Sed
304 2270 356 2299 non
372 2268 437 2296 puto
450 2263 640 2298 negligendum
660 2266 734 2299 quod
754 2266 780 2292 in
796 2265 937 2294 Gualtheri
960 2267 1030 2295 libro

233 2304 285 2341 est,
301 2298 459 2341 Betriacum,
486 2307 549 2326 nam
572 2305 600 2327 et
625 2298 694 2327 Plut.
721 2301 746 2328 in
771 2301 878 2330 Othone
892 2303 1030 2341 Βητριακὸν

232 2333 325 2363 habet.
343 2334 425 2361 FABR.

271 2371 299 2398 9.
316 2369 406 2409 Mense
417 2371 502 2409 tertio.
520 2370 742 2409 Undenegantur
759 2373 874 2400 inveniri
886 2374 967 2409 hujus
981 2371 1029 2401 im-

234 2405 369 2441 peratoris
380 2406 442 2432 :erei
458 2406 571 2436 nummi.
586 2406 612 2433 id
628 2412 679 2440 est,
693 2417 708 2435 a
724 2409 874 2436 triumviris
886 2405 1028 2437 monetali-

232 2442 285 2480 bus
295 2442 416 2480 Senatus
432 2441 546 2480 Roiuani
560 2443 632 2480 cusi,
645 2451 707 2480 nam
722 2445 797 2471 aurei
813 2445 918 2479 plures,
933 2453 1029 2480 argen-

233 2479 270 2506 tei
294 2476 475 2516 inveniuntur_
496 2477 768 2516 plurimitzﬁgyptii
791 2476 955 2516 quoque'ex
965 2476 1032 2509 'arre

231 2517 396 2548 supersunt,
413 2513 521 2547 qualem
546 2513 682 2547 quondam
702 2513 732 2542 in
757 2513 864 2543 mu‘seo‘
877 2516 1032 2544 Marekiana

232 2549 393 2581 observavi,
414 2551 441 2574 et
459 2554 520 2575 cum
537 2556 603 2576 cura
624 2550 732 2584 depingi
756 2551 831 2583 iussi.
857 2552 914 2579 Vidi
941 2557 1033 2580 tamen

231 2592 315 2612 unum
330 2591 430 2624 tet-eum
443 2584 569 2624 secundae
581 2586 790 2624 magnitudinis.
804 2595 893 2622 neque
903 2588 1034 2616 Grtecum

229 2628 320 2655 neque
345 2619 514 2662 Egyptium,
541 2619 718 2662 sedJL’atiais
738 2619 1033 2662 insignitiunrlitteris,

227 2665 308 2694 quem
322 2658 421 2694 merito
435 2662 542 2694 crucem
551 2658 773 2694 antiquariorum
788 2661 938 2691 vocaveris,
955 2668 1029 2689 nam.

226 2692 258 2731 tit
271 2700 364 2731 verum
381 2692 479 2723 fatear,
494 2692 625 2731 decidere
641 2694 698 2729 ipse
714 2694 824 2729 nothus,
846 2703 879 2722 an
893 2696 1032 2731 genuinus

225 2729 272 2763 sit,
287 2730 349 2764 jure
371 2737 424 2756 non
441 2728 685 2757 ausim.Servatur
702 2728 938 2759 Amstelodamiiii
955 2733 1030 2758 lucu-

223 2766 376 2802 pletissimo
386 2767 580 2802 gazaphylacio
589 2766 704 2795 Gosuiui
717 2768 913 2795 Uilenbroekii.
927 2768 1028 2796 Utrius-

223 2809 277 2838 que
288 2802 536 2838 uummipicturam
548 2803 686 2837 subjunxi.
700 2804 860 2835 Servantur,
875 2812 937 2831 cun
949 2803 1027 2836 alibi,

223 2837 281 2866 tum
293 2837 528 2875 AquisSextiisin
541 2838 640 2866 selecti
653 2847 760 2875 quique
772 2847 835 2874 gaza
850 2840 1028 2871 Lebretiaua,

224 2880 350 2902 nummus
364 2872 483 2902 Othonis
496 2872 607 2902 Graecus
622 2872 764 2904 victoriam
777 2872 922 2909 ejusdem,
940 2883 1030 2911 appo-

530 1905 579 1933 Ed.
598 1891 663 1941 Aug.
676 1928 683 1939 ,
712 1907 881 1942 increpantes.
901 1908 1026 1942 Venetm,

1086 1479 1141 1507 sito
1156 1479 1215 1506 (ιε-(ε
1232 1477 1311 1504 busto
1328 1474 1362 1502 ad
1373 1474 1503 1501 humerOs
1518 1471 1600 1507 alato,
1613 1469 1770 1505 designans.
1788 1468 1885 1502 Serva-

1088 1506 1131 1544 tur
1148 1515 1174 1542 in
1189 1513 1284 1542 eadem
1306 1511 1378 1539 Gaza
1393 1516 1522 1545 nummus
1536 1506 1665 1545 Claudii,
1676 1514 1711 1545 ex_
1727 1513 1759 1531 eo
1773 1512 1883 1545 genere,

1087 1542 1132 1586 qui
1145 1549 1307 1586 Antiochiae,
1318 1554 1378 1574 cum
1392 1550 1455 1573 nota
1467 1544 1497 1586 S_.
1505 1542 1882 1586 C.'l_:iureteinclusa15iguati

1087 1576 1248 1614 creduntur.
1268 1576 1442 1610 ls'nummus
1458 1580 1492 1607 ad
1508 1579 1609 1607 collum
1625 1579 1787 1617 impressam
1803 1576 1885 1602 habet

1089 1613 1190 1654 nolam,
1208 1627 1262 1655 qua
1283 1626 1369 1655 nexus
1385 1618 1551 1655 litterarum,
1572 1621 1633 1648 qua:
1653 1613 1767 1655 Othonis
1782 1619 1883 1655 “nomen

1088 1648 1298 1692 etimperatoris
1308 1654 1418 1682 titulum
1429 1651 1596 1692 exprimunt,
1606 1648 1883 1692 comprehenduntur.

1047 1689 1068 1720 C
1087 1694 1120 1721 Et
1134 1685 1231 1721 horum
1249 1692 1381 1727 picturam
1394 1695 1447 1716 non
1460 1686 1607 1715 illubenter
1621 1685 1717 1719 atljeci.

1053 2391 1077 2421 D

1578 1974 1771 2018 /<.::>\
1821 1998 1825 2000 ν

1186 2051 1282 2106 αφέ,ρκ
1302 2054 1414 2109 ég‘véxx
1453 2061 1498 2106 ι,
1567 2065 1571 2088 1
1624 2056 1723 2107 1;-
1772 2020 1819 2102 Ἢ

1165 2150 1209 2209 lg
1244 2164 1272 2191 Ρ
1336 2178 1347 2191 λ

1195 2199 1227 2228 (L-
1607 2167 1820 2240 \“\_/~r</

1797 2685 1836 2723 β

1286 2758 1289 2761 ‘
