4060 6352
435 281 576 342 1119

1834 283 2040 344 PAULI
2079 281 2304 344 OROSll

3588 282 3740 346 "20

431 400 636 457 Gallias
682 409 1049 474 pervagantes
1075 447 1091 473 ,
1144 399 1309 458 etiam
1360 400 1415 456 in
1458 396 1670 457 ltaliam
1722 409 2027 458 transeunt.
2059 403 2106 467 Α
2135 398 2342 471 ingenti
2367 399 2567 457 virtute
2597 411 2662 456 ac
2692 398 3070 458 moderatione
3097 412 3263 470 usus,
3292 408 3349 457 et
3377 399 3734 458 dominantes

432 493 645 550 Graecia
666 536 683 562 ,
717 496 1035 553 Macedonia
1055 537 1070 562 ,
1101 496 1312 554 Pontus
1333 538 1350 564 ,
1381 498 1512 553 Asia
1542 497 1842 554 Gothorum
1875 498 2036 554 inuno

435 588 660 645 datione
703 588 978 651 delentur.
1029 589 1168 645 Nam
1209 588 1372 646 Dacia
1423 599 1573 645 trans
1621 590 1926 647 Danubium
1980 591 2034 647 in

432 687 758 752 perpetuum
806 680 1068 738 aufertur.
1110 679 1284 750 Quadi
1329 691 1385 738 et
1427 681 1696 739 Sarmatae
1725 683 2036 739 Pannonias

434 772 859 845 depopulantur.
892 774 1150 831 Germani
1187 775 1484 832 ulteriores
1517 775 1710 833 abrasa
1753 775 2038 846 potiuntur

435 864 723 936 Hispania.
739 865 922 923 Parthi
947 866 1394 938 Mesopotamiam
1416 867 1690 936 auferunt,
1711 866 2038 939 Syriamque

441 957 486 992 ⁸⁵
498 957 819 1015 corroduut.
836 960 1064 1015 Exstant
1077 959 1258 1016 adhuc
1275 975 1377 1032 per
1388 959 1635 1016 diversas
1654 960 1960 1032 provincias
1982 959 2038 1016 in

439 1067 757 1122 magnarum
781 1052 1001 1110 urbium
1025 1052 1200 1110 ruinis
1223 1054 1467 1126 parvas“
1490 1063 1546 1111 et
1563 1068 1831 1127 pauperes
1853 1053 2036 1123 sedes,

439 1147 594 1216 signa
620 1146 989 1216 miseriarum,
1010 1156 1066 1204 et
1086 1149 1365 1204 nominum
1393 1147 1592 1206 indicia
1618 1157 1907 1205 servantes
1935 1166 1947 1202 :
1971 1163 2038 1206 ex

443 1239 644 1310 quibus
674 1253 776 1296 nos
801 1255 1019 1312 quoque
1041 1240 1094 1295 in
1119 1240 1378 1312 Hispania
1400 1237 1763 1297 Tarraconem
1794 1249 2038 1297 nostram

441 1333 606 1405 519
631 1332 698 1388 ad
724 1333 1162 1391 consolationem
1192 1335 1234 1366 ⁸⁷
1267 1333 1506 1390 miseria:
1532 1333 1766 1390 recentis
1794 1332 2040 1390 ostendi-

443 1441 586 1482 mus.
619 1425 684 1481 Et
711 1441 780 1482 ne
809 1425 939 1498 quid
969 1427 1109 1482 forte
1135 1426 1370 1483 Romani
1399 1427 1654 1498 corporis
1679 1427 1750 1482 ab
1777 1425 1881 1483 hac
1907 1425 2044 1482 dlla-

441 1519 722 1576 ceratione
742 1528 1004 1589 cessaret,
1033 1521 1076 1553 ¹⁸
1095 1521 1412 1592 conspirant
1438 1520 1768 1576 intrinsecus
1799 1517 2036 1592 tyranni,

440 1623 778 1685 consurgunt
823 1614 960 1670 bella
998 1614 1182 1671 civilia
1204 1657 1219 1684 ,
1265 1613 1508 1670 funditur
1539 1613 1738 1685 ubique
1774 1613 2042 1686 plurimus

443 1704 666 1775 sanguis
693 1705 1063 1762 Romanorum
1081 1747 1097 1774 ,
1126 1703 1388 1761 Romanis
1415 1704 1783 1777 Barbarisque
1809 1705 2042 1761 saevien-

2135 495 2321 551 hostes
2350 495 2592 565 expulit,
2635 504 2689 551 et
2733 495 2976 566 perditas
3017 494 3324 566 provincias
3361 495 3416 550 in
3449 493 3738 564 pristinam

2134 585 2330 643 faciem
2357 587 2696 654 relormavit,
2725 587 2994 642 seditione
3028 597 3208 642 tamen
3241 586 3474 642 militum
3501 585 3739 643 interie-

2134 688 2258 735 ctus
2277 687 2380 736 est.
2413 678 2740 736 IEmilianus
2762 679 2903 748 apud
2927 680 3350 752 Moguntiacutn,
3379 694 3502 736 cum
3526 695 3616 736 res
3639 696 3741 737 no-

2133 785 2230 826 vas
2252 771 2561 837 moliretur,
2583 784 2885 843 oppressus
2908 780 3016 827 est.
3042 772 3173 827 Post
3190 781 3424 829 mortem
3447 772 3738 830 Posthumi

2137 864 2340 922 Marius
2365 864 2563 921 ibidem
2593 865 2793 921 invasit
2817 865 3129 935 imperium,
3161 865 3258 922 sed
3278 865 3542 922 continuo
3562 866 3746 922 inter-

2137 959 2310 1014 fectus
2335 967 2439 1014 est.
2477 957 2682 1014 Deinde
2718 957 3028 1014 Victorinus
3065 973 3096 1014 a
3126 957 3300 1014 Gallis
3327 957 3471 1015 ultro
3497 969 3741 1027 creatus,

2139 1050 2184 1083 ⁸ο
2213 1059 2264 1107 et
2297 1060 2422 1122 post
2448 1049 2730 1121 paululum
2763 1049 2979 1107 occisus
3005 1060 3111 1106 est.
3157 1049 3294 1106 Huic
3337 1050 3606 1107 successit
3636 1050 3747 1107 Te-

2141 1145 2340 1214 tricus,
2375 1145 2468 1217 qui
2513 1154 2642 1203 tunc
2684 1144 2726 1176 “
2767 1145 3111 1216 Aquitanicae
3151 1143 3480 1216 prtesidatus
3505 1142 3749 1200 admini-

2139 1242 2351 1299 strabat
2393 1239 2669 1307 cilicium,
2713 1239 2759 1271 “
2809 1238 3117 1310 multasque
3155 1237 3458 1295 seditiones
3505 1237 3748 1294 militum

2141 1333 2384 1407 pertulit.
2419 1333 2490 1390 At
2515 1349 2648 1390 vero
2677 1334 2730 1388 in
2752 1332 2983 1388 Oriente
3004 1346 3103 1404 per
3121 1330 3428 1388 Odenatum
3449 1330 3748 1402 quemdam

2140 1428 2373 1486 collecta
2402 1427 2606 1498 agresti
2634 1441 2824 1495 manu,
2853 1427 2980 1482 victi
3002 1425 3049 1457 ’³
3073 1425 3390 1496 repulsique
3412 1423 3621 1492 Persas,
3643 1422 3748 1480 de-

2141 1521 2295 1578 fensa
2326 1520 2486 1594 Syria
2509 1562 2527 1590 ,
2561 1531 2780 1591 recepta
2809 1518 3201 1590 Mesopotamia
3229 1527 3352 1585 est,
3380 1525 3437 1572 et
3463 1530 3646 1587 usque
3676 1515 3749 1570 ad

2140 1613 2556 1685 Ctesiphontem
2590 1612 2849 1668 rusticani
2876 1608 3053 1683 Syria:
3079 1625 3204 1667 cum
3227 1609 3474 1676 Odenato
3496 1623 3600 1664 suo
3623 1608 3754 1664 vin-

2143 1707 2319 1764 cendo
2348 1715 2635 1762 venerunt.
2667 1704 2713 1738 "
2740 1703 3021 1762 Gallienus
3065 1711 3251 1759 autem
3288 1717 3412 1758 cum
3447 1700 3751 1773 rempubli-

442 1797 630 1862 tibus;
657 1798 756 1854 sed
784 1799 894 1854 cito
922 1799 1002 1854 ira
1025 1798 1121 1855 Dei
1151 1799 1208 1855 in
1233 1798 1666 1856 misericordiam
1699 1798 1954 1868 vertitur,
1985 1806 2043 1854 et
2071 1807 2123 1876 Bg
2144 1813 2264 1856 cant
2294 1799 2667 1868 deseruisset,
2706 1812 2772 1855 ac
2813 1795 3110 1855 Mediolani
3150 1794 3473 1853 libidinibus
3517 1794 3752 1852 inservio

442 1897 638 1960 empta:
661 1889 885 1946 ultionis
902 1889 1076 1961 major
1090 1889 1270 1948 forma
1289 1905 1450 1963 quam
1469 1905 1629 1963 paena
1647 1892 1704 1948 in
1725 1905 2041 1948 mensuram

442 1981 801 2053 plenitudinis
843 1991 1153 2055 reputatur.
1195 1983 1368 2056 Igitur
1413 1985 1624 2057 primus
1653 1984 1696 2019 ³ο
1725 1984 2036 2055 lngenuus,

441 2076 535 2147 qui
561 2091 856 2148 purpuram
889 2079 1102 2150 imperii
1123 2087 1456 2150 sumpserat,
1477 2079 1622 2152 apud
1641 2079 1878 2153 Myrsam
1899 2080 2045 2136 occi-

443 2167 611 2223 ditur.
634 2168 965 2226 Posthumus
986 2171 1039 2226 in
1057 2170 1236 2227 Gallia
1258 2171 1458 2228 invasit
1479 2173 1847 2245 tyrannidem,
1871 2171 2045 2228 multo

444 2261 664 2335 quidem
687 2261 1002 2335 reipublicae
1022 2265 1336 2323 commodo.
1371 2266 1507 2324 Nam
1531 2283 1631 2340 per
1651 2267 1843 2325 decem
1873 2280 2047 2324 annos

2145 1903 2263 1962 ret,
2297 1893 2514 1950 occisus
2542 1901 2648 1950 est.

2619 1987 2783 2060 διο
2817 1983 3048 2044 οΑΡυτ
3088 1984 3282 2042 xxnt.

2147 2080 2366 2137 Flavius
2409 2079 2698 2147 Claudius,
2747 2081 2994 2136 Aurelius
3040 2079 3364 2148 Quintillus,
3406 2085 3455 2135 et
3505 2073 3753 2132 Valerius

2602 2153 2920 2208 Aurelianus
2943 2153 3297 2222 imperatores.

2219 2269 2380 2326 Anno
2409 2268 2479 2325 ab
2501 2266 2647 2326 Urbe
2675 2265 2893 2324 condita
2917 2280 3103 2334 ttxxv,
3129 2266 3144 2296 ¹
3170 2262 3437 2324 Claudius
3457 2261 3753 2335 vigesimus

1710 2431 2166 2490 HAVERCAMPI
2203 2431 2437 2491 NOT/E.

446 2563 1166 2641 ex_(_3_on_stan_tini_nt_tmmo,
1210 2567 1263 2624 in
1289 2581 1400 2641 quo
1427 2566 1835 2625 ALAMANNIA
1866 2567 2041 2625 GAV-

451 2634 622 2691 DIVM
653 2636 1117 2696 ROMANORUM.

519 2707 610 2762 l5.
651 2705 965 2783 Corradunt.
1018 2711 1190 2783 Lugd.
1231 2711 1374 2768 Batt.
1415 2720 1651 2783 quatuor
1679 2755 1695 2782 ,
1748 2727 1872 2769 cum
1911 2712 2042 2767 coll.

446 2777 697 2867 Gronov...
722 2790 775 2835 et
807 2781 894 2837 ed.
924 2777 1153 2867 August.
1181 2823 1204 2867 ,ι
1245 2777 1594 2852 contrahunt,
1648 2777 1804 2867 quasi
1845 2784 2046 2867 vellent

448 2853 837 2927 contractiorem
865 2894 880 2920 ,
925 2853 989 2927 id;
1020 2864 1102 2910 est
1136 2858 1402 2909 minorem
1442 2853 1845 2925 possessionem
1874 2855 2047 2927 Syriae

451 2920 712 2997 Romanis
743 2923 935 2980 iactam
967 2925 1137 2982 fuisse
1166 2943 1198 2981 a
1229 2920 1463 2983 Parthis.
1518 2927 1669 2983 Flor.
1709 2942 1822 2983 sec.
1854 2971 1870 2997 ,
1915 2920 2048 2982 con-

448 2993 694 3068 νιιιξψιιζ
712 3003 860 3060 tert.,
894 2998 1206 3068 congradiit.

655 3064 921 3146 Pauperes
949 3064 1714 3146 sides._Col_on._et_Matertt.
1763 3087 1874 3125 sex.
1920 3070 2043 3146 libri

451 3133 603 3217 editi,
629 3133 786 3217 miles.
813 3136 1016 3217 _Vernrr_t
1049 3151 1105 3195 ut
1129 3141 1380 3217 Stellioui
1418 3141 1504 3196 ilia
1534 3152 1878 3217 rumpantur.
1912 3143 2046 3217 Oro-

450 3209 566 3284 sius
591 3209 786 3275 probat
811 3209 1097 3284 legendum
1127 3227 1248 3268 esse
1274 3213 1443 3284 sedes,
1478 3228 1600 3268 cum
1627 3209 1760 3268 dicit
1786 3233 1797 3266 :
1826 3212 1911 3268 Ea:
1931 3215 2048 3284 qui-

453 3276 546 3330 bus
568 3295 660 3333 nos
679 3276 888 3354 quoque
903 3283 956 3335 in
984 3281 1244 3354 Hispania
1268 3276 1620 3338 Tarrawnem
1641 3293 1885 3340 nostram.
1916 3276 2048 3339 Tar-

452 3352 771 3428 raconensis
795 3355 976 3428 itaque
993 3352 1234 3428 ditionis,
1254 3355 1357 3410 hoc
1378 3367 1460 3410 εει
1475 3355 2048 3428 Giteriorisllispanim

454 3417 552 3498 l‘uit
580 3417 1462 3498 OrosiusLUwL—ltlgo’quoque
1485 3426 1537 3480 in
1564 3427 1736 3496 Lugd.
1755 3417 1894 3481 Batt'.
1915 3442 2047 3498 qua-

458 3497 604 3566 tuor,
637 3492 761 3566 cod.
788 3492 931 3549 Ultr.
963 3506 1125 3566 atque
1152 3492 1277 3552 coll;
1302 3492 1545 3552 Gronov.
1570 3492 1773 3564 inveni,
1797 3492 1963 3565 sedes,
1991 3508 2045 3553 ut

454 3561 526 3642 tle
566 3561 1154 3642 en_t_cndationeLautii
1191 3585 1296 3622 non
1341 3569 1412 3622 sit
1437 3561 1790 3642 dubitandum
1818 3611 1832 3635 ,
1881 3561 2043 3639 quam

447 3635 559 3700 jam
592 3635 721 3711 olim
748 3651 814 3711 ex
843 3638 1029 3693 codice
1059 3642 1265 3711 optimo
1293 3642 1604 3711 Augustana
1627 3640 1795 3695 editio
1821 3635 2044 3711 expres-

455 3713 602 3782 ser_a_t
628 3724 638 3758 :
660 3706 904 3782 denique
929 3711 1009 3765 sic
1041 3706 1168 3781 legit
1190 3706 1426 3782 uterque
1453 3710 1822 3766 Florentinus.

524 3775 610 3830 17.
645 3775 874 3834 Miseriw
902 3775 1147 3837 recentis.
1182 3775 1356 3855 Lugd:
1390 3783 1531 3837 Ball.
1568 3792 1712 3850 tres,
1751 3797 1871 3838 cum
1901 3779 2039 3838 Coll.

2144 2569 2384 2645 Gronov:
2419 2579 2476 2628 et
2500 2571 2626 2645 eod.
2660 2571 2838 2640 Ultr.,
2870 2570 3099 2627 miseria:
3127 2571 3423 2645 prementis.

2219 2642 2310 2698 18.
2339 2642 2652 2713 Conspirant
2672 2645 2983 2698 intrinsecus
3009 2641 3239 2715 tyranni.
3261 2641 3509 2715 Triginta
3532 2641 3753 2715 tyranni

2147 2727 2216 2770 eo
2239 2723 2486 2784 tempore
2508 2717 2741 2785 imperio
2771 2715 3019 2770 Romano
3034 2713 3374 2770 exstiterunt
3401 2731 3416 2770 :
3448 2713 3520 2770 de
3549 2713 3752 2785 quibus

2153 2785 2418 2841 Pollionis
2450 2786 2590 2841 liber
2618 2795 2817 2841 exstat.
2853 2785 3023 2841 FABR.

2225 2856 2314 2912 19.
2347 2857 2919 2927 Ιηςιεηιηιεηῐὶθειίιυί
2965 2871 3163 2914 nomen
3201 2873 3265 2912 ex
3307 2855 3587 2927 Trebellio
3627 2855 3759 2911 Pol-

2153 2927 2304 2984 lione
2332 2937 2388 3000 et
2417 2926 2676 2984 nummis.
2705 2930 3005 3000 Perperam
3033 2930 3086 2984 in
3109 2929 3272 2984 editis
3295 2929 3494 2999 legitur
3513 2926 3754 3000 Genuus.

2215 3000 2306 3072 20.
2339 2998 2408 3054 Et
2439 3012 2554 3070 post
2585 2998 2883 3072 paululum.
2916 2999 3020 3072 Ed.
3045 3001 3210 3071 Aug,
3240 2998 3683 3072 post’pattlulum.

2216 3069 2308 3125 21.
2342 3072 2688 3142 Aquitanica}.
2712 3071 2882 3142 Lugd.
2908 3071 3049 3126 Batt.
3081 3069 3198 3126 tres
3227 3069 3280 3126 et
3309 3069 3445 3125 Coll.
3475 3069 3757 3136 Gronov.,

2149 3141 2466 3212 Aquitaniae.
2498 3141 2724 3198 Veteres
2750 3141 2985 3213 utroque
3016 3141 3182 3197 modo
3205 3142 3571 3213 scripserunt.

2183 3213 2313 3339 δεξιὶὶ
2352 3213 2669 3286 Nullusque.
2703 3215 2912 3285 Copula
2940 3230 3039 3285 que
3074 3214 3144 3269 ab
3177 3214 3430 3270 omnibus
3465 3215 3578 3268 fere
3621 3226 3762 3268 mss.

2221 3299 2280 3339 es
2315 3325 2327 3336 .

2149 3296 2327 3339 abest.

2223 3356 2314 3411 25.
2352 3355 2689 3428 Repulsique.
2723 3357 2894 3428 Lugd.
2926 3356 3047 3428 Bal.
3081 3365 3229 3428 tcrt.
3254 3365 3310 3413 et
3337 3355 3474 3411 Coll.
3507 3353 3762 3413 Gronov.

2153 3428 2725 3499 malnttturepressique
2747 3474 2761 3496 ,
2794 3427 2937 3499 quod
2972 3428 3114 3482 haud
3150 3427 3302 3496 pejus
3326 3435 3428 3481 est.

2221 3498 2314 3552 24.
2346 3497 2620 3553 Gallienus
2651 3497 2853 3564 autem,
2885 3516 3002 3553 cum
3031 3501 3401 3568 rempublicam
3421 3497 3763 3552 deseruisset.

2148 3568 2411 3624 Nummos
2441 3580 2620 3625 tamen
2651 3573 2869 3641 reliquit
2898 3570 3069 3624 titulis
3098 3581 3154 3624 et
3188 3572 3332 3641 typis
3368 3572 3505 3623 satis
3548 3570 3766 3638 magni-

2151 3641 2288 3706 licis,
2327 3641 2379 3694 in
2409 3642 2606 3712 quibus
2638 3645 2802 3696 etiam
2833 3643 2986 3712 quasi
3013 3651 3374 3712 tyrannorum
3400 3651 3456 3694 et
3482 3650 3767 3694 monstro-

2148 3726 2267 3766 rum
2315 3712 2550 3767 domitur
2595 3713 2891 3778 Hercules,
2927 3723 2984 3767 ut
3011 3728 3082 3767 ex
3115 3712 3335 3782 adpicto
3369 3713 3591 3766 maximi
3634 3725 3766 3765 mo-

2147 3782 2257 3839 duli
2291 3785 2618 3839 numismate
2647 3782 2903 3840 Caesareo
2935 3784 3198 3856 colligere
3225 3792 3311 3838 est
3330 3825 3343 3851 ,
3371 3782 3714 3838 celebratur.

1234 4157 1800 4306 ’7‘???
2382 4076 3050 4277 AE'T‘ST
3295 4219 3302 4222 .

760 4373 770 4380 "
909 4314 1038 4494 ,ξὲ
1184 4285 1350 4467 (KQ
1482 4353 1505 4379 εί
2273 4392 2352 4469 Q
2414 4285 2448 4312 y
2797 4396 2826 4426 ς.
2977 4443 2981 4448 τ
3111 4308 3211 4408 “7

1129 4445 1215 4513 \\
1290 4450 1360 4487 -κ
1847 4476 1853 4484 .
2462 4460 2485 4497 δ
2582 4470 2587 4481 ,
2962 4455 2988 4513 ἢ.

1275 4678 1345 4814 2t
1412 4678 1457 4779 ’δ
1490 4708 1629 4788 «at;
2234 4637 2317 4745 Ξ
2377 4700 2400 4733 ε
2436 4609 2751 4821 Α
2814 4765 2851 4785 υ
2901 4668 2979 4804 η
3208 4694 3284 4763 σέ

921 4744 1034 4902 ὲκ
1133 4679 1582 4966 3m
1827 4805 1915 4912 ῗῖ
1993 4875 1998 4877 .
2290 4753 2794 4867 α-ἓδκλέέε
2879 4769 2968 4872 ,ῘἋ
3031 4828 3228 4839 —-—-—-

935 4879 1156 5035 ν
1238 4950 1620 5072 «(0/
1769 4885 1853 4985 es
1911 4895 1939 5033 .1
2011 4915 2014 4919 ,

517 5431 1290 5513 Cap.XXlll.7-l._(§lauglius.
1314 5434 1703 5513 Claudiivitam
1724 5436 2031 5513 Trebellius
2061 5438 2115 5503 Ι)
2139 5438 2343 5513 nummi
2380 5437 2558 5504 illam,
2607 5437 2662 5495 in
2678 5452 2806 5513 _qna
2839 5437 3110 5513 Victoriae
3157 5447 3242 5495 est
3289 5445 3477 5513 typus.
3516 5437 3565 5513 Α
3604 5447 3778 5513 parte

443 5507 684 5591 scripsit:
713 5508 998 5591 Aureliani
1030 5507 1436 5591 VOIQiSGUS,.qui
1457 5509 1620 5591 etiam
1643 5509 2034 5591 Q_uintilli_me-

445 5578 622 5650 minit.
655 5578 795 5648 Lege
822 5587 1081 5650 praeterea
1108 5578 1429 5650 Eutropium
1456 5588 1510 5635 et
1536 5581 1834 5636 Aurelium.
1866 5581 2037 5639 FABR.

446 5681 516 5692 --
541 5649 617 5706 Ad
647 5647 913 5719 insignem
945 5650 1108 5718 hujus
1137 5647 1350 5706 Claudii
1391 5651 1678 5707 victoriam
1718 5652 1787 5708 de
1821 5652 2036 5719 Gothis,

446 5723 603 5792 cujus
652 5721 985 5777 mentionem
1031 5721 1164 5792 facit
1209 5721 1472 5787 Orosius,
1520 5732 1735 5790 spectat
1785 5739 2038 5780 nummus

445 5793 692 5866 ejusdem
719 5793 966 5866 Graecus,
988 5793 1040 5866 in
1064 5791 1321 5866 Egypto,
1343 5803 1400 5850 ut
1421 5793 1686 5863 creditur,
1709 5811 1874 5851 cusus
1896 5811 2040 5852 anno

446 5864 656 5935 imperii
686 5864 806 5936 ejus
836 5864 1112 5933 secundo,
1143 5864 1302 5937 prout
1347 5866 1669 5924 inscribitur
1714 5868 1780 5924 ad
1825 5876 2037 5941 partem

2140 5512 2324 5581 priore
2359 5520 2520 5580 caput
2559 5521 2643 5566 est
2676 5510 2850 5567 Taciti
2888 5511 3197 5568 laureatum
3219 5553 3235 5577 ,
3273 5510 3399 5566 cum
3435 5511 3774 5580 epigraphe,

2141 5583 2734 5662 ἀΥτοκρρῖι-ωρηιίαίᾳαρ
2777 5591 3422 5662 ΚΛΔΥ-Διοο-οιξιιαστος.
3464 5581 3776 5662 Imperator

2143 5651 2590 5727 Ca’sarﬁlau'dius
2616 5651 2899 5727 Augustus.
2935 5654 3359 5727 Inscriptionem
3389 5651 3646 5727 eamdem
3673 5651 3776 5707 ha-

2143 5725 2240 5780 hct
2280 5725 2422 5780 alter
2468 5740 2620 5781 mens
2671 5725 2936 5780 nummus
2979 5725 3228 5794 ejusdem
3271 5725 3518 5792 Claudii,
3567 5726 3619 5780 in
3658 5740 3773 5793 quo

2142 5805 2477 5853 consuetum
2510 5799 2560 5852 in
2587 5796 3070 5866 ejusmodi'azrcis
3109 5795 3376 5867 nummis,
3421 5796 3620 5867 aquila:
3648 5811 3770 5853 cer-

2145 5868 2304 5925 nitur
2330 5868 2664 5941 symbolum.

3597 6051 3622 6080 /
