4076 6352
280 263 423 323 1199

1307 254 1779 322 HISTORIAle
1819 256 2025 321 LIBER
2063 254 2178 319 VII.
2217 256 2372 320 CAP.
2414 253 2630 319 XXVII.

3444 256 3583 319 “'50

278 377 467 435 foveas
489 383 707 434 nostras
730 375 824 433 diu
850 383 1166 449 exSpectate
1187 379 1426 445 venisti,
1462 379 1550 436 hic
1575 389 1628 435 te
1671 379 1873 437 decur-
1904 388 1949 445 Α
1983 379 2026 411 ιι
2059 380 2257 437 Decem
2291 379 2702 451 persecutiones
2747 391 2778 433 a
2827 348 3043 433 Nerone
3081 388 3255 449 usque
3295 375 3365 432 ad
3413 375 3585 434 Maxi-

281 489 472 531 surum
511 473 926 545 opericbamur,
967 473 1056 530 hic
1103 472 1386 546 delapsum
1417 474 1439 506 ³
1482 474 1879 546 opprimimus,

283 568 375 625 hic
412 568 698 626 confusum
750 577 1015 625 tenemus.
1057 568 1431 625 Sustinuimus
1483 577 1536 626 lc
1572 568 1837 626 hactenus
1864 614 1878 639 ,

281 660 581 719 artiﬁciose
606 660 1011 734 quodammodo
1054 670 1111 719 et
1140 661 1335 719 callide
1372 661 1626 719 fortuitas
1676 671 1884 733 tempo-

280 769 405 812 rum
444 756 775 811 mutationes
815 754 1254 811 Christianorum
1292 754 1591 811 ultionibus
1622 763 1885 825 coaptan-

285 857 421 906 tem.
452 848 817 919 Etinterdum
849 848 1068 921 quidem
1097 848 1119 881 "
1148 848 1523 906 verisimilium
1549 848 1737 919 specie
1764 863 1885 918 pcr-

290 945 448 1011 moti,
480 951 669 1016 utpote
693 942 942 1000 homines
970 943 1143 1016 ignari
1173 942 1486 1000 divinorum
1519 951 1880 1011 secretorum,

288 1035 487 1092 timore
510 1035 835 1108 palluimus;
864 1036 886 1069 "
914 1035 1009 1092 sed
1048 1048 1194 1092 nunc
1215 1033 1498 1092 cvacnavit
1528 1033 1885 1091 Maximianus

283 1138 476 1186 noster
503 1143 722 1185 omnem
750 1144 975 1186 scenam
1010 1128 1209 1185 fabula:
1232 1140 1336 1185 tua!
1356 1172 1371 1198 ,
1416 1137 1727 1196 nostraeque
1757 1126 1887 1183 reli-

284 1221 464 1294 gionis
501 1222 524 1254 ⁸
557 1222 938 1295 antiquitatem
965 1223 985 1255 ⁷
1013 1222 1266 1279 columna
1312 1220 1754 1294 inexpugnabilis
1784 1219 1887 1276 ful-

285 1315 377 1371 sit.
401 1313 507 1372 Per
545 1330 717 1370 annos
743 1316 935 1372 decem
966 1329 1176 1372 eversae
1216 1324 1342 1371 sunt
1383 1315 1631 1372 ecclesia:
1651 1323 1847 1372 vestra:
1868 1354 1884 1383 ,

286 1409 529 1464 utetiam
555 1416 612 1463 tu
642 1407 833 1464 fateris
867 1407 1191 1464 :dilacerati
1225 1407 1592 1474 cruciatibus,
1623 1408 1883 1464 cxinaniti

286 1499 552 1556 mortibus
583 1507 697 1556 toto
728 1499 864 1557 orbe
888 1499 1209 1557 Christiani.
1250 1499 1525 1559 Tenemus
1554 1499 1779 1557 evidens
1808 1508 1889 1556 te-

285 1591 603 1649 stimonium
632 1602 810 1662 tuum,
842 1593 1049 1650 nullam
1077 1592 1413 1666 superiorem
1445 1593 1885 1666 persecutionem

283 1684 424 1743 adeo
449 1686 535 1743 vel
556 1702 777 1760 gravem
797 1687 885 1743 vel
908 1689 1218 1744 diuturnam
1242 1687 1435 1747 fuisse.
1468 1690 1535 1745 Et
1556 1699 1734 1745 tamen
1758 1702 1887 1745 ecce

1985 471 2226 528 mianum
2260 471 2508 528 Ecclesia
2558 469 2761 528 Christi
2806 470 2851 512 ¹υ
2892 484 3049 541 passa
3090 476 3193 526 est.
3228 468 3433 526 Novem
3483 470 3591 542 (ut

1984 579 2087 636 ego
2113 564 2223 622 dixi
2248 564 2270 636 )
2300 565 2539 622 ultiones
2569 605 2583 631 ,
2614 573 2673 620 ut
2703 562 2804 635 ipsi
2837 578 2945 619 non
2971 570 3169 634 negant
3200 602 3216 629 ,
3248 561 3587 617 calamitates

1988 658 2032 689 "
2062 673 2095 715 e
2122 660 2354 730 vestigio
2394 664 2704 714 consecutae
2746 665 2892 712 sunt.
2932 654 3046 712 Nec
3086 655 3139 710 in
3190 653 3360 710 verbo
3393 654 3446 685 ιτ
3467 667 3592 724 ρτθο

1984 764 2128 819 mor,
2159 758 2336 807 utrum
2359 749 2559 807 debita:
2586 748 2843 815 ultiones,
2874 765 2942 803 an
2966 746 3202 803 fortuitae
3229 745 3590 817 permutatio-

1986 859 2086 901 nes
2125 845 2293 901 fuisse
2322 844 2633 911 videantur,
2662 859 2782 914 quas
2814 851 2994 899 tamen
3040 857 3163 897 meo
3192 856 3398 913 suoque
3436 841 3593 897 testi-

1987 937 2174 993 monio
2206 936 2391 993 clades
2420 937 2655 993 fuerunt.
2710 935 2769 991 In
2815 934 3025 993 decima
3058 934 3366 991 haesitatum
3382 941 3593 1005 putant

1988 1028 2174 1085 miseri
2202 1039 2260 1087 et
2288 1029 2419 1087 caeci
2447 1070 2464 1098 ,
2495 1045 2601 1085 non
2628 1028 2875 1086 videntes
2923 1037 3072 1084 tanto
3099 1043 3222 1084 eam
3257 1026 3390 1099 ipsis
3425 1027 3594 1084 fuisse

1987 1124 2297 1197 graviorem
2328 1165 2345 1190 ,
2378 1123 2582 1196 qu'anto
2610 1124 2790 1180 minus
2818 1125 2862 1156 ι’
2890 1123 3167 1180 intellecta
3188 1131 3288 1178 est.
3324 1124 3363 1157 ⁸⁸
3393 1123 3594 1193 Impius

1989 1215 2137 1272 enim
2168 1210 2497 1288 flagellatur,
2528 1226 2584 1272 et
2610 1233 2717 1273 non
2763 1216 2929 1272 sentit
2959 1234 2972 1270 :
2998 1216 3045 1248 ὀ
3080 1215 3227 1288 quod
3263 1231 3384 1271 cum
3422 1228 3596 1285 expo-

1990 1308 2157 1364 situm
2189 1307 2388 1374 fuerit.
2418 1309 2569 1365 inviti
2600 1310 2730 1366 licet
2764 1318 2984 1381 propter
3013 1309 3185 1381 ipsam
3216 1324 3397 1366 rerum
3427 1308 3591 1365 fidem

1990 1399 2346 1457 fatebuntur:
2381 1402 2505 1473 quia
2534 1417 2602 1459 ex
2654 1402 2745 1457 illa
2797 1401 3143 1458 Maximianus
3197 1400 3593 1473 persecutionis

1990 1496 2226 1553 maxima
2271 1496 2551 1568 punitione
2582 1496 2744 1570 532
2794 1498 2896 1554 ista
2928 1509 3058 1554 sunt
3087 1497 3347 1568 vulnera,
3396 1498 3599 1569 quibus

1990 1590 2155 1648 etiam
2206 1606 2349 1647 nunc
2401 1590 2491 1648 isti
2546 1591 2764 1659 dolent,
2818 1602 2872 1649 et
2913 1592 2967 1647 in
3015 1600 3224 1648 tantum
3273 1591 3487 1660 dolent,
3540 1600 3604 1647 ut

1992 1686 2159 1740 etiam
2198 1684 2476 1755 clament,
2532 1699 2738 1757 nosque
2763 1686 2809 1718 ²¹
2856 1686 2925 1743 ad
2964 1685 3373 1744 reclamandum
3421 1687 3596 1743 laces-

282 1778 306 1813 ⁸
336 1779 484 1837 inter
522 1778 970 1852 tranquillissima
1015 1780 1175 1853 531
1226 1789 1531 1851 temporum
1563 1780 1704 1837 bona
1737 1781 1886 1852 ipso—
1915 1787 1964 1850 Β
1989 1788 2145 1851 sant,
2179 1780 2444 1838 sollicitos
2467 1781 2616 1849 fieri,
2650 1782 2887 1853 qualiter
2908 1782 3302 1840 conticescant.

284 1885 410 1928 rum
446 1885 669 1944 quoque
710 1872 1102 1942 imperatorum
1131 1913 1146 1940 ,
1175 1872 1266 1945 qui
1299 1870 1401 1929 ista
1430 1872 1679 1929 fecerunt
1706 1913 1722 1941 ,
1754 1876 1776 1907 ο
1806 1874 1891 1929 in-

286 1963 489 2020 usitata
518 1964 780 2023 felicitas.
810 1966 854 1998 ¹⁶
882 1964 1037 2021 Nulla
1059 1965 1210 2022 domi
1236 1965 1431 2034 fames,
1461 1966 1604 2023 nulla
1637 1966 1895 2037 pestilen-

287 2055 387 2129 tia,
421 2057 629 2115 nullum
660 2058 794 2116 foris
814 2057 1043 2128 bellum,
1066 2058 1165 2115 nisi
1191 2058 1586 2127 voluntarium,
1611 2074 1720 2131 quo
1738 2074 1894 2116 exer-

285 2153 400 2210 ceri
430 2154 582 2211 vires
610 2169 718 2211 non
748 2153 1092 2226 periclitari,
1120 2165 1337 2227 queant.
1370 2154 1479 2212 Res
1506 2165 1773 2225 prmterea
1796 2153 1896 2210 hu-

286 2261 451 2305 mano
474 2249 662 2320 generi
702 2248 991 2323 hucusque
1030 2250 1307 2322 incognita
1335 2291 1351 2319 ,
1394 2250 1691 2307 multorum
1728 2249 1895 2306 simul

286 2356 476 2413 regum
508 2343 721 2415 patiens
751 2345 1108 2415 consortium,
1139 2354 1196 2402 et
1223 2360 1420 2418 magna
1450 2343 1764 2408 concordia,
1798 2358 1896 2415 po-

293 2441 574 2508 testasque
601 2438 940 2505 communis,
972 2437 1109 2494 alias
1137 2453 1455 2509 numquam,
1484 2452 1631 2513 nunc
1659 2437 1712 2493 in
1741 2450 1894 2493 com-

293 2542 461 2586 mune
487 2530 853 2603 prospiciens.
895 2531 1101 2589 Deinde
1130 2532 1294 2590 etiam
1323 2576 1340 2603 ,
1372 2531 1518 2604 quod
1547 2532 1757 2603 absque
1785 2530 1892 2587 ulla

290 2622 559 2681 hactenus
611 2627 921 2684 mortalium
972 2628 1166 2685 notitia
1215 2636 1342 2697 est,
1407 2629 1768 2700 imperatores
1813 2627 1897 2685 illi

288 2716 514 2774 maximi
541 2759 558 2786 ,
582 2719 786 2792 quippe
807 2729 865 2778 et
893 2730 1271 2794 persecutores
1287 2762 1302 2788 ,
1337 2720 1545 2780 honore
1565 2721 1815 2795 deposito
1841 2729 1900 2778 et

289 2820 570 2884 assumpta
596 2813 801 2886 quiete.
830 2815 1051 2888 privati,
1081 2816 1225 2888 quod
1248 2815 1290 2848 “
1314 2814 1690 2873 beatissimum
1718 2815 1898 2872 homi-

232 2934 239 2941 ο
290 2917 428 2976 nes,
458 2915 513 2962 et
537 2921 808 2965 summum
842 2909 1045 2966 bonum
1076 2911 1119 2943 ι’
1150 2910 1277 2968 vita:
1312 2910 1472 2968 bona:
1518 2910 1801 2982 iudicant,
1842 2916 1899 2968 et

297 2995 405 3055 hoc
430 3006 562 3057 tunc
586 3041 604 3069 ,
648 3002 693 3035 ¹³
716 3003 869 3060 velut
904 3003 1115 3076 praemii
1147 3005 1274 3063 loco
1299 3048 1315 3075 ,
1364 3011 1617 3063 auctores
1640 3018 1898 3078 persecu-

290 3089 460 3150 tionis
489 3094 673 3167 adepti
691 3105 840 3167 sunt,
859 3098 1078 3170 quando
1103 3113 1338 3165 accensa
1366 3100 1697 3172 persecutio,
1715 3097 1898 3157 medio

2557 1894 2788 1955 CAPUT
2828 1896 3048 1955 XXVII.

1997 1989 2221 2066 Collatia
2265 1991 2449 2066 populi
2496 1988 3237 2066 lsraeliticietphrisliapi,
3272 1993 3601 2066 f/Egypliaci

2069 2062 2192 2138 item
2216 2061 2273 2117 et
2291 2061 2517 2138 li’omani
2532 2061 3087 2138 ,_qnomo_do_ill_iupro
3119 2063 3232 2119 Deo
3264 2065 3318 2120 in
3343 2061 3601 2138 afflictio-

2068 2133 2221 2188 nibus
2238 2174 2255 2204 ,
2281 2132 2337 2189 hi
2362 2150 2395 2188 a
2416 2132 2529 2189 Deo
2550 2134 2605 2189 in
2631 2134 2802 2206 plagis
2822 2132 3019 2189 similia
3049 2138 3160 2207 fere
3189 2139 3331 2208 passi
3355 2132 3495 2193 sunt.

2076 2246 2094 2278 ¹
2125 2246 2184 2304 In
2217 2246 2394 2318 primo
2418 2247 2607 2305 libello
2644 2247 2953 2316 expositum
3000 2263 3031 2303 a
3078 2249 3237 2305 nobis
3273 2258 3398 2319 est,
3435 2250 3600 2307 Pom-

1998 2341 2182 2413 peium
2210 2341 2451 2414 Trogum
2479 2387 2493 2412 ,
2524 2352 2578 2398 et
2620 2338 2937 2397 Cornelium
2980 2341 3227 2400 Tacitum
3267 2358 3604 2402 commemo-

1999 2453 2152 2498 rasse
2176 2482 2192 2508 ,
2229 2456 2335 2496 non
2367 2439 2529 2511 plene
2559 2438 2777 2512 quidem
2808 2479 2827 2507 ,
2879 2447 3128 2496 nostrum
3156 2455 3288 2498 vero
3336 2440 3557 2514 Moysen
3587 2484 3604 2507 ,

2001 2532 2164 2589 etiam
2190 2532 2429 2604 ipsorum
2462 2531 2780 2589 testimonio
2809 2531 3050 2598 fidelem,
3078 2520 3315 2590 fideliter
3338 2532 3612 2591 sufﬁcien-

2001 2635 2195 2699 terque
2222 2626 2450 2695 dixisse,
2483 2625 2777 2699 Egyptios
2809 2634 2865 2683 et
2890 2641 3073 2698 regem
3108 2642 3330 2695 eorum,
3362 2644 3486 2686 cum
3514 2643 3614 2699 po-

2002 2719 2188 2790 pulum
2226 2719 2364 2787 Dei,
2410 2720 2628 2777 servire
2667 2720 2934 2777 intentum
2964 2728 3020 2777 et
3048 2728 3298 2791 paratum
3324 2720 3440 2778 Deo
3468 2736 3568 2778 suo
3592 2763 3611 2792 ,

2002 2811 2363 2884 impediendae
2396 2812 2701 2870 devotionis
2749 2813 3011 2871 instinctu
3034 2859 3049 2884 ,
3091 2815 3159 2870 ad
3193 2814 3364 2872 lutum
3403 2815 3615 2886 paleas-

2000 2920 2108 2977 qne
2133 2914 2490 2973 revocarent,
2530 2904 2721 2964 decem
2760 2907 2782 2938 ²
2817 2904 3188 2963 acerbissimis
3220 2907 3396 2978 plagis
3440 2908 3610 2964 fuisse

2001 3008 2258 3055 vexatos.
2295 2997 2499 3056 Deinde
2528 2997 2550 3031 ³
2581 2998 2843 3055 violentia
2870 2999 3138 3055 malorum
3169 2998 3461 3070 edomitos,
3493 3015 3605 3057 non

2002 3093 2182 3149 solum
2232 3093 2482 3166 coegisse
2545 3092 2889 3151 festinantem
2919 3135 2937 3163 ,
2999 3093 3096 3151 sed
3145 3094 3308 3151 etiam
3365 3096 3611 3167 propriis.

294 3186 383 3243 sui
404 3195 649 3261 tempore
680 3199 794 3248 toto
819 3192 955 3249 orbe
979 3192 1264 3250 saeviebat.
1297 3192 1383 3250 An
1411 3194 1576 3251 etiam
1602 3192 1745 3250 hanc
1771 3193 1900 3250 δεε-
1925 3188 1973 3255 C
2003 3181 2025 3215 ’δ
2055 3184 2168 3241 suis
2194 3185 2471 3258 argenteis
2494 3193 2550 3243 et
2578 3186 2760 3242 aureis
2787 3185 2937 3243 vasis
2966 3187 3418 3245 accumulavisse.
3447 3188 3603 3257 Post,

291 3275 583 3336 titudinem
613 3280 721 3338 illis
751 3282 1090 3355 temporibus
1116 3283 1408 3355 poenaliter
1450 3283 1718 3341 accidisse
1745 3298 1900 3341 asse-

297 3367 401 3437 ris,
428 3376 486 3427 et
505 3386 607 3429 nos
638 3372 767 3431 hinc
795 3390 1014 3448 quoque
1044 3384 1254 3434 terrere
1283 3377 1528 3435 moliris?
1550 3378 1761 3448 Quibus
1799 3375 1903 3435 hu-

293 3459 500 3518 militer
525 3467 907 3537 responderim
926 3509 942 3536 ,
975 3483 1094 3538 me,
1123 3470 1357 3542 plurima
1387 3486 1516 3529 cura
1549 3471 1769 3544 pietatis
1807 3485 1903 3529 at»

291 3552 554 3626 cinctum,
578 3572 933 3619 commonere
960 3561 1029 3620 de
1055 3563 1222 3633 veris,
1250 3578 1358 3622 non
1390 3572 1604 3622 terrere
1628 3562 1699 3624 de
1723 3563 1898 3621 falsis.

2013 3276 2211 3333 oblitos
2240 3278 2408 3350 plagae
2437 3293 2551 3335 suae
2569 3320 2586 3348 ,
2619 3288 2676 3336 et
2700 3278 2930 3352 cupidos
2974 3280 3175 3351 praeda:
3200 3281 3458 3339 indebita:
3480 3325 3496 3353 ,
3526 3284 3613 3341 in-

2004 3371 2162 3430 vidos
2189 3372 2351 3430 etiam
2378 3373 2658 3446 religionis
2679 3374 2905 3442 alienae,
2943 3374 3074 3432 dum
3103 3378 3425 3435 innocentes
3451 3377 3613 3436 avide

2005 3476 2432 3539 persequuntur,
2464 3467 2602 3524 mari
2646 3467 2834 3526 Rubro
2877 3469 3068 3527 ultime
3113 3478 3365 3543 receptos
3413 3485 3605 3529 omnes

2003 3561 2250 3621 funditus
2276 3560 2573 3622 interiisse.
2603 3563 2760 3634 Quod
2791 3578 2894 3636 ego
2922 3577 3067 3622 nunc
3096 3563 3279 3624 refero
3315 3579 3381 3625 ac
3405 3580 3609 3624 renun-

1579 3782 2035 3845 HAVERCAMPI
2071 3782 2308 3841 NOTJE.

367 3934 424 3994 3.
450 3935 842 4022 _0pprintimus.
886 3935 1060 4011 Lugd.
1111 3938 1232 3996 Bat.
1269 3946 1396 3997 tert.
1444 3947 1502 3995 et
1545 3945 1754 4011 quart.,
1800 3955 1897 4011 op-

295 4023 599 4081 pressimus.

368 4082 425 4136 4.
473 4080 1077 4156 Verisimitium.Lngd.
1122 4083 1270 4141 Batt.
1309 4090 1563 4156 quatuor,
1596 4097 1720 4140 cum
1749 4082 1891 4141 Coll.

295 4150 539 4209 Gronov.
551 4195 566 4220 ,
603 4150 999 4211 verisimillinta.

369 4222 428 4296 5.
452 4223 559 4280 Sed
586 4241 746 4293 nunc,
776 4235 884 4282 etc.
917 4226 1032 4284 Duo
1053 4242 1121 4285 ex
1140 4227 1331 4285 iisdem
1359 4242 1485 4287 cum
1514 4225 1892 4296 Coll.eadem,

293 4295 392 4351 sed
418 4311 589 4351 nonne
624 4313 791 4361 nunc,
823 4307 936 4355 etc.

371 4367 427 4445 ρ.
466 4366 863 4445 ρηρὶᾳαὶιαζεηι.
896 4368 1053 4445 Edd.
1080 4371 1326 4445 quaedam
1358 4382 1521 4440 vett.,
1550 4372 1896 4445 antiquatam.

370 4439 427 4495 7.
460 4437 719 4516 Columna
737 4437 1153 4516 inexpugnabilis
1180 4443 1349 4515 fulsit.
1381 4437 1554 4502 Codd.
1574 4437 1747 4516 Lugd.
1774 4444 1895 4499 Bat.

301 4516 431 4589 ter_t.
474 4521 530 4566 et
560 4510 1129 4589 Perizon.,Ycalumna
1165 4510 1559 4589 inexpugnabili
1597 4510 1764 4589 fulsit.
1788 4516 1898 4571 Sed

299 4582 455 4659 vu_l_g._
496 4583 667 4659 proba
711 4583 939 4656 ejusque
972 4601 1168 4644 sensus
1210 4582 1299 4642 hic
1330 4582 1467 4659 est:
1500 4582 1895 4659 Antiquitatem

299 4654 583 4730 religionis
613 4667 815 4711 nostra:
839 4654 1226 4730 oppugnatam,
1250 4658 1344 4730 sed
1370 4654 1661 4717 victricem’
1680 4668 1736 4716 et
1765 4672 1900 4715 con-

298 4726 470 4799 stanti
495 4736 684 4799 tenore
714 4726 1124 4799 permanentem
1156 4729 1552 4799 Maximianus,
1584 4730 1747 4786 veluti
1785 4738 1898 4786 sta-

2080 3938 2168 3997 M.
2210 3936 2402 3995 Decem
2430 3939 2837 4012 persecutiones.
2867 3936 3043 4013 Lugd.
3074 3937 3196 3999 Bat.
3237 3952 3380 4018 sec.,
3427 3947 3604 4007 decem

2006 4019 2376 4084 persecutores.

2077 4082 2168 4158 εξ.
2206 4081 2376 4158 fassa
2399 4091 2494 4158 est.
2532 4082 2665 4158 Mss.
2694 4082 2903 4158 aliquot
2925 4126 2939 4151 ,
2970 4101 3215 4158 perpessa
3240 4097 3338 4144 est.

2077 4154 2169 4210 16.
2198 4153 2249 4208 Ε
2285 4155 2543 4229 ιπεεςιὶςιᾷοἈ
2560 4153 2803 4229 Quatuor
2851 4153 3027 4229 Lugd.
3062 4153 3248 4227 'Batt.,
3289 4175 3414 4218 cum
3455 4163 3601 4223 Coll.

2003 4226 2256 4303 Gronov:
2274 4234 2333 4281 et
2355 4225 2793 4303 co’d.__P_erizon._,
2821 4243 2849 4281 e
2882 4225 3130 4303 veitigiis.

2078 4300 2169 4379 Π.
2218 4297 2453 4355 Premor.
2486 4297 2653 4379 lid_em
2686 4297 2810 4354 eod.
2842 4307 2903 4355 ut
2940 4297 3182 4379 ct_'Fl_or.
3212 4317 3328 4379 sec.
3354 4350 3370 4375 ,
3401 4324 3597 4379 premo.

2006 4370 2106 4427 Ed.
2138 4369 2516 4452 Aug.promo.
2546 4369 2754 4427 Sensus
2778 4378 2885 4440 est,
2921 4371 3051 4429 nolo
3077 4373 3145 4430 de
3172 4389 3240 4432 eo
3266 4369 3603 4452 disceptare,

2004 4451 2183 4499 utrum
2204 4487 2217 4505 .
2251 4451 2359 4499 etc.
3040 4498 3057 4505 _

2075 4513 2472 4595 l_8._Intellecta
2519 4522 2615 4570 est.
2658 4513 2830 4595 Lugd.
2874 4514 3146 4595 B_atl.__pr.
3191 4526 3251 4577 et
3279 4529 3429 4595 tert.,
3478 4540 3603 4584 eum

1999 4584 2142 4644 Coll.
2169 4586 2410 4643 Gronov.
2432 4628 2447 4655 ,
2477 4595 2671 4658 quanto
2699 4584 2868 4642 minus
2897 4584 3230 4646 intellectam.

2073 4658 2169 4733 l9.
2209 4657 2415 4733 Intpitts
2436 4700 2451 4724 ,
2481 4666 2589 4714 etc.
2623 4658 2797 4733 Verba
2823 4668 2955 4733 sunt
2978 4661 3185 4719 Jerem.
3217 4667 3354 4733 v,_5.

2074 4729 2169 4787 20.
2213 4729 2371 4806 Qub_d_
2415 4746 2560 4795 cum,
2607 4739 2717 4806 etc.
2769 4730 2946 4806 Lugd.
2992 4733 3113 4790 Bat.
3167 4729 3420 4806 quatuor,
3462 4742 3603 4799 Coll.

298 4795 428 4884 sui.
455 4783 746 4884 upupa;
786 4783 1893 4884 ευοηιςίέρζηιτεέιείιεῃτεάὶίιίιίιιέιςέῑιῑοίνη.
1924 4783 1974 4846 ι)
2002 4783 2269 4884 emant,
2310 4783 2583 4884 ιςῖροτεηιί.
2617 4783 3603 4884 an;psiizani‘et‘éai‘xtigij";

298 4866 499 4944 Cicero
522 4869 677 4926 Orat.
728 4866 828 4941 pro
876 4871 1103 4929 Rabirio
1145 4866 1445 4929 Posthumo
1467 4887 1588 4944 cap.
1621 4873 1726 4930 l6:
1759 4871 1899 4927 Eum

303 4938 564 5017 labentem
593 4938 816 5017 excepit,
838 4958 1082 5002 corruere
1106 4962 1210 5001 non
1232 4943 1373 5012 sivit,
1399 4938 1551 5017 fulsit
1575 4954 1623 5001 et
1649 4944 1902 5000 sustinuit

301 5025 402 5085 re,_
417 5013 632 5085 fortuna
647 5055 662 5081 ,
698 5013 822 5085 ﬁde.

377 5083 437 5170 8.
461 5082 628 5170 dum
653 5082 1116 5170 tﬁanquillissima,
1137 5096 1248 5146 etc.
1283 5087 1455 5162 Lugd.
1492 5088 1610 5144 Bat.
1643 5102 1754 5160 pr.,
1781 5087 1897 5158 fne-

301 5163 429 5210 runt
455 5156 922 5227 tranquillissima,
956 5168 1064 5216 etc.
1370 5156 1393 5162 ⁷
1644 5156 1662 5160 ’
1782 5156 1789 5158 ⁷

314 5297 336 5311 Δ
367 5225 741 5311 gula-usitata
782 5228 1028 5299 felicitas.
1074 5230 1247 5305 Lugd.
1287 5232 1408 5289 Bat.
1451 5248 1589 5302 sec.,
1634 5231 1904 5287 inusitata:

304 5297 596 5370 felicitatis.
784 5297 791 5299 ⁷
1158 5297 1185 5305 ⁷
1577 5297 1585 5302 ⁷

328 5439 341 5451 ι
375 5368 679 5451 IQ._Nulla
703 5372 869 5441 domi,
896 5382 1008 5432 etc.
1049 5374 1221 5449 Lugd.
1259 5376 1380 5433 Bat.
1417 5387 1529 5434 tres
1555 5423 1569 5450 ,
1594 5380 1712 5451 jam
1757 5376 1908 5433 nulla

303 5439 448 5496 domi
470 5446 630 5514 fames
650 5485 667 5509 ,
699 5454 809 5501 etc.

378 5512 479 5592 gl.
517 5512 1183 5592 {lentissimumﬂl’erizom
1207 5562 1221 5588 ,
1254 5521 1654 5592 quietissimum.

305 5583 659 5729 (lngiorem
687 5588 854 5644 bonae.
898 5591 1177 5649 Posterior
1203 5583 1314 5649 vox
1342 5593 1500 5652 abest
1526 5610 1555 5650 a
1580 5593 1757 5667 Lugd.
1786 5593 1906 5650 Bat.

384 5705 668 5811 BZ‘V-elut
694 5705 899 5806 praemii
940 5733 1076 5792 loco.
1121 5733 1294 5808 Lugd.
1326 5736 1447 5795 Bat.
1492 5751 1631 5811 sec.,
1669 5737 1811 5796 velut
1855 5736 1910 5793 in

308 5801 518 5877 prtemii
546 5802 686 5875 loco.

598 5898 878 5966 Panos.
926 5900 1181 5977 XXXI.

2000 4874 2142 4946 quod
2168 4889 2304 4946 cum.
2338 4872 2595 4946 Repone,
2622 4873 2833 4946 quod_et
2862 4889 2981 4929 cum
2998 4916 3013 4941 ,
3036 4885 3145 4942 etc.

2073 4945 2165 4999 21.
2192 4944 2271 4998 Ad
2292 4943 2706 5017 reclamandunt.
2740 4943 2843 4999 Ed.
2876 4947 3017 5017 Aug.
3056 4949 3173 5004 sola
3196 4991 3213 5017 ,
3247 4953 3318 5005 ad
3347 4968 3404 5007 se
3441 4953 3596 5010 dant-

2003 5018 2258 5071 nandum.
2290 5016 2465 5071 Locus
2491 5014 2889 5103 estpbscurus:
2914 5014 3071 5103 cujus
3100 5014 3355 5103 hic'mihi
3383 5026 3602 5084 videtur

2004 5102 2128 5145 esse
2172 5100 2371 5144 sensns
2412 5104 2427 5142 :
2478 5092 2779 5144 sentientes
2808 5092 2996 5146 miseri
3039 5092 3405 5151 calamitatem
3447 5112 3607 5156 suam

2004 5159 2131 5239 dum
2157 5159 2475 5239 exclamant
2513 5174 2628 5239 prae
2663 5158 2856 5216 dolore
2879 5172 3124 5239 ,_eogunt
3150 5179 3252 5220 nos
3275 5181 3493 5239 quoque
3524 5172 3608 5226 vi-
3674 5208 3675 5211 η

2004 5230 2190 5306 cissim
2212 5231 2430 5306 adillos
2456 5231 2792 5306 exclamare,
2815 5230 3082 5291 sollicitos
3104 5230 3378 5306 quomodo
3404 5230 3606 5300 sistere

2012 5304 2230 5360 illorum
2250 5301 2551 5374 clamorem
2591 5305 2885 5374 possimus.

2085 5378 2216 5433 CAP.
2246 5373 2466 5431 XXVII.
2495 5371 2640 5430 —I.
2683 5371 2752 5429 In
2793 5376 2963 5446 primo
3004 5377 3201 5436 libello.
3247 5379 3421 5456 Lugd.
3462 5385 3607 5446 Ball.

2087 5492 2099 5501 .
2127 5456 2184 5501 et
2208 5456 2420 5501 anart..
2455 5447 2511 5501 in
2540 5446 2707 5501 primo
2733 5445 2888 5501 libro.

2014 5462 2099 5520 pr.
2127 5456 2184 5504 et
2208 5456 2420 5519 qnart.,
2455 5447 2511 5502 in
2540 5446 2707 5516 primo
2733 5446 2888 5503 libro.
3331 5446 3369 5456 ⁷

2061 5519 2159 5605 ⁸2..
2183 5519 2537 5576 Acerbissimis
2567 5518 2753 5593 plagis.
2784 5519 2955 5594 Lugd.
2988 5522 3108 5580 Bat.
3144 5532 3299 5595 tert.,
3343 5530 3610 5588 acerrimis

2016 5591 2458 5735 plg‘i’iolentia
2488 5662 2766 5719 malorum.
2807 5663 3086 5735 Perizon.,
3129 5668 3377 5725 violentia
3409 5688 3613 5729 earum.

2018 5733 2332 5865 mal-{uanis
2368 5736 2538 5795 Abest
2566 5735 2635 5792 ab
2660 5735 2751 5793 ed.
2778 5734 2916 5811 Aug.
2949 5733 3079 5811 quzc‘
3101 5754 3227 5797 mox
3255 5742 3618 5806 accumulasse

3000 5904 3082 5969 36
