4076 6352
280 294 422 409 1155

1247 288 1718 350 HISTORIARUM
1759 284 1964 345 LIBER
2007 284 2114 343 VII.
2159 284 2313 342 CAP.
2359 283 2594 343 XXVIII.

3439 277 3583 337 “54

279 391 509 471 flomani
536 409 685 467 orbis
711 407 964 464 excitatae
989 405 1228 479 undique
1259 406 1494 462 intulere
1518 413 1725 474 gentes,
1753 417 1876 474 qum
1904 402 1956 463 Α
1981 397 2315 469 impediente
2363 397 2593 468 caligine
2614 435 2630 464 ,
2676 394 2803 450 dum
2856 406 2966 448 non
3021 391 3257 458 videtur,
3313 391 3569 461 intratur,

278 507 521 566 caedibus
549 514 713 577 atque
756 501 1021 560 incendiis
1054 508 1274 556 cunctas
1315 497 1622 570 provincias
1646 496 1870 553 deleve-

1979 500 2294 566 perpetuam
2319 491 2698 563 perditionem,
2727 485 3128 561 immortalibus
3160 484 3340 541 arsuri
3371 485 3576 555 suppli-

279 611 426 661 runt.
461 601 537 657 lbi
568 614 708 656 nona
742 598 976 654 turbatio
1007 596 1290 652 diuturnas
1321 607 1533 651 crassas
1559 607 1623 648 ac
1662 591 1707 623 ’ί
1738 604 1876 662 pene
1977 589 2106 656 clis,
2135 586 2454 644 sortientur.

254 694 600 752 -traetabiles
643 692 895 749 tenebras
936 690 1159 758 habuit,
1210 689 1333 759 plus
1380 688 1605 742 omnino
1648 684 1873 755 periculi

279 789 609 849 comminata
641 803 804 860 quam
848 785 976 841 fecit
1022 801 1036 839 :
1083 785 1171 840 hic
1200 782 1385 838 itidem
1431 795 1574 836 nona
1604 777 1877 848 correptio

281 885 403 951 fuit,
434 898 560 940 eum
590 882 887 940 Aureliano
921 878 1352 951 persecutionem
1382 874 1719 942 dcccrnenti,
1745 872 1878 927 diris

287 980 594 1038 turbinibus
621 977 867 1035 terribile
892 991 956 1033 ac
979 975 1137 1032 triste
1166 973 1369 1030 fulmen
1401 973 1503 1029 sub
1533 970 1702 1041 ipsius
1729 967 1880 1040 pedi-

283 1076 387 1133 bus
417 1075 547 1145 ruit,
581 1072 877 1131 ostendens
902 1072 1051 1143 quid,
1076 1086 1199 1128 cum
1230 1070 1366 1126 ultio
1385 1068 1512 1125 talis
1541 1069 1587 1102 ”
1617 1060 1877 1138 exigeret,

287 1177 473 1225 tantus
500 1176 681 1240 posset
709 1167 870 1235 ultor,
901 1164 1007 1222 nisi
1030 1171 1085 1221 et
1104 1164 1350 1221 clemens
1379 1169 1523 1218 esset
1550 1169 1603 1216 et
1635 1160 1878 1230 patiens:

2528 720 2758 778 CAPUT
2795 717 3037 778 XXVIII.

1985 860 2060 916 De
2085 860 2412 925 Constantini
2441 858 2621 931 Magni
2668 858 2914 931 Augusti,
2962 853 3238 931 Maxentii,
3280 852 3491 931 Licinii,
3529 862 3576 931 et

2055 922 2363 988 Maximiani
2395 922 2648 1001 imperiis,
2690 922 2928 986 et'rebus
2969 928 3140 1001 gestis.
3177 924 3310 980 Item
3353 924 3417 979 de
3455 922 3580 978 Aria

2053 1004 2313 1089 irwretico,
2339 1006 2552 1077 ejusque
2577 1002 2816 1075 dogmate
2839 1001 3106 1055 damnato.

2054 1160 2219 1232 lgitur
2256 1167 2491 1224 mortuo,
2527 1169 2580 1213 ut
2615 1156 2754 1223 dixi,
2785 1155 3138 1213 Constantino
3171 1154 3225 1208 in
3258 1152 3571 1215 Britanniis,

283 1275 612 1332 quamquam
638 1259 779 1315 intra
803 1273 896 1315 sex
920 1258 1119 1315 abhinc
1141 1271 1356 1311 menses
1380 1253 1620 1310 succidui
1645 1259 1758 1308 tres
1783 1250 1880 1306 im-
1980 1252 2373 1311 Constantinus
2400 1253 2696 1322 imperator
2724 1252 2742 1283 ί
2777 1258 2863 1306 est
2904 1258 3147 1314 creatus,
3183 1247 3392 1319 primus
3422 1249 3442 1279 ³
3474 1248 3572 1300 im-

284 1364 589 1428 peratores,
614 1353 721 1409 hoc
739 1359 844 1416 est,
866 1352 1215 1423 Aurelianus,
1241 1350 1462 1407 Tacitus
1490 1356 1547 1405 ct
1571 1346 1878 1408 Florianus.
1981 1357 2290 1419 peratorum
2317 1346 2681 1411 Christianus,
2708 1353 2936 1415 excepto
2972 1342 3130 1417 537
3174 1341 3444 1411 Philippo,
3486 1340 3578 1410 qui

282 1448 517 1506 diversis
549 1446 731 1505 causis
759 1446 1024 1502 interfecti
1057 1453 1206 1502 sunt.
1248 1443 1326 1501 Ibi
1362 1450 1643 1515 postremo
1670 1438 1880 1496 decima
1982 1438 2318 1497 Christianus
2349 1439 2508 1493 aiinis
2535 1436 2827 1494 admodum
2859 1435 3204 1508 paucissimis
3232 1433 3302 1489 ad
3328 1432 3433 1488 hoc
3460 1441 3579 1488 tan-

284 1544 467 1616 plaga,
498 1556 621 1614 qua:
645 1549 700 1598 et
725 1539 1022 1597 novissima
1061 1538 1304 1596 omnium
1336 1537 1460 1605 fuit,
1501 1534 1549 1570 ”
1576 1532 1884 1591 interfectio
1987 1542 2097 1591 tum
2137 1533 2462 1590 constitutus
2492 1530 2660 1588 fuisse
2697 1529 2830 1587 mihi
2858 1529 3008 1586 visus
3037 1534 3141 1594 est,
3170 1536 3230 1583 ut
3257 1527 3578 1583 millesimus

286 1636 555 1703 ﬁliorum,
589 1648 729 1704 quos
757 1634 966 1705 primos
997 1632 1200 1704 quique
1223 1642 1527 1703 genueram
1552 1650 1563 1685 :
1597 1631 1685 1686 hic
1712 1624 1884 1683 nihilo
1984 1628 2172 1685 Romae
2195 1642 2365 1684 annus
2392 1626 2611 1683 Christo
2638 1624 2841 1697 potius,
2869 1640 3026 1696 quam
3050 1624 3208 1681 idolis
3238 1631 3260 1665 ⁸
3282 1623 3576 1679 dicaretur.

284 1732 467 1787 minus
495 1729 730 1795 decima,
764 1727 815 1783 id
850 1734 958 1794 est,
1000 1727 1297 1783 novissima
1340 1741 1500 1797 pcena
1527 1732 1612 1782 est
1639 1721 1881 1780 omnium

1986 1721 2009 1753 ‘
2037 1725 2077 1778 Α
2096 1718 2458 1778 Constantino
2485 1728 2671 1776 autem
2698 1732 2914 1790 semper
2935 1731 3128 1774 omnes
3153 1715 3451 1773 Christiani
3476 1714 3580 1769 lm-

284 1821 554 1880 idolorum
577 1821 830 1892 perditio,
856 1835 977 1890 quat
1002 1819 1251 1890 primitus
1277 1818 1415 1875 facta
1441 1819 1492 1873 in
1523 1816 1714 1890 primis
1736 1829 1882 1870 ama-
1914 1797 1963 1858 Β
1991 1824 2271 1891 peratores
2299 1832 2471 1889 usqtte
2501 1818 2523 1849 ⁵
2575 1816 2631 1871 in
2665 1815 2985 1872 hodiernum
3032 1812 3175 1870 diem
3215 1813 3382 1869 creati
3434 1819 3580 1877 sunt,

204 1910 217 1919 ’
284 1913 437 1971 bant.
487 1908 564 1971 lbi
609 1929 704 1970 rex
752 1911 1052 1984 potentiam
1107 1914 1200 1967 Dei
1246 1912 1456 1979 sensit,
1506 1909 1786 1983 probavit,
1829 1915 1885 1963 et

285 2007 488 2075 timuit,
524 2018 588 2061 ac
618 2018 719 2076 per
743 2005 850 2062 hoc
894 2004 1149 2076 populum
1180 2004 1275 2061 Dei
1310 2003 1539 2060 liberum
1579 2003 1728 2059 abire
1760 2012 1887 2071 per-

285 2102 478 2160 misit:
512 2102 560 2135 “
586 2102 673 2157 hic
717 2114 811 2158 rex
845 2102 1144 2172 potentiam
1172 2099 1266 2155 Dei
1313 2100 1513 2165 sensit,
1551 2098 1805 2168 probavit
1831 2103 1888 2153 et

287 2196 543 2258 credidit,
569 2210 632 2252 ac
660 2211 758 2264 per
785 2196 888 2253 hoc
926 2195 1184 2268 populum
1211 2193 1307 2250 Dei
1338 2192 1567 2251 liberum
1613 2205 1734 2249 esse
1765 2206 1884 2260 pcr-

284 2288 454 2346 misit.
486 2289 565 2345 lbi
596 2303 886 2361 numquam
923 2296 1110 2359 postea
1144 2288 1380 2359 populus
1411 2288 1506 2343 Dei
1544 2286 1611 2341 ad
1650 2286 1884 2342 servitu-

286 2388 399 2437 tem
431 2390 725 2448 retractus,
764 2380 851 2435 hic
883 2394 1173 2448 numquam
1202 2389 1387 2449 postea
1417 2378 1654 2449 populus
1685 2375 1779 2431 Dei
1819 2373 1887 2430 ad

286 2472 652 2530 idololatriam
680 2480 903 2528 coaetus
941 2482 1048 2528 est.
1085 2470 1158 2528 lbi
1189 2470 1569 2543 Egyptiorum
1600 2482 1729 2524 vasa
1759 2482 1885 2535 pre-

286 2568 430 2625 tiosa
472 2567 716 2624 Hebraeis
748 2567 945 2623 tradita
990 2573 1119 2622 sunt
1155 2585 1165 2619 :
1205 2566 1292 2622 hic
1333 2565 1388 2622 in
1432 2564 1696 2622 ecclesias
1726 2563 1893 2637 536

291 2660 726 2719 Christianorum
772 2659 1041 2730 praecipua
1094 2672 1424 2730 paganorum
1476 2657 1674 2730 templa
1708 2668 1892 2712 cesse-

256 2830 259 2833 _
289 2765 438 2811 runt.
473 2753 620 2810 Sane
649 2753 804 2819 illud,
848 2762 909 2808 ut
947 2752 1082 2822 dixi,
1115 2752 1546 2808 denuntiandum
1582 2759 1734 2820 puto,
1760 2749 1889 2822 quia

287 2845 428 2903 sicut
458 2845 728 2918 Egyptiis
760 2854 882 2917 post
916 2846 1015 2901 has
1043 2846 1232 2902 decem
1265 2845 1452 2917 plagas
1481 2843 1738 2901 dimissos
1780 2844 1888 2900 lle-

288 2940 471 2997 brmos
521 2941 775 3012 persequi
831 2939 1206 3007 molientibus,
1252 2940 1412 2995 irruit
1463 2940 1511 2973 "
1556 2954 1653 3011 per
1703 2953 1893 3011 super-

290 3035 511 3091 ductum
554 3048 703 3091 mare
745 3041 949 3091 aeterna
995 3034 1229 3105 perditio
1268 3052 1278 3087 :
1333 3033 1402 3088 ita
1446 3042 1501 3088 et
1532 3048 1631 3089 nos
1672 3033 1891 3105 quidem

289 3127 466 3186 libere
494 3128 925 3200 peregrinantes,
971 3135 1367 3197 superventura
1405 3127 1728 3199 quandoque
1767 3140 1893 3198 per-

1987 1921 2218 1984 excepto
2246 1910 2487 1978 Juliano,
2519 1925 2678 1981 quem
2710 1910 2874 1983 impia
2899 1909 2980 1982 (ut
3010 1906 3185 1981 aiunt)
3220 1908 3240 1940 ⁸
3266 1905 3576 1986 ωεοὴίῃηησ

1989 2015 2095 2061 tem
2124 2004 2418 2061 exitiabilis
2442 2004 2548 2060 vita
2573 2003 2833 2061 deseruit.
2866 2001 2995 2058 Haec
3027 2011 3109 2057 est
3140 2001 3281 2056 lenta
3309 2000 3398 2055 illa
3425 2013 3585 2068 paga-

1989 2114 2183 2156 norum
2213 2113 2393 2168 pmna,
2422 2099 2516 2154 sed
2555 2104 2728 2154 certa.
2776 2098 2913 2153 llinc
2959 2097 3076 2152 sani
3134 2095 3429 2160 insaniunt,
3461 2092 3589 2147 hinc

1990 2196 2129 2249 inon
2150 2191 2416 2248 vulnerati
2442 2196 2905 2263 compunguntur,
2929 2186 3057 2246 hinc
3078 2190 3318 2245 ridentes
3346 2197 3589 2259 gemunt,

1990 2287 2117 2342 hinc
2159 2287 2403 2341 viventes
2443 2284 2727 2354 deficiunt,
2767 2280 2893 2339 hinc
2939 2292 3153 2340 secreto
3179 2284 3588 2346 excruciantur,

1990 2393 2127 2449 quos
2160 2394 2318 2434 nemo
2352 2378 2730 2448 persequitur;
2755 2375 2883 2459 hinc
2907 2378 3016 2447 jum
3047 2376 3357 2446 paucissimi
3380 2387 3611 2430 remeo--

1992 2478 2201 2533 serunt,
2220 2471 2306 2542 qui
2337 2480 2631 2541 numquam
2661 2469 2844 2541 aliquo
2859 2478 3228 2541 persequente
3255 2467 3430 2538 puniti
3444 2474 3590 2522 sunt.

1998 2565 2384 2621 Verumtamen
2416 2564 2594 2636 qualis
2625 2575 2754 2621 tunc
2786 2573 3162 2635 persecutores
3188 2563 3336 2631 illos,
3360 2561 3431 2618 de
3456 2575 3593 2632 quo-

1993 2675 2114 2716 rum
2142 2661 2462 2731 imptmitate
2488 2674 2593 2715 non
2616 2660 2790 2715 solum
2814 2659 3062 2730 gloriari,
3086 2659 3180 2715 sed
3213 2658 3374 2714 etiam
3427 2657 3595 2712 insul-

1996 2758 2114 2808 tare
2144 2758 2433 2821 conantur,
2463 2752 2589 2807 ﬂuis
2614 2753 2831 2812 mansit,
2871 2751 3179 2822 expediam.
3235 2751 3597 2807 Constantino

1995 2845 2050 2900 in
2073 2843 2264 2900 Galliis
2278 2843 2655 2901 strenuissime
2667 2843 3061 2916 rempublicam
3088 2828 3433 2915 procurante,
3458 2858 3598 2914 prac-

1998 2938 2192 2993 toriani
2229 2936 2428 2994 milites
2474 2937 2665 2993 Roma!
2708 2936 3061 3005 Maxentium,
3097 2935 3264 2991 illium
3318 2936 3596 3005 Herculei,

1997 3032 2087 3103 qui
2115 3034 2356 3099 privatus
2386 3032 2438 3087 in
2472 3030 2711 3087 Lucania
2754 3031 3093 3099 morabatur,
3121 3033 3416 3102 Augustum
3461 3045 3601 3085 nune

1998 3135 2354 3195 cupaverunt.
2383 3123 2743 3181 Maximianus
2772 3124 3096 3192 Herculeus,
3117 3124 3229 3194 jam
3261 3138 3331 3181 ex
3357 3126 3600 3194 Augusto

294 3221 503 3278 secutio
527 3220 810 3292 gentili'fm
854 3231 1056 3280 manet.
1090 3220 1264 3276 donec
1308 3234 1459 3275 mare
1485 3218 1752 3288 Rubrum,
1785 3219 1890 3275 hoc
1920 3194 1967 3262 Ο
2000 3222 2263 3293 privatus,
2289 3230 2342 3274 et
2370 3219 2547 3276 adhuc
2572 3219 2821 3289 publicus
2846 3229 3181 3291 perseeutor,
3215 3219 3503 3274 occasione
3534 3219 3598 3273 tl.

296 3322 403 3382 est,
432 3313 612 3384 ignem
635 3312 849 3382 judirii,
888 3312 1010 3381 ipso
1032 3313 1265 3367 Domino
1300 3322 1488 3368 nostro
1520 3313 1647 3369 Jesu
1674 3312 1894 3368 Christo

296 3405 436 3462 duce
460 3413 516 3462 et
535 3405 740 3476 judice,
766 3417 1121 3460 transeamus.
1144 3405 1207 3459 lli
1235 3420 1363 3461 vero
1385 3407 1438 3460 in
1458 3420 1595 3477 quos
1611 3404 1896 3478 Egyptia-

297 3515 416 3557 rum
461 3499 631 3555 forma
667 3499 1083 3564 transfunditur,
1133 3501 1402 3572 permissa
1431 3501 1497 3557 ad
1547 3510 1761 3573 tempus
1804 3514 1899 3573 po-

301 3600 498 3649 testate
546 3594 592 3625 ²⁶
645 3593 929 3648 saevientes
973 3592 1315 3664 gravissimis
1356 3594 1577 3665 quidem
1627 3595 1896 3667 permissu

300 3688 397 3745 Dei
423 3690 467 3720 ³⁷
499 3688 842 3744 Christianos
865 3689 1199 3745 cruciatibus
1221 3698 1650 3760 persequentur;
1681 3704 1895 3746 verum-

301 3793 482 3839 tamen
523 3781 685 3839 iidem
719 3798 910 3839 omnes
955 3782 1161 3839 inimici
1189 3781 1422 3852 Christi,
1475 3798 1597 3841 cum
1643 3798 1769 3857 rege
1796 3800 1896 3840 suo

301 3874 655 3942 Antichristo,
679 3877 888 3948 accepti
911 3885 991 3933 sta
1001 3891 1107 3949 guo
1127 3876 1267 3948 ignis
1286 3858 1505 3947 aeterni,
1525 3877 1668 3950 quod
1702 3894 1892 3951 magna

2000 3315 2059 3371 lii
2088 3314 2432 3379 sollicitatus,
2466 3314 2558 3386 qui
2601 3314 2892 3387 imperium
2933 3313 3230 3384 abiecerat,
3258 3312 3489 3383 arripuit
3520 3320 3600 3383 ty-

1998 3408 2302 3465 rannidem.
2357 3406 2608 3464 Galerius
2671 3406 2947 3478 Augustus
3003 3406 3267 3463 Severum
3328 3405 3601 3461 Cursarem

2002 3501 2264 3559 adversus
2296 3502 2621 3557 Maxentium
2672 3500 2899 3557 Romam
2932 3501 2954 3533 ³
2986 3516 3109 3555 cum
3140 3499 3383 3554 exercitu
3433 3497 3598 3553 misit.

2001 3596 2237 3654 Severus
2264 3611 2387 3652 cum
2414 3594 2614 3652 Urbem
2643 3593 2946 3661 obsideret,
2964 3592 3195 3649 militum
3228 3607 3452 3646 suorum
3486 3605 3601 3646 sce-

2005 3690 2119 3747 lere
2150 3691 2404 3747 desertus
2433 3700 2488 3746 et
2517 3688 2783 3760 proditus,
2818 3698 2981 3759 atque
3028 3703 3093 3743 ex
3123 3702 3190 3742 eo
3238 3686 3469 3757 fugiens,
3503 3684 3605 3738 lla-

2004 3802 2194 3844 venna:
2242 3783 2560 3840 interfectus
2590 3791 2693 3839 est.
2732 3782 3028 3839 Herculeus
3069 3778 3428 3836 Maximianus
3480 3792 3598 3848 per-

2004 3890 2245 3947 secutor,
2277 3882 2299 3914 ⁰
2325 3888 2382 3935 et
2409 3894 2471 3936 ex
2504 3877 2749 3950 Augusto
2778 3889 3061 3948 tyrannus,
3082 3875 3461 3932 confirmatum
3489 3873 3600 3944 jam

1620 4146 2070 4206 HAVERCAMPI
2111 4148 2349 4206 ΝΟΤιΕ.

373 4356 469 4412 2i.
502 4353 643 4409 Pene
667 4352 977 4409 tractabiles.
1005 4308 1177 4425 Lugd.
1204 4355 1319 4411 Bat.
1346 4353 1451 4411 duo
1470 4353 1687 4412 etCnll.
1705 4357 1899 4423 Gron.,

305 4426 667 4503 penetragiles.

377 4500 467 4555 22.
511 4497 785 4571 Exigeret.
810 4496 952 4571 Edd.
982 4504 1116 4555 vett.
1143 4498 1414 4571 quadam,
1446 4498 1756 4571 exigeretur.

512 4568 819 4641 Interfectio
871 4568 1121 4639 ﬁliorum.
1171 4570 1269 4627 Ed.
1304 4568 1467 4644 Aug,
1515 4568 1902 4644 interfectorum

373 4658 559 4697 torum.

373 4658 559 4697 torum.

379 4713 470 4770 24.
507 4712 618 4787 _H_ic
647 4729 745 4787 rex,
787 4714 1071 4787 potentiam
1122 4713 1233 4782 Dei,
1281 4724 1388 4771 etc.
1432 4713 1568 4771 Cod.
1600 4716 1762 4787 Aug.,
1803 4714 1905 4770 llic

310 4785 518 4858 tyranni
550 4774 833 4840 Ecclesium
880 4782 977 4858 Dei
1006 4800 1037 4839 a
1066 4774 1416 4857 persecutione
1445 4787 1657 4858 liberam
1687 4774 1903 4842 7to'nori-
1934 4774 1987 4838 D

311 4854 406 4929 (ius
468 4859 862 4929 antpliaverunt.
924 4854 1121 4911 Verum
1184 4870 1375 4912 auctor
1427 4856 1495 4913 de
1551 4856 1907 4913 Constantino

312 4928 509 5001 Magno
539 4926 649 5001 agit
679 4926 825 4999 quod
853 4934 1019 5001 patet
1065 4943 1131 4984 ex
1173 4929 1341 4986 verbo
1381 4929 1622 4990 credidit.
1655 4931 1911 5001 Opposito

311 4999 567 5128 lileltinquod
611 4999 888 5070 praecessit
919 5000 1110 5055 timuit.
1163 5002 1307 5059 Sana
1351 5001 1511 5073 igitur
1557 5008 1641 5057 est
1689 4999 1908 5071 recepta

424 5087 498 5127 ιο.
1152 5124 1162 5128 _

333 5080 498 5128 ectio.

524 5140 629 5197 Per
654 5140 1099 5215 superinductum.
1151 5124 1416 5201 Florcutt.
1450 5143 1578 5213 duo,
1626 5144 1905 5216 superduc-

374 5232 444 5270 m.

336 5232 444 5271 um.

385 5286 480 5343 26.
512 5285 807 5346 Swvientes.
842 5291 930 5346 Sic
961 5306 1026 5347 ex
1056 5289 1299 5358 vestigiis
1324 5287 1449 5344 libri
1472 5287 1661 5344 Colon.
1687 5287 1903 5358 scripsi.

385 5302 480 5343 zu.
512 5302 807 5346 Dementes.
842 5302 930 5346 Sic
961 5306 1026 5347 ex
1056 5302 1191 5344 vesti
1236 5302 1299 5344 tts
1326 5302 1449 5344 tum
1472 5302 1661 5344 uoton.
1687 5304 1903 5358 scnpsr.

314 5357 451 5433 153m
502 5358 629 5433 illud
681 5363 952 5418 servientes
1009 5360 1151 5433 quod
1197 5302 1295 5417 flio
1345 5368 1463 5416 erat
1493 5376 1599 5432 quo
1642 5360 1909 5428 pertinet?

314 5428 742 5515 Caur.epnde
764 5428 1042 5515 servientes
1066 5434 1119 5488 in
1147 5433 1271 5489 edd.
1300 5428 1648 5515 Fabricianas
1672 5434 1906 5501 irrepse-

313 5504 422 5571 rit,
449 5504 652 5566 nescio,
678 5505 804 5560 edd.
831 5508 1158 5562 vetustiores
1184 5517 1235 5559 et
1262 5519 1388 5560 mss.
1419 5504 1637 5571 habent,
1667 5514 1727 5559 ul
1750 5520 1911 5574 opor-

318 5581 419 5637 let,
452 5575 733 5630 sapientes.

351 5716 363 5728 .
388 5643 480 5699 27.
520 5644 1192 5728 (Ῐῂνὶδιίαῃοεβνιιεὶαιξὺιιε
1230 5656 1611 5728 persequentur.
1644 5649 1775 5728 Cod.
1810 5648 1913 5728 Pe-

318 5720 495 5792 r_'izon.
533 5725 673 5774 utet
702 5720 792 5775 ed.
845 5722 980 5792 Aug.
1016 5720 1294 5791 primaque
1337 5731 1387 5775 et
1443 5721 1678 5792 Vettcla‘.
1730 5720 1900 5792 Lugd.

321 5786 1350 5861 Bat.Apr._persecutionibus-excruciarit.
1379 5791 1484 5848 Sed
1514 5791 1737 5849 Orosius
1763 5786 1907 5848 iuiu-

324 5869 417 5915 ηε
445 5856 705 5919 Εριτιῗείεε
751 5866 1152 5933 persecutiones
1202 5874 1296 5935 per
1327 5864 1554 5921 alteram
1594 5861 1908 5937 Aﬂgyptuui,

2006 4358 2343 4428 spiritualem
2400 4356 2960 4428 videlicet,innuere
3018 4355 3256 4425 videtur,
3314 4359 3602 4427 praedictas

2007 4427 2657 4504 scilicet_in_Apoca_lypsi
2688 4427 2939 4496 Joannis,
2973 4429 3115 4504 unde
3147 4428 3223 4495 id,
3252 4430 3592 4504 quodloqui-

2006 4508 2093 4558 tur
2115 4503 2184 4557 de
2204 4500 2553 4568 Antichristi,
2580 4500 2809 4573 ejusque
2838 4511 2895 4557 et
2925 4501 3191 4567 omnium,
3231 4501 3322 4570 qui
3357 4501 3431 4557 illi
3473 4500 3602 4560 sunt

2007 4573 2447 4646 similes,_ptpna,
2485 4573 3205 4646 quoque_desumptum‘_cst.

2079 4645 2208 4718 Car.
2241 4643 2569 4701 XXVIII.£—
2594 4643 2646 4702 Ι.
2679 4644 2777 4700 Est
2805 4643 3030 4701 creatus.
3059 4643 3138 4699 Ex
3168 4644 3439 4718 plerisque
3465 4660 3596 4703 mss.

2009 4717 2214 4775 excidit
2236 4725 2332 4773 est.

2079 4788 2135 4844 '2.
2171 4787 2574 4861 imperatorum.
2606 4786 2871 4861 Florentt.
2910 4787 3018 4843 duo
3048 4789 3346 4861 imperator.

2083 4863 2134 4915 5.
2160 4857 2459 4915 Dicaretur.
2492 4858 2664 4930 Lugd.
2696 4859 2990 4930 Batt.tres,
3011 4872 3133 4914 cum
3159 4861 3294 4916 Coll.
3326 4858 3590 4930 Grouov.,

2011 4932 2207 5002 quibus
2236 4931 2504 4987 accedunt
2530 4929 2671 4988 Ultr.
2707 4939 2763 5003 et
2793 4929 3069 5003 Perizon.,
3101 4930 3447 4998 dedicaretur,
3479 4929 3600 5003 quae

2013 5001 2175 5059 lectio
2201 5006 2417 5073 quoque
2444 5001 2869 5069 superscribitur
2894 5004 2946 5056 in
2979 5002 3218 5057 Floreat.
3248 5019 3357 5059 sec.

2082 5076 2135 5130 4.
2174 5074 2214 5128 .4
2239 5074 2583 5129 Constantino
2610 5073 3089 5144 autemaPlerique
3133 5088 3262 5129 mss.
3298 5074 3501 5144 legunt,
3554 5078 3599 5132 Α

2007 5145 2345 5272 tConstantino
2377 5162 2550 5202 omnes
2577 5160 2774 5219 semper
2799 5143 3102 5213 Christiani,
3139 5155 3269 5214 etc.,
3292 5143 3474 5202 deleto
3502 5165 3598 5203 an-

2029 5234 2127 5272 em.

2029 5234 2127 5273 em.

2082 5287 2133 5344 5.
2164 5287 2229 5362 In
2256 5289 2565 5344 hodiernum
2592 5289 2746 5362 diem.
2778 5284 2954 5362 Lugd.
3014 5288 3152 5343 Batt.
3186 5298 3440 5359 quatuor,
3474 5298 3595 5347 cum

2011 5360 2147 5419 Coll.
2172 5361 2442 5425 Gronov.,
2476 5362 2530 5416 in
2559 5362 2697 5416 hunc
2727 5359 3031 5415 hodiernum
3061 5362 3217 5415 diem.

2086 5433 2142 5489 6.
2166 5431 2577 5488 Machinantem.
2623 5431 2864 5488 Florent.
2893 5431 3183 5499 secundus,
3218 5434 3592 5490 machinatum.

2088 5506 2140 5559 7.
2173 5502 2297 5560 Non
2318 5503 2594 5561 vulnerati.
2619 5503 2754 5561 Cod.
2792 5503 2988 5569 Periz.,
3024 5503 3283 5560 vulnerati
3310 5522 3413 5561 non
3461 5525 3603 5562 cont—

2016 5586 2341 5651 punguntur.
2378 5576 2538 5642 Male,
2570 5582 2627 5631 ut
2649 5648 2658 5651 _
2680 5593 2744 5651 ex
2775 5575 3077 5651 c_on]_unctis
3096 5588 3339 5651 apparet.

2088 5642 2150 5704 8:
2174 5646 2303 5705 Cum
2335 5651 2561 5705 exercitu
2590 5648 2748 5702 misit.
2783 5642 2923 5703 Edd.
2954 5642 3201 5718 quasdam
3255 5658 3414 5719 νειμ,
3446 5642 3601 5704 miltit

2014 5737 2074 5776 cu
2084 5737 2131 5774 m
2156 5722 2404 5777 exercitu.

2087 5792 2141 5849 9.
2171 5791 2238 5849 Et
2261 5810 2324 5849 ea;
2351 5792 2603 5866 Augusto.
2640 5790 2813 5848 Periz.
2859 5799 2916 5849 et
2943 5789 3186 5849 Flor-ent.
3214 5804 3353 5861 sec.,
3386 5809 3449 5849 ex
3489 5790 3599 5850 Αιι⁴

2019 5873 2185 5937 gusto.
