4076 6352
467 290 608 349 1155

1864 287 2067 347 PAULI
2106 286 2328 348 OROSII

3629 281 3776 341 1156

465 405 508 437 ὀ
538 406 593 461 in
626 402 858 476 imperio
888 405 1058 463 lilium
1085 413 1236 466 veste
1266 420 1330 465 ac
1360 411 1628 479 potestate
1657 405 1806 477 regia
1836 406 1878 437 "
1926 418 2050 476 spo-
2076 401 2133 465 Α
2156 402 2299 475 pelli.
2345 402 2467 459 Mox
2493 401 2697 460 bellum
2747 400 2888 457 inter
2948 396 3215 456 Licinium
3274 396 3451 468 ipsum
3499 404 3555 461 et
3623 399 3774 454 Con-

463 499 598 557 liare
621 509 871 565 conatus.
902 502 1228 558 "conviciis
1249 511 1427 557 autem
1461 515 1526 556 ac
1553 499 1718 572 538
1737 497 2055 554 tumultibus

461 596 700 652 militum
726 597 900 668 palam
933 599 1285 668 conterritus,
1310 598 1363 652 in
1388 596 1618 653 Galliam
1644 594 1919 666 proiectus
1950 602 2053 659 est,

462 697 525 743 ut
566 688 926 747 Constantino
953 705 1157 761 genero
1186 705 1339 761 mque
1363 687 1505 744 dolis
1546 688 1768 758 junctus
1816 686 2056 741 auferret

460 781 782 853 imperium;
824 782 918 838 sed
950 797 1047 853 per
1079 780 1245 838 tiliam
1276 779 1653 853 deprehensus
1684 793 1749 835 ac
1781 777 2054 850 proditus,

460 875 662 934 deinde
688 877 744 933 in
772 878 946 949 fugam
970 892 1186 941 versus,
1218 875 1466 931 Massilia:
1489 887 1785 946 oppressus
1810 882 1865 929 et
1892 872 2059 927 inter-

459 970 640 1026 fectus
664 979 767 1026 est.
797 970 969 1026 Porro
1008 969 1279 1040 Galerius,
1329 968 1512 1026 occiso
1537 968 1762 1034 Severo,
1791 963 2054 1021 Licinium

458 1063 848 1134 imperatorem
872 1063 1100 1119 creavit.
1125 1063 1369 1134 Cumque
1400 1060 1840 1132 persecutionem
1873 1073 1902 1112 a
1926 1057 2056 1113 Dio-

456 1155 693 1213 cletiano
722 1165 775 1212 et
824 1157 1151 1213 Maximiano
1181 1156 1224 1188 ¹³
1253 1158 1474 1212 missam
1527 1155 1644 1225 ipse
1693 1150 2058 1211 atrocioribus

455 1245 650 1303 edictis
674 1247 1156 1316 accumulavisset,
1171 1262 1236 1304 ac
1251 1255 1537 1319 postquam
1553 1261 1648 1316 per
1671 1259 1844 1301 annos
1865 1242 2055 1299 decem

459 1337 607 1394 omni
633 1353 832 1411 genere
860 1338 1141 1396 hominum
1173 1338 1425 1394 exhausit
1457 1337 1786 1410 provincias,
1815 1334 2060 1406 putrefa-

452 1441 545 1487 cto
576 1431 876 1489 introrsum
904 1442 1153 1503 pectore,
1179 1441 1235 1488 et
1265 1430 1543 1487 vitalibus
1574 1428 1875 1496 dissolutis,
1930 1441 2056 1483 cum

459 1521 600 1578 ultra
633 1523 918 1580 horrorem
950 1523 1204 1580 humana:
1228 1524 1464 1579 miserim
1494 1523 1659 1579 etiam
1684 1537 1902 1579 vermes
1927 1536 2054 1577 eru-

455 1623 654 1685 ctaret,
683 1615 726 1648 ”
748 1616 1077 1688 medicique,
1109 1618 1246 1672 ultra
1268 1617 1380 1688 jam
1415 1619 1644 1673 fetorem
1667 1631 1774 1672 non
1796 1617 2055 1681 lerentes,

444 1709 645 1765 crebro
689 1710 851 1780 jussu
899 1710 1019 1781 ejus
1051 1710 1460 1779 occiderentur,
1510 1726 1540 1764 a
1570 1708 1802 1781 quodam
1836 1707 2054 1765 medico

2158 494 2453 552 stantinum
2511 495 2779 551 elferbuit.
2831 492 2939 550 Sed
2988 490 3378 548 Constantinus
3454 490 3722 547 Licinium
3752 533 3769 558 ,

2158 590 2365 646 sororis
2413 606 2526 646 sure
2575 591 2748 645 virum
2780 630 2795 658 ,
2841 589 2893 643 in
2947 587 3228 643 Pannonia
3289 587 3523 657 primum
3584 584 3718 663 vicit
3750 625 3768 650 ,

2159 680 2357 738 deinde
2384 682 2527 751 apud
2554 680 2770 738 Cibalas
2823 680 3133 752 oppressit,-
3180 680 3544 749 universaque
3608 677 3770 735 Grac-

2160 776 2243 832 cia
2292 774 2535 848 potitus,
2590 775 2858 831 Licinium
2917 773 3125 830 crebris
3189 772 3347 829 bellis
3388 780 3531 828 terra
3595 771 3770 826 mari-

2159 884 2269 941 que
2310 876 2687 941 assurgentem
2714 869 2755 902 “
2783 876 2839 924 et
2867 881 3201 937 repressum,
3244 865 3464 921 tandem
3496 863 3562 921 ad
3593 862 3768 937 539

2160 960 2493 1018 deditionem
2541 959 2753 1032 coegit,
2797 959 2893 1016 sed
2945 958 3197 1016 Herculei
3258 957 3619 1025 Maximiani,
3678 971 3775 1011 so-

2162 1054 2275 1111 ceri
2315 1052 2442 1122 sui,
2503 1064 2688 1109 motus
2743 1052 3033 1123 exemplo,
3086 1067 3157 1107 ne
3207 1051 3407 1107 iterum
3458 1049 3771 1121 depositam

2162 1160 2457 1219 purpuram
2489 1147 2540 1202 in
2575 1144 2873 1216 perniciem
2901 1143 3218 1215 reipublicae
3240 1151 3529 1208 sumeret,
3582 1141 3771 1211 priva-

2164 1248 2274 1296 tum
2299 1239 2470 1310 jussit
2490 1238 2701 1305 occidi;
2725 1237 2770 1269 ²⁰
2798 1252 2946 1303 cum,
2967 1235 3348 1306 omnibusjam
3380 1232 3650 1291 ministris
3673 1248 3772 1290 ue-

2164 1333 2315 1390 faria:
2348 1330 2748 1403 persecutionis
2775 1328 3092 1398 exstinctis,
3119 1329 3513 1401 huncquoque,
3532 1328 3586 1384 in
3600 1343 3771 1400 quan-

2165 1436 2280 1483 tum
2311 1441 2576 1484 exserere
2604 1426 2814 1497 potuit,
2842 1434 3251 1497 persecutorem
3279 1467 3295 1492 ,
3346 1424 3508 1496 digna
3546 1424 3766 1495 punitio

2161 1520 2453 1592 ﬂagitaret.
2478 1517 2824 1575 Constantini
2857 1518 2975 1590 ﬁlii,
3000 1516 3225 1590 Crispus
3247 1526 3303 1573 et
3331 1516 3733 1574 Constantinus
3754 1558 3772 1585 ,

2160 1622 2218 1671 et
2242 1613 2488 1670 Licinius
2516 1613 2861 1679 adolescens,
2887 1612 3081 1669 Licinii
3123 1612 3349 1682 Augusti
3394 1611 3540 1666 [ilius
3563 1651 3581 1679 ,
3623 1609 3773 1666 Con-

2160 1710 2383 1767 stantini
2411 1718 2593 1767 antem
2617 1727 2686 1767 ex
2706 1724 2898 1766 sorore
2928 1723 3122 1780 nepos,
3141 1708 3393 1765 Ctesares
3422 1707 3769 1764 suntcreati.

451 1802 814 1859 constantiam
867 1818 933 1860 ex
986 1802 1369 1874 desperatione
1417 1812 1669 1858 sumente
1728 1794 2047 1872 increpitus,
2084 1800 2132 1861 B
2158 1803 2256 1860 llis
2284 1804 2480 1862 diebus
2510 1805 2553 1836 ²¹
2584 1803 2771 1868 Arius.
2803 1803 3196 1860 Alexandrina:
3221 1804 3372 1859 urbis
3401 1802 3716 1875 presbyter,
3741 1817 3773 1858 a

449 1895 587 1951 iram
613 1896 710 1952 Dei
735 1911 891 1952 suam
918 1911 1043 1953 esse
1072 1912 1283 1967 poenam
1308 1906 1472 1968 atque
1498 1896 1623 1952 ideo
1649 1912 1678 1949 a
1699 1896 1925 1952 medicis
1946 1911 2053 1952 non

456 2002 620 2059 posse
645 1992 848 2055 curari,
876 1990 1067 2046 edictis
1098 1990 1206 2046 late
1236 1990 1441 2057 missis,
1467 1988 1810 2046 Christianos
1843 1988 1913 2044 de
1960 2002 2057 2045 ex-

453 2081 593 2139 siliis
617 2082 913 2139 revocavit.
947 2084 1066 2152 Ipse
1093 2090 1277 2138 autem
1317 2081 1594 2138 cruciatus
1621 2096 1728 2136 non
1756 2079 2054 2147 sustinens,

456 2175 567 2232 vim
597 2175 726 2233 vitae
747 2191 859 2232 suae
887 2175 1093 2231 attulit.
1128 2175 1170 2206 ³³
1203 2174 1280 2230 Ita
1310 2172 1617 2242 respublica
1649 2188 1793 2228 nunc
1820 2172 1921 2228 sub
1954 2187 2050 2228 nov

448 2271 533 2327 vis
573 2280 808 2342 quatuor
837 2268 1176 2341 principibus
1203 2266 1329 2336 fuit,
1360 2264 1724 2322 Constantino
1750 2274 1806 2322 et
1834 2265 2057 2322 Maxen-

458 2364 558 2433 tio,
593 2364 720 2420 liliis
750 2363 1142 2434 Augustorum,
1162 2360 1370 2418 Licinio
1395 2369 1577 2417 autem
1609 2358 2052 2428 ct‘hllaximino,

450 2457 767 2514 hominibus
799 2457 976 2526 novis.
1009 2455 1401 2514 Constantinus
1431 2470 1619 2526 pacem
1644 2455 1905 2511 Ecclesiis
1931 2461 2059 2526 post

452 2549 646 2607 decem
674 2564 848 2607 annos
876 2565 1035 2622 quam
1067 2566 1096 2605 a
1130 2549 1575 2620 persecutoribus
1600 2548 2057 2615 vexabantur,iu-

450 2643 863 2701 dulsit.Deinde
894 2644 1037 2700 inter
1054 2642 1472 2700 Constantinum
1500 2651 1554 2698 et
1580 2640 1914 2698 Maxentium
1942 2641 2057 2697 bel-

447 2738 563 2794 lum
593 2736 754 2795 civile
779 2738 820 2769 ¹⁷
845 2745 1099 2793 exortum
1128 2744 1234 2793 est.
1293 2735 1625 2804 Maxentius,
1671 2750 1818 2807 smpe
1867 2735 2056 2793 multis

445 2830 659 2902 praeliis
688 2831 732 2862 ’⁸
765 2829 1045 2900 fatigatus,
1069 2828 1263 2886 ultime
1300 2828 1368 2884 ad
1392 2838 1612 2900 pontem
1647 2828 1911 2885 Mulvium
1935 2829 2054 2885 vic-

448 2935 536 2984 tus
586 2933 642 2983 et
681 2924 1004 2983 interiectus
1071 2933 1179 2981 est.
1220 2923 1577 2990 Maximinus,
1657 2925 2055 2996 persecutionis

443 3019 887 3075 Christianorum
918 3018 1170 3075 incentor
1200 3027 1609 3088 exsecutorque
1639 3016 2053 3089 infestissimus,

442 3112 589 3184 apud
637 3110 891 3180 Tarsum,
939 3110 1066 3166 dum
1110 3109 1283 3166 civile
1310 3109 1516 3165 bellum
1563 3119 1750 3167 contra
1783 3111 2053 3168 Licinium

2159 1896 2392 1954 veritate
2423 1896 2549 1953 ﬁdei
2578 1895 2863 1953 catholicae
2901 1897 3160 1965 devians,
3203 1894 3486 1953 exitiabile
3510 1894 3771 1966 plurimis

2158 1990 2356 2063 dogma
2383 1990 2689 2046 constituit.
2724 1988 2829 2058 Qui
2852 1988 3015 2045 simul
3055 1999 3111 2044 ut
3142 1990 3377 2060 primum
3408 1987 3768 2045 Alexandria:

2160 2083 2247 2139 vel
2269 2091 2430 2139 notus
2462 2081 2547 2138 vel
2570 2088 2791 2137 notatus
2813 2080 2956 2137 inter
2985 2079 3244 2137 confusos
3272 2080 3435 2152 vulgo
3460 2090 3771 2138 sectatores

2159 2176 2626 2247 insectatoresque
2648 2176 2693 2206 ²²
2727 2173 2904 2231 lactus
2940 2184 3062 2244 est,
3106 2174 3177 2231 ab
3226 2174 3542 2232 Alexandro
3564 2216 3581 2240 ,
3637 2183 3772 2230 tunc

2160 2268 2408 2340 ejusdem
2437 2268 2588 2324 urbis
2617 2268 2900 2340 episcopo,
2923 2269 3119 2340 pulsus
3137 2267 3385 2326 Ecclesia
3399 2278 3505 2326 est.
3520 2269 3775 2341 Cumque

2159 2359 2408 2419 homines
2435 2360 2482 2393 ’³
2512 2376 2649 2432 quos
2681 2360 2735 2415 in
2768 2375 3016 2418 errorem
3049 2358 3365 2429 seduxerat,
3393 2361 3561 2417 etiam
3593 2360 3650 2416 in
3681 2373 3773 2416 se-

2158 2454 2426 2514 ditionem
2455 2456 2751 2523 excitarct,
2776 2454 2924 2525 apud
2954 2454 3218 2524 Nicaeam,
3250 2456 3444 2513 urbem
3470 2454 3770 2528 Bithyniae,

2157 2558 2467 2607 conventus
2492 2558 2870 2606 trecentorum
2918 2557 2976 2604 et
3027 2546 3332 2605 octodecim
3372 2549 3767 2620 episcoporum

2159 2643 2337 2699 factus
2366 2649 2473 2709 est,
2502 2655 2602 2712 per
2629 2655 2769 2712 quos
2797 2639 3060 2696 Arianum
3091 2638 3289 2711 dogma
3323 2638 3371 2672 “
3400 2639 3687 2696 exitiabile
3711 2650 3771 2696 et

2159 2738 2424 2794 miserum
2450 2735 2864 2793 evidentissime
2889 2733 3297 2805 deprehensum
3325 2774 3340 2801 ,
3365 2733 3544 2806 palam
3575 2734 3768 2805 prodi-

2158 2840 2271 2887 tum
2303 2844 2367 2886 ac
2393 2828 2746 2900 rcprobatum
2775 2835 2883 2883 est.
2908 2826 3015 2882 Sed
3040 2827 3182 2882 inter
3210 2826 3331 2883 haec
3358 2827 3532 2883 latent
3559 2841 3765 2895 causae,

2157 2940 2256 2983 cur
2274 2924 2548 2982 vindicem
2579 2923 2857 2996 gladium,
2887 2931 2946 2979 et
2971 2921 3307 2980 destinatam
3343 2922 3395 2979 in
3435 2923 3637 2994 impios
3674 2937 3767 2993 pu-

2156 3018 2447 3084 nitioncm,
2478 3016 2876 3074 Constantinus
2905 3016 3203 3088 imperator
3230 3017 3395 3074 etiam
3425 3017 3479 3073 in
3506 3018 3764 3089 proprios
3796 3055 3804 3060 -

2156 3112 2267 3185 egit
2284 3111 2532 3169 allectus.
2547 3110 2683 3167 Nam
2696 3111 2945 3181 Crispum
2969 3109 3138 3166 lilium
3164 3127 3321 3168 suum
3333 3113 3445 3167 et”
3467 3110 3762 3180 Licinium,

441 3204 702 3277 disponit,
736 3203 964 3261 interiit.
1017 3203 1287 3275 Licinius,
1328 3204 1621 3276 repentina
1686 3205 1839 3263 rabie
1880 3206 2057 3263 susci-
2082 3189 2130 3255 Ο
2162 3207 2373 3265 sororis
2393 3205 2588 3276 lilium,
2611 3204 3197 3263 interfecit.Pr:nterea
3225 3206 3426 3263 multas
3447 3207 3763 3281 mgen-

446 3308 615 3370 tatus,
663 3313 856 3357 omnes
911 3297 1311 3355 Christianose
1354 3298 1554 3369 palatio
1616 3314 1715 3357 suo
1757 3300 1919 3372 jussit
1955 3319 2056 3360 ex-

2169 3311 2252 3360 tes
2278 3301 2508 3359 diversis
2542 3300 2746 3372 praeliis
2775 3299 3013 3372 subegit.
3043 3299 3092 3333 ²⁶
3119 3299 3321 3357 Urbem
3343 3302 3389 3333 ²⁷
3411 3301 3647 3358 nominis
3673 3304 3763 3360 sui

1725 3459 2176 3531 llAVERCAMPl
2208 3460 2436 3521 NOTAE.

440 3613 454 3673 ἵ
518 3610 608 3667 10.
643 3606 709 3665 1η
734 3608 972 3678 imperio.
1005 3604 1362 3678 Mauuscripti
1393 3604 1612 3675 quidam
1644 3604 1829 3661 delent
1860 3607 1936 3678 in.

517 3683 607 3737 11.
637 3677 882 3754 Spoliare
901 3690 1136 3754 conatus.
1168 3677 1340 3754 Lugd.
1369 3678 1792 3754 Battzquatuor,
1819 3677 2047 3749 spoliare

447 3762 665 3811 conatus
682 3747 789 3823 'est,
815 3760 874 3808 et
891 3750 969 3806 sic
989 3764 1207 3822 quoque
1232 3749 1379 3823 Ultr.
1406 3759 1462 3804 et
1478 3747 1624 3823 Coll.
1657 3747 1855 3811 Gron.‘
1883 3759 2050 3823 atque

446 3825 575 3884 edd.
606 3818 856 3893 quaedam
887 3818 1134 3889 veteres:
1168 3828 1224 3875 at
1248 3818 1418 3876 editio
1463 3820 1721 3891 August.,
1753 3818 2050 3890 exspoliare

452 3908 902 4024 Gugguzonviciis
932 3973 1104 4020 autem
1125 3980 1186 4019 ac
1206 3964 1534 4019 tumultibus.
1556 3961 1738 4019 Codex
1770 3962 2045 4029 Pcrizon.,

451 4038 728 4096 Convictus
742 4046 935 4102 autem,
956 4050 1100 4102 etc.;
1129 4036 1224 4093 sed
1257 4036 1310 4091 in
1341 4036 1558 4092 duobus
1585 4034 1759 4107 Lugd.
1792 4033 1936 4089 Batt.
1960 4052 2057 4090 au-

457 4121 563 4167 tem
587 4127 697 4167 non
729 4117 929 4165 exstat.

529 4185 619 4240 15.
654 4181 892 4237 Missam.
928 4178 1032 4236 Ed.
1067 4178 1228 4251 Aug.,
1264 4194 1493 4251 passam.

452 4258 458 4266 ‘
528 4255 618 4311 11.
650 4252 962 4323 Medicique,
988 4260 1096 4307 etc.
1128 4248 1223 4323 Sic
1250 4248 1400 4323 recte
1428 4250 1480 4305 in
1503 4248 1854 4323 edd.prlma,
1878 4249 2054 4307 Vene-

455 4328 528 4383 tis
557 4334 615 4382 et
637 4326 808 4382 Scotti
837 4320 1058 4394 legitur,
1074 4331 1129 4379 et
1154 4322 1287 4378 nihil
1313 4323 1364 4378 iu
1395 4320 1755 4394 sequentibus
1778 4324 2054 4394 invenitur

456 4413 566 4469 quo
586 4413 689 4480 vox
717 4392 1049 4480 nequa—qua:
1072 4395 1317 4451 occurrit
1339 4394 1395 4449 in
1420 4392 1635 4450 Fabric.
1665 4406 1722 4450 et
1748 4393 1888 4460 aliis,
1927 4408 2051 4450 sese

463 4469 602 4526 tueri
636 4469 827 4540 possit.

534 4535 742 4598 15.7w
767 4555 906 4606 resp.
936 4546 1075 4593 tunc.
1112 4536 1205 4594 Sic
1264 4544 1628 4606 transponunt
1667 4549 1797 4592 mss.
1854 4535 2051 4592 Nescio

462 4611 739 4683 quomodo
768 4612 822 4667 in
845 4606 1184 4683 Fabriciauis
1212 4615 1269 4683 et
1287 4607 1461 4683 Scott.
1492 4606 1618 4663 edd.
1642 4622 1741 4678 pro
1768 4616 1887 4662 tunc
1910 4608 2048 4665 tole-

462 4677 574 4742 rari
603 4684 841 4756 potuerit
866 4688 924 4756 et
939 4679 1112 4756 repeti
1135 4681 1358 4756 saepius,
1383 4677 1470 4756 Ita
1494 4677 1805 4756 uunc’resp.

2156 3605 2291 3662 illud
2322 3604 2544 3677 quidem
2576 3603 2813 3671 damno,
2856 3605 3061 3663 dictum
3100 3607 3246 3663 enim
3289 3616 3373 3665 est
3420 3618 3480 3666 ut
3524 3623 3764 3666 exserere

2157 3679 2443 3750 principem
2475 3686 2533 3735 et
2558 3677 2779 3751 similia.
2797 3678 2921 3733 Fuit
2950 3679 3113 3750 igitur
3133 3690 3471 3750 persecuntur,
3496 3692 3761 3751 quantum

2156 3748 2255 3822 per
2281 3764 2341 3805 se
2364 3748 2821 3822 potuitLicintus,
2848 3748 3063 3806 futurus
3082 3748 3281 3818 acrior,
3297 3752 3342 3808 si
3367 3748 3465 3822 per
3489 3748 3762 3809 Constan-

2161 3820 2332 3876 tinum
2362 3820 2629 3895 licuisset.
2665 3820 2852 3895 Itaque
2880 3823 3076 3895 merito
3124 3822 3305 3891 illum,
3341 3820 3434 3895 qui
3477 3825 3628 3882 solus
3654 3842 3755 3882 su-

2160 3900 2399 3963 pererat,
2422 3892 2606 3963 divina
2632 3893 2889 3948 manebat
2915 3893 3177 3949 vindicta.

2229 3964 2323 4021 2i.
2356 3962 2535 4029 Arius,
2566 3962 2941 4020 Alexandrinis:
2970 3965 3137 4020 urbis.
3189 3966 3264 4022 De
3291 3966 3424 4023 Ario
3444 3976 3499 4023 et
3525 3967 3762 4024 concilio

2156 4032 2362 4091 Niceno
2393 4043 2501 4091 tam
2534 4035 2703 4089 multa
2726 4036 3035 4106 scriptores
3071 4037 3471 4105 ecclesiastici,
3521 4050 3581 4095 ut
3622 4039 3759 4094 mihi

2158 4107 2447 4177 tacendum
2472 4114 2677 4177 putem.
2704 4105 2870 4162 ΕΔΜ.
3294 4168 3297 4173 η

2227 4178 2321 4232 2'2.
2345 4176 2548 4254 Factus
2559 4187 2666 4254 est.
2699 4179 2810 4233 Duo
2833 4194 2898 4235 ex
2928 4194 3062 4236 mss.
3080 4179 3253 4254 Lugd.
3281 4180 3586 4252 Batt.,cum
3607 4182 3753 4239 Coll.

2156 4248 2402 4306 Gronov.
2425 4291 2440 4315 ,
2464 4249 2727 4316 abjiciunt
2752 4260 2850 4305 est.

2226 4321 2318 4377 25.
2354 4321 2494 4390 Quos
2521 4321 3171 4397 in_errorem_s__eduxerut.
3200 4325 3330 4381 Mss.
3382 4324 3554 4397 Lugd.
3607 4325 3755 4381 Batt.

2156 4402 2391 4469 quatuor
2418 4408 2540 4469 cum
2570 4392 2821 4450 Perizon.
2854 4392 2994 4469 Ultr.
3021 4406 3073 4450 ct
3094 4395 3233 4452 Coll.
3254 4392 3759 4469 Gronov:,cumque

2156 4463 2389 4520 homines
2412 4466 2467 4519 in
2487 4463 2590 4519 hoc
2616 4480 2787 4520 errore
2812 4466 3045 4522 seductos
3061 4508 3076 4532 ,
3102 4478 3212 4523 etc.

2226 4535 2319 4591 21.
2343 4534 2628 4613 Exitiabile
2654 4544 2703 4590 et
2733 4536 3252 4613 miserunt._Addu_ut
3274 4556 3383 4596 esse
3404 4538 3577 4613 Lugd.
3609 4540 3752 4596 Bait.

2156 4618 2413 4734 «Ft‘tltatuoi',
2443 4608 2720 4678 Perizon.,
2745 4606 2886 4665 Ultr.
2917 4618 2974 4665 et
3000 4608 3140 4666 Coll.
3163 4610 3410 4668 Gronov.
3436 4606 3758 4684 et‘uterque

2223 4694 2354 4734 oren
2387 4694 2531 4734 mus.
2648 4696 2655 4703 ·

2223 4690 2531 4737 orcntinus.
2648 4696 2655 4703 ‘

541 4749 633 4813 16.
678 4749 1018 4810 Maximino.‘
1046 4749 1268 4824 Verum
1303 4749 1511 4824 homini
1539 4765 1735 4807 nomen
1765 4750 2057 4809 restituunt
2082 4756 2139 4821 Β
2171 4822 2178 4824 _
2232 4749 2324 4824 25.
2349 4750 2629 4818 Licinium,
2661 4752 2853 4807 sororis
2886 4751 3077 4822 ﬁlium.
3124 4752 3325 4812 Nescio
3371 4752 3517 4812 unde
3562 4755 3755 4824 putida

465 4843 603 4887 mss.
629 4827 815 4898 Inepte
846 4827 898 4880 in
920 4823 1114 4898 vulg.,_
1116 4820 1170 4898 11
1179 4822 1463 4879 aximiano.

542 4901 629 4956 17.
668 4894 922 4955 Exortum
946 4894 1041 4951 est.
1077 4894 1177 4950 Ed.
1207 4898 1345 4965 Aug.
1369 4903 1546 4949 ortum
1566 4903 1656 4951 est.

542 4970 634 5029 18.
671 4967 967 5041 Fatigatus.
1000 4965 1172 5041 Lugd.
1192 4965 1628 5041 _Batt._quatuor,
1660 4965 1802 5023 Ultr.
1833 4974 1890 5024 et
1913 4965 2053 5024 Coll.

472 5044 740 5113 Gronov"
769 5037 1033 5113 agitatus;
1059 5040 1149 5113 ed_.
1168 5037 1313 5113 _Aug.
1340 5039 1573 5110 fugatus.

544 5116 631 5172 19.
664 5107 733 5169 Et
761 5107 1070 5184 repressum.
1106 5107 1206 5165 Ed.
1247 5107 1417 5184 A_ug.,
1441 5120 1491 5164 et
1517 5126 1841 5184 oppressum.

539 5187 634 5243 ΞΟ.
664 5180 1107 5251 ϐαυι,ὀηιηίιηιδ,
1129 5190 1237 5238 etc.
1265 5180 1600 5252 Depravatus
1632 5181 1683 5234 in
1715 5182 1842 5237 edd.
1872 5182 1960 5237 hic
1987 5182 2060 5239 lo-

467 5272 565 5315 cus
591 5260 669 5313 ita
695 5258 835 5312 fuit:
868 5254 1111 5322 Quamvis
1136 5252 1372 5308 omnibus
1391 5254 1510 5324 jam
1549 5253 1799 5307 ministris
1840 5254 2059 5322 nefaria:

463 5328 835 5408 persecutionis
860 5325 1144 5408 exstinctis,
1174 5324 1309 5379 hunc
1337 5340 1537 5408 quoque
1563 5324 1616 5377 in
1635 5333 2060 5408 quantunrexer-

463 5396 579 5478 gere
610 5401 777 5474 potuit
818 5397 1218 5478 persecutionem
1249 5437 1264 5459 ,
1324 5397 1481 5478 dignu
1530 5396 1733 5478 punitio
1771 5396 2054 5478 ﬂagitaret.

466 5465 653 5552 Eritne
674 5465 853 5552 autem
878 5469 1094 5552 reposui
1120 5483 1242 5551 cum
1262 5482 1344 5552 ex‘
1359 5465 1750 5552 edd._tinutium
1772 5465 2053 5552 principe,

470 5543 648 5601 Paris.
677 5551 733 5600 et
758 5538 1014 5606 Venetis;
1047 5539 1193 5605 dein,
1226 5539 1550 5593 auctoritate
1585 5538 1749 5594 codd.
1780 5538 2052 5596 Florentt.

463 5616 720 5681 duorum,
753 5624 915 5681 atque
944 5612 1221 5677 Pcrizon.,
1252 5620 1312 5665 ut
1342 5621 1399 5665 et
1439 5609 1565 5681 edd.
1604 5612 1832 5681 August.
1866 5618 1923 5665 et
1949 5610 2051 5666 alia

462 5679 713 5744 omnium
738 5679 932 5756 prima,
965 5696 1066 5756 pro
1090 5681 1492 5756 persecutionem
1522 5679 1622 5735 l'cci
1651 5679 2048 5756 perseeutoretn.

460 5757 568 5816 Pro
596 5752 834 5816 exercere
859 5758 912 5812 in
938 5752 1259 5824 quibusdam
1288 5767 1419 5808 mss.
1449 5768 1684 5824 exserere
1707 5752 1813 5824 legi
1849 5753 2050 5824 margi-

461 5831 615 5891 nales
644 5839 785 5890 uotae
810 5830 864 5886 in
895 5822 1030 5883 Hitt.
1052 5834 1109 5883 et
1140 5824 1423 5898 Bolsuing.
1458 5823 1589 5883 edd.
1632 5822 1921 5883 testantur.
1971 5822 2051 5885 Ne

2166 4822 2545 4898 lectiocontra
2564 4838 2759 4898 omnes
2785 4840 2915 4881 mss.
2936 4835 2998 4898 et
3022 4825 3146 4882 edd.
3178 4826 3462 4898 irrepserit
3484 4827 3538 4882 in
3561 4822 3757 4884 Fabri-

2161 4894 2229 4969 cii
2252 4904 2309 4950 et
2330 4896 2503 4969 Scott.
2533 4894 2825 4969 editiones,
2850 4904 2904 4969 et
2926 4893 3188 4969 Licinium
3217 4893 3416 4967 lilium,
3460 4900 3656 4955 sororis
3688 4899 3760 4969 ﬁ-

2161 4965 2312 5042 liuni,
2334 4967 2609 5042 interfecit2
2644 4967 2809 5042 Quasi
2831 4967 2898 5024 de
2916 4977 3068 5038 patre
3088 4965 3301 5027 Licinio
3326 5012 3341 5038 ,
3366 4973 3478 5042 jam
3508 4981 3639 5028 ante
3670 4965 3759 5026 in-

2164 5037 2414 5112 terfecto,
2444 5037 2642 5112 aliquis
2672 5037 3138 5112 cogitare’posset.

2230 5110 2322 5166 26.
2360 5108 2549 5187 Urbem
2583 5108 2790 5187 numine
2821 5108 2951 5187 suo;
2977 5110 3485 5187 CanstgntinOpolint
3537 5113 3746 5171 intelli-

2162 5182 2259 5254 git,
2285 5197 2406 5254 qua:
2438 5183 2587 5254 prius
2617 5180 2932 5254 Byzantium
2960 5193 3097 5239 erat.
3124 5182 3295 5243 Fann.

2233 5251 2326 5309 27'.
2354 5251 2596 5324 Nominis
2617 5251 2720 5308 sui.
2752 5253 2933 5310 Placet
2955 5254 3071 5311 hinc
3097 5255 3259 5314 lectio
3286 5272 3418 5314 mss.
3460 5257 3709 5313 omnium
3736 5298 3755 5324 ,

2165 5332 2224 5407 ut
2242 5324 2405 5381 cted.
2429 5323 2685 5407 ᾼιεευδιη
2714 5326 2955 5407 magalia
2982 5342 3104 5407 qua:
3134 5327 3186 5383 in
3215 5328 3644 5407 reliquis'vulgg.
3669 5323 3750 5384 le;

2162 5396 2326 5467 gitur,
2373 5397 2581 5451 noluine
2618 5412 2733 5452 suo.
2775 5396 2844 5452 Et
2893 5396 3021 5454 hinc
3071 5396 3350 5457 innumeri
3398 5396 3769 5459 inveniuntur.

2164 5470 2367 5524 nummi
2395 5483 2461 5524 ex
2490 5470 2638 5523 omni
2672 5468 2912 5535 modulo,
2946 5470 3040 5539 qui
3066 5471 3344 5528 conditam
3396 5487 3428 5528 a
3476 5471 3754 5529 Constan-

2163 5540 2280 5613 tino
2309 5538 2502 5613 Magno
2522 5538 3058 5611 Constantinopolim
3088 5543 3385 5599 celebrant.
3430 5544 3494 5599 Et
3532 5543 3586 5599 hi
3617 5542 3751 5613 qui-

2162 5610 2285 5667 dem
2316 5612 2517 5681 passim
2548 5621 2872 5671 occurrunt.
2916 5613 3277 5670 Rarissimum
3324 5624 3503 5671 autem
3541 5629 3611 5671 ex
3636 5610 3753 5669 'ar-

2161 5692 2325 5757 genio
2351 5698 2487 5757 puro
2504 5692 2594 5757 est
2624 5683 2965 5740 Constantini
2995 5686 3195 5757 Magni,
3249 5686 3467 5741 maximi
3501 5685 3708 5742 moduli
3734 5729 3753 5755 ,

2159 5754 2302 5825 quod
2327 5754 2619 5828 possideo,
2659 5757 2931 5812 numisma
2959 5799 2975 5824 ,
3028 5754 3152 5812 cum
3182 5754 3421 5828 propter
3470 5757 3757 5813 insolitam

2161 5826 2609 5898 tnaguitudincm,
2634 5836 2746 5885 tum
2780 5836 3010 5902 propter
3033 5826 3479 5900 superbissimum
3509 5828 3751 5903 inscrip-
