4076 6352
284 365 419 423 1157

1308 367 1779 428 IilSTOiilARUM
1819 366 2024 425 LIBER
2065 367 2175 425 VII.
2219 366 2374 426 CAP.
2414 369 2611 428 XXIX.

3427 368 3570 425 “58

282 478 651 537 Romanorum
692 495 881 554 regum
922 481 1010 539 vel
1051 482 1259 555 primus
1292 486 1377 541 vel
1423 484 1573 541 solus
1615 485 1868 540 instituit.
1901 489 1954 549 Α
1980 486 2086 542 tius
2122 485 2309 543 Caesar
2336 486 2358 517 ἰ
2404 487 2588 543 fratris
2623 487 2804 555 ﬁlius,
2839 485 2935 542 sed
2975 486 3234 543 continuo
3279 485 3499 543 militari
3545 487 3567 519 ⁵

280 572 411 642 Qua:
430 573 548 630 sola
575 589 772 645 expers
800 574 1095 645 idolorum,
1128 576 1197 632 ad
1226 577 1351 645 hoc,
1377 577 1702 634 brevissimo
1731 586 1868 633 tem-

276 681 436 738 pore,
464 667 686 722 condita
705 681 735 722 a
764 666 1075 725 Christiano
1105 669 1456 741 imperatore,
1484 679 1741 741 provecta
1762 679 1869 735 est,

277 768 337 814 ut
366 757 486 814 sola
515 756 735 828 Romm,
764 767 845 815 tot
879 760 1130 830 saeculis,
1165 760 1511 833 miseriisque
1551 770 1822 832 provectae
1851 804 1868 832 ,

279 850 327 883 "
348 850 519 905 forma
540 859 596 907 et
622 850 867 922 potentia
896 851 1089 909 merito
1139 854 1183 887 '°
1235 854 1406 924 possit
1456 854 1684 925 aequari.
1733 853 1869 910 Tum

275 943 474 1001 deinde
503 944 713 1016 primus
738 946 1293 1018 Constantinusjusto
1331 948 1527 1006 ordine
1567 957 1621 1004 et
1661 949 1751 1019 pio
1791 949 1870 1004 vi-

275 1051 392 1094 cem
427 1037 592 1093 vertit
616 1037 819 1108 edicto,
852 1039 1123 1112 siquidem
1153 1039 1341 1097 statuit
1372 1040 1511 1097 citra
1551 1040 1718 1098 ullam
1763 1040 1868 1097 ho-

276 1130 480 1187 minum
509 1130 713 1188 etedem
744 1147 1078 1204 paganorum
1112 1133 1313 1205 templa
1360 1133 1561 1193 claudi.
1602 1134 1725 1190 illex
1761 1132 1870 1190 Go-

278 1222 495 1280 thorum
516 1223 845 1281 fortissimas
877 1226 1374 1297 etcepiosissimas
1419 1235 1609 1298 gentes
1652 1229 1706 1282 in
1751 1227 1868 1298 ipso

282 1316 554 1374 barbarici
582 1318 686 1374 soli
710 1317 855 1386 sinu,
886 1318 989 1374 hoc
1014 1328 1102 1375 est
1141 1319 1194 1375 in
1228 1319 1601 1376 Sarmatarum
1647 1321 1869 1390 regione

274 1410 494 1467 delevit.
522 1409 567 1442 ³ο
596 1409 918 1467 Calocerum
937 1411 1252 1484 quemdam,
1276 1412 1504 1486 541m
1518 1412 1695 1486 Cypro
1726 1413 1870 1484 aspi-

276 1512 492 1559 rantem
514 1503 671 1560 novis
702 1504 896 1571 rebus,
953 1505 1252 1576 oppressit.
1293 1505 1714 1561 Tricennalibus
1755 1505 1868 1561 s‘uis

273 1595 600 1653 Dalmatium
617 1595 893 1654 Caesarem
915 1596 1068 1669 legit.
1095 1598 1342 1670 Cumque
1361 1598 1570 1654 bellum
1595 1603 1647 1654 in
1676 1597 1869 1654 Persas

272 1688 577 1758 moliretur,
613 1688 666 1744 in
689 1689 813 1745 villa
842 1689 1055 1761 publica
1081 1688 1235 1761 juxta
1266 1689 1658 1758 Nicomediam,
1687 1689 1872 1761 dispo-

273 1787 434 1842 sitam
458 1788 597 1843 bene
620 1785 1014 1858 rempublicam
1040 1786 1162 1842 liliis
1194 1784 1438 1849 tradens,
1463 1784 1608 1841 diem
1637 1784 1794 1843 obiit;

838 1901 1072 1960 CAPUT
1109 1901 1307 1959 XXIX.

272 1993 663 2068 Constantinus,
689 1984 1020 2052 Constantius
1038 2006 1088 2054 et
1116 1997 1372 2052 Constans
1388 1997 1747 2068 imperatores.
1774 1994 1868 2052 In-

309 2069 459 2122 terim
481 2069 545 2122 de
561 2067 862 2139 Magnentio
881 2071 1160 2139 arripiente
1175 2067 1471 2141 imperium,
1488 2078 1535 2125 et
1558 2067 1827 2123 Decentio.

344 2163 502 2217 Anno
530 2161 600 2217 ab
630 2160 778 2218 Urbe
813 2161 1035 2218 condita
1059 2178 1232 2230 uscu,
1264 2164 1280 2194 ¹
1313 2161 1669 2219 Constantius
1708 2161 1870 2220 trice-

272 2257 444 2312 simus
471 2257 692 2327 quintus
717 2272 838 2313 cum
862 2256 1217 2314 Constantino
1244 2266 1298 2314 et
1318 2256 1619 2314 Constante
1645 2257 1667 2288 ³
1687 2255 1871 2313 fratri-

272 2348 377 2405 bus
404 2349 519 2405 suis
544 2349 774 2421 adeptus
806 2351 1093 2422 imperium
1113 2393 1128 2418 ,
1171 2350 1192 2383 ³
1224 2351 1414 2423 viginti
1446 2360 1682 2422 quatuor
1707 2351 1867 2410 annis

272 2447 471 2499 tenuit.
499 2443 623 2503 Fuit
652 2445 794 2501 inter
821 2459 1172 2502 successores
1199 2444 1543 2502 Constantini
1574 2455 1625 2504 et
1648 2445 1865 2502 Dalma-

1973 580 2207 637 factione
2237 581 2258 611 “
2286 580 2574 652 decerptus
2601 590 2702 638 est.
2729 583 2941 639 Interea
2965 582 3197 651 maligna
3221 595 3439 653 semper
3464 581 3561 636 ad-

1972 688 2169 731 versus
2209 674 2380 730 Deum
2428 689 2619 731 verum
2671 676 2690 708 ⁷
2731 674 3017 732 insectatio
3064 673 3291 738 diaboli,
3332 689 3455 744 qua:
3495 672 3567 728 ab

1971 769 2126 826 initio
2167 768 2349 826 mundi
2376 784 2547 841 usque
2572 769 2639 825 ad
2670 785 2812 826 nunc
2836 811 2849 834 ,
2876 787 2904 824 a
2930 771 3150 827 sincero
3178 768 3306 826 fidei
3334 768 3560 838 religio-

1974 864 2164 937 nisque
2204 866 2453 932 tramite,
2486 867 2508 898 ⁸
2535 865 2727 921 olfusis
2772 879 3022 921 errorum
3068 863 3283 920 nebulis
3307 905 3322 931 ,
3365 862 3575 920 lubrica

1974 957 2251 1014 hominum
2274 956 2443 1013 corda
2466 958 2784 1028 perturbat;
2808 966 3098 1032 postquam
3120 955 3448 1013 Christianis
3468 956 3573 1011 im—

1971 1050 2317 1121 peratoribus
2369 1066 2637 1108 summam
2688 1056 2857 1124 regiae
2910 1053 3197 1126 potestatis
3241 1052 3295 1108 in
3336 1052 3568 1109 meliora

1971 1143 2313 1201 vertentibus
2337 1190 2352 1216 ,
2385 1145 2674 1203 ecclesiam
2705 1145 2909 1203 Christi
2941 1147 3065 1203 zelo
3091 1146 3417 1203 idololatriae
3447 1161 3577 1218 per-

1970 1237 2125 1310 sequi
2165 1236 2406 1306 destitit,
2438 1238 2583 1295 aliud
2613 1240 3133 1308 machinamentum,
3178 1254 3286 1312 quo
3316 1255 3413 1312 per
3441 1253 3570 1295 eos-

1973 1330 2098 1389 dem
2120 1331 2464 1390 Christianos
2486 1333 2844 1404 imperatores
2865 1335 3068 1391 Christi
3092 1335 3382 1392 ecclesiam
3402 1349 3570 1391 vexa-

1972 1432 2085 1492 ret,
2140 1423 2373 1482 invenit.
2414 1424 2502 1479 Fit
2540 1425 2703 1496 igitur
2733 1427 2892 1493 Ario,
2934 1427 3063 1482 novi
3092 1425 3296 1483 erroris
3324 1424 3569 1488 auctori,

1973 1515 2296 1586 caeterisqne
2325 1516 2609 1587 discipulis
2638 1516 2806 1588 ipsius
2845 1516 2915 1572 ad
2944 1516 3363 1574 familiaritatem
3410 1514 3574 1589 542

1970 1607 2275 1664 Constantii
2297 1608 2641 1678 imperatoris
2662 1618 2947 1682 promptus
2969 1609 3148 1667 aditus
3175 1620 3229 1666 et
3256 1608 3433 1665 facilis
3455 1609 3564 1665 via.

1972 1699 2246 1758 Suadetur
2289 1700 2646 1769 Constantio,
2688 1711 2747 1757 ut
2801 1702 3064 1773 quosdam
3120 1703 3173 1757 in
3213 1702 3326 1757 Deo
3368 1700 3570 1771 gradus

1972 1794 2197 1851 credat:
2229 1802 2285 1849 et
2309 1794 2398 1865 qui
2427 1793 2760 1865 perjanuam
2792 1794 2863 1850 ab
2892 1809 3086 1850 errore
3108 1793 3427 1850 idololatriae
3453 1791 3571 1847 fue-

1894 1884 1944 1945 B
1972 1894 2059 1942 rat
2085 1900 2340 1958 egressus
2365 1927 2378 1952 ,
2409 1889 2430 1919 θ
2464 1900 2657 1943 rursus
2706 1886 2761 1942 in
2791 1885 2970 1942 sinum
3000 1887 3119 1957 ejus
3143 1925 3158 1950 ,
3190 1884 3320 1941 dmn
3366 1886 3420 1961 in
3454 1886 3567 1941 Deo

1971 1977 2109 2034 deos
2133 1977 2362 2049 quaerit,
2391 1987 2667 2050 tamquam
2695 1992 2793 2048 per
2815 1977 3242 2051 pseudomyrum
3272 1975 3572 2039 inducitur,

1971 2070 2241 2128 Perverso
2263 2071 2425 2143 igitur
2462 2075 2580 2128 zelo
2610 2081 2851 2142 pomstas
2880 2080 3126 2128 armatur
3154 2073 3310 2128 illusa
3334 2113 3349 2138 ,
3381 2081 3438 2129 et
3466 2073 3571 2130 sub

1972 2163 2196 2221 nomine
2219 2163 2435 2235 pietatis
2453 2164 2539 2219 vis
2554 2164 2953 2235 persecutionis
2974 2166 3225 2235 agitatur.
3256 2166 3300 2197 ¹⁰
3328 2165 3406 2221 De
3432 2180 3572 2221 nova

1974 2257 2215 2315 nominis
2242 2256 2511 2315 electione
2540 2256 2909 2324 contenditur,
2942 2265 3003 2313 ut
3030 2257 3358 2314 Arianorum
3389 2259 3572 2328 potius

1976 2351 2247 2420 ecclesia},
2271 2367 2430 2422 quam
2450 2351 2844 2407 catholicorum
2865 2351 2993 2406 sint.
3014 2349 3271 2422 Sequitur
3294 2360 3573 2408 terrmmo-

1976 2455 2063 2505 tus
2112 2446 2416 2516 horribilis,
2464 2447 2557 2519 qui
2599 2446 2860 2520 plurimas
2903 2446 3144 2503 Orientis
3183 2444 3346 2502 urbes
3382 2446 3422 2477 "
3452 2444 3572 2502 solo

1571 2591 2026 2653 llAVERCAMPI
2063 2592 2291 2650 NOTAE.

271 2703 499 2781 tionem.
517 2704 718 2781 Ctesari
734 2706 879 2763 enim
903 2708 1171 2778 Augusto,
1189 2709 1396 2780 imperii
1420 2709 1645 2781 Romani
1669 2709 1861 2781 ampli-

271 2775 504 2842 ﬁcatori,
528 2777 622 2847 qui
640 2775 1089 2847 marmoream'ex
1118 2775 1351 2837 lateritia
1379 2782 1582 2838 fecerat
1612 2775 1863 2846 Romam,

268 2847 480 2923 primus
510 2846 599 2903 hic
627 2846 969 2923 Christianus
1001 2851 1322 2923 imperator,
1374 2862 1430 2909 et
1480 2868 1635 2908 nova:
1675 2852 1864 2908 Romae

269 2918 538 2984 conditor,
573 2921 960 2995 tequiparatur.
993 2918 1530 2993 CaputConstantini
1550 2925 1749 2995 Magni,
1770 2938 1864 2980 co-

269 3003 406 3063 rona
436 2992 857 3063 gemmatajpro
881 3010 987 3063 qua
1040 2995 1229 3051 laurea
1279 2998 1333 3051 in
1382 2992 1709 3051 nomismata
1751 3011 1860 3050 non

269 3059 522 3115 dissimili
546 3061 685 3133 apud
705 3059 1041 3139 Banduritttn
1057 3068 1322 3137 cernitur)
1345 3068 1607 3131 cinctum,
1634 3080 1664 3120 a
1691 3066 1863 3139 priori

272 3140 430 3202 parte
457 3141 577 3200 est;
631 3148 661 3188 a
692 3137 978 3206 posteriori
1006 3152 1209 3195 corona
1252 3140 1439 3196 laurea
1490 3137 1721 3210 ingens“,
1775 3138 1864 3195 cui

1970 2707 2201 2765 CtBSM‘iS
2228 2707 2545 2765 inscribitur
2574 2723 2796 2778 nomen,
2829 2706 3078 2777 apposito
3118 2704 3185 2761 ad
3224 2713 3386 2778 caput
3427 2704 3573 2761 Con-

1968 2781 2217 2846 SIantini,
2251 2796 2358 2835 non
2390 2780 2615 2851 proprio
2658 2773 2832 2851 ipsius
2864 2773 3122 2851 nomine.
3153 2773 3248 2832 sed
3295 2773 3445 2851 illius
3485 2778 3575 2851 cui

1967 2866 2090 2908 sese
2114 2847 2472 2918 assimilabat,
2494 2847 2760 2919 'Augusti.
2785 2849 2941 2907 Unde
2967 2848 3177 2918 integra
3209 2847 3440 2919 nummi,
3477 2848 3573 2918 qui

1967 2922 2218 2991 Lugduni
2245 2938 2409 2979 eusus
2438 2930 2539 2978 est.
2568 2918 2826 2977 omnibus
2859 2921 3031 2991 titulis
3076 2918 3365 2991 superbior
3393 2933 3573 2974 emer-

1967 2995 2043 3064 git
2062 2990 2382 3064 inscriptio,
2410 2992 2661 3051 CAESAR
2679 2990 3067 3052 AVGVSTVS.
3085 2990 3389 3064 Magnitudo
3416 3005 3562 3046 num-

1972 3066 2048 3125 mi
2078 3076 2134 3124 et
2163 3068 2371 3138 pictura
2403 3065 2526 3124 haec
2551 3076 2633 3124 est
2662 3084 2674 3119 :

1646 3496 1666 3511 ..
2100 3495 2116 3512 .

1454 3590 1557 3682 ἦ
1663 3610 1744 3655 ‘7‘
2014 3619 2044 3699 ε·
2156 3625 2288 3708 νδ
2850 3654 2851 3657 ~

1458 3868 1461 3871 π
1651 3836 1735 3974 2

1636 4094 1644 4104 ’
2128 4083 2343 4182 Nam”
2597 4127 2653 4169 ο,ο
2672 4085 2705 4177 ⁸

2348 4174 2364 4192 .
2477 4182 2545 4217 ,μ

346 4331 440 4406 28.
473 4328 668 4389 Forma
689 4339 736 4388 et
754 4330 1001 4406 potentia.
1031 4329 1275 4406 Floreat.
1311 4339 1452 4395 sec.,
1478 4324 1649 4397 forma
1676 4334 1734 4381 ut
1761 4343 1857 4401 po-
1884 4319 1932 4387 C
1973 4395 2005 4406 Α
2033 4323 2415 4406 6._Decerp_tus
2444 4335 2538 4381 est.
2590 4324 2647 4406 ld
2681 4333 2786 4406 est,
2830 4322 3119 4406 immature
3159 4322 3418 4395 abreptus
3467 4333 3576 4380 est.

277 4405 470 4472 tentia;
496 4419 633 4469 sec.,
666 4415 714 4460 et
743 4402 911 4474 forma
938 4410 984 4458 et
1009 4402 1261 4475 potentia.

348 4471 457 4530 29.7
480 4475 653 4532 Possit
672 4471 889 4547 (aquari.
912 4475 988 4529 Ita
1010 4471 1118 4547 legi
1141 4471 1339 4547 debere
1366 4483 1558 4547 omnes
1605 4483 1737 4547 mss.
1767 4517 1782 4541 ,
1815 4483 1871 4529 et

275 4547 395 4614 ipsa
428 4548 625 4603 clamat
655 4541 817 4603 ratio.
850 4544 908 4601 In
940 4541 1120 4616 vulgg.
1153 4542 1278 4600 edd.
1321 4541 1571 4612 exceptis
1613 4541 1787 4613 prima
1816 4554 1872 4601 et

277 4617 456 4675 Paris.
487 4619 669 4690 inepte
694 4618 887 4690 legitur
909 4624 1096 4690 posset.

354 4691 446 4745 50.
478 4684 802 4746 Cal’bcerurn.
831 4684 1005 4758 Lugd.
1033 4687 1173 4741 Batt.
1202 4702 1286 4758 pr.
1319 4694 1376 4741 et
1403 4691 1708 4758 tert.,_c_um
1730 4684 1868 4758 coll.

276 4760 548 4829 Gronov.,
572 4755 938 4824 Colat/terum;-
966 4755 1214 4829 Florent.
1242 4757 1372 4824 duo,
1406 4770 1531 4811 cum
1572 4755 1737 4824 Ultr.,
1766 4756 1871 4813 Ca-

275 4828 547 4887 lor/terunt
569 4850 587 4897 ,'
614 4832 686 4889 Pe
694 4833 843 4887 rizon
854 4870 869 4886 .
880 4872 893 4891 .
916 4828 1308 4883 Calocltareum.

355 4901 484 4960 CAP.
513 4896 851 4959 XXIX—1.
874 4900 1230 4961 Constantius,
1259 4908 1364 4954 etc.
1393 4896 1471 4952 Ex
1502 4912 1632 4954 mss.
1666 4908 1722 4955 et
1741 4898 1868 4955 edd.

275 4976 671 5032 vetustioribus
719 4974 792 5030 ita
828 4971 1199 5042 reponendum
1248 4970 1398 5037 duxi,
1443 4969 1622 5042 magis
1674 4983 1874 5042 conve-

279 5049 498 5103 nienter
540 5062 720 5116 quam,
766 5053 822 5099 ut
850 5039 1133 5099 Fabricius
1166 5041 1361 5116 aliian
1390 5039 1704 5116 ediderunt,
1736 5041 1875 5116 Con-

276 5110 874 5174 stantinus'tricesimus
923 5117 1137 5188 quintus
1174 5110 1291 5167 cuni
1315 5110 1622 5188 Constantio
1662 5120 1709 5168 et
1738 5111 1878 5188 Con-

278 5198 474 5260 stante,
522 5198 630 5245 etc.
660 5187 909 5257 Reliquis
935 5183 1097 5260 'enim
1146 5183 1453 5260 supervixit
1497 5184 1875 5253 Constantius,

277 5256 674 5318 Constantinus
700 5256 884 5314 autem
914 5258 1095 5313 statim
1122 5256 1305 5327 periit.

353 5333 411 5388 2.
441 5331 716 5390 Fratribus
743 5330 869 5386 suis.
899 5328 979 5386 De
1001 5326 1341 5384 Constantini
1372 5326 1546 5381 tribus
1591 5326 1740 5394 ﬁliis,
1783 5326 1878 5398 qui

281 5405 363 5461 illi
398 5405 453 5461 in
494 5403 725 5475 imperio
750 5407 1177 5465 successerunt,
1213 5399 1506 5469 Eutropius
1541 5398 1634 5454 lib.
1665 5398 1874 5455 ultimo.

280 5476 453 5534 Fann.

1970 4395 2179 4523 germine
2201 4397 2425 4523 quidam
2457 4413 2565 4454 non
2594 4395 2956 4470 intelligentes
2984 4395 3243 4465 verbum,
3274 4406 3573 4468 posuerant

2012 4484 2131 4523 eceu
2157 4486 2218 4523 us
2246 4485 2299 4523 88
2331 4506 2346 4522 ο

2012 4476 2218 4540 cceptus
2246 4478 2346 4525 est.

2044 4538 2410 4598 7.1nseetatio
2451 4540 2666 4596 diaboli.
2707 4540 2947 4597 Florent.
2992 4553 3131 4605 sec.,
3184 4538 3450 4593 diabolica
3492 4538 3575 4592 in-

1973 4613 2184 4668 sectatio
2210 4627 2229 4675 .°
2262 4621 2411 4676 tert.,
2437 4628 2561 4668 cum
2591 4612 2681 4668 ed.
2714 4612 2879 4681 Aug.,
2911 4610 3108 4666 diaboli
3139 4610 3431 4681 insectatio.

2007 4682 2361 4824 [8.'O/]‘usis.
2407 4683 2538 4739 Mss.
2576 4682 2735 4739 codd.
2784 4679 3053 4758 Flerentt.
3082 4681 3191 4738 duo
3219 4691 3274 4738 et
3298 4679 3577 4747 Perizon.,

2054 4772 2180 4811 ωηο.

1976 4771 2180 4811 enusts.

2047 4825 2099 4882 9.
2140 4827 2342 4882 Rursus
2390 4828 2444 4898 in
2483 4827 2654 4882 sinum
2693 4827 2807 4898 ejus
2833 4866 2847 4892 ,
2876 4824 3070 4898 Adum.‘
3094 4823 3240 4898 Libri
3282 4823 3567 4895 plerique:

1974 4913 2209 4953 reversus
2257 4900 2311 4952 in
2356 4897 2526 4953 sinum
2573 4896 2824 4969 ejusdem,
2872 4896 2926 4951 in
2962 4896 3158 4969 quibus
3192 4896 3320 4950 dum
3336 4909 3571 4969 sensum

1976 4984 2184 5039 quaero,
2201 4984 2303 5024 nec
2326 4969 2565 5030 invenio,
2592 4965 2674 5024 sic
2695 4965 2996 5023 immutavif
3023 4965 3573 5039 Audacter,_inquies,

1977 5037 2236 5095 audacter
2261 5050 2439 5106 sane:
2466 5039 2560 5094 sed
2593 5055 2693 5095 nec
2734 5040 2916 5094 minus
2956 5038 3264 5096 commode.
3312 5037 3479 5092 Laur.
3500 5065 3573 5077 —-

1978 5112 2110 5168 Cum
2144 5110 2224 5167 sic
2252 5113 2305 5167 in
2338 5111 2591 5166 omnibus
2611 5125 2745 5167 mss.
2777 5119 2835 5165 et
2851 5120 3114 5180 praeterea
3148 5109 3199 5165 in
3220 5106 3571 5180 ed._A_ugust.

1978 5184 2271 5248 scribatur,
2314 5189 2624 5252 corruptam
2662 5177 3220 5253 tamen'reliquarum
3271 5177 3573 5253 editionum

1979 5255 2295 5316 lectionem,
2325 5269 2445 5324 qua)
2476 5250 2655 5324 minus
2684 5262 2812 5317 apte
2850 5250 3131 5313 exhibent.
3157 5266 3391 5305 reversus
3416 5250 3472 5303 in
3496 5250 3575 5303 si-

1980 5342 2109 5381 num
2137 5322 2383 5403 ejusdem
2407 5366 2424 5393 ,
2467 5325 2521 5403 in
2543 5322 2665 5403 ‘Deo
2692 5324 2816 5379 deos
2838 5325 3022 5403 quierit
3049 5366 3065 5391 ,
3099 5331 3148 5376 et
3178 5330 3442 5403 tamquam
3486 5336 3579 5403 per

1940 5460 1949 5463 Α
1980 5393 2398 5471 pseudothyrum
2459 5393 2727 5471 inducitur
2756 5438 2771 5461 ,
2825 5393 3134 5471 pleraeque
3167 5407 3237 5448 ex
3284 5393 3578 5471 postremis

1982 5462 2184 5527 secuta:
2213 5462 2340 5525 sunt
2362 5513 2376 5538 ,
2418 5477 2646 5538 excepta
2669 5462 2882 5533 Scotti,
2907 5468 2962 5523 in
2982 5462 3090 5537 qua
3120 5464 3264 5521 bene
3293 5462 3581 5521 constitui-

355 5550 413 5604 5.
453 5547 651 5619 Viginti
677 5552 897 5619 quatuor
924 5544 1097 5600 annis.
1122 5542 1270 5619 Male
1395 5540 1487 5619 ed.
1518 5540 1668 5619 _Aug.
1695 5541 1883 5619 viginti
1983 5550 2090 5619 tur.

284 5630 392 5695 tres
417 5638 436 5677 :
478 5612 715 5695 decessit
759 5618 904 5695 enim
937 5629 1081 5695 anno
1120 5612 1333 5695 imperii
1364 5612 1626 5695 vigesimo
1665 5612 1878 5695 quinto,

284 5688 962 5763 itaqne_integrisAviginti
994 5697 1052 5763 e_t
1093 5694 1324 5763 quatuor
1356 5685 1512 5737 annis
1548 5685 1876 5763 imperavit.

361 5757 416 5818 ξ.
463 5757 667 5816 Fratris
699 5757 860 5830 ﬁlius.
892 5757 1062 5832 Lugd.

285 5835 463 5900 ωιτη
491 5833 672 5899 fratris
701 5831 782 5886 sui
810 5832 973 5900 ﬁlius.

364 5909 418 5963 ὕ.
464 5902 739 5962 Factione.

846 5903 974 5976 ugd.
1020 5901 1159 5960 Ball.
1212 5914 1295 5974 pr.
1318 5906 1374 5958 et
1406 5906 1558 5971 tert.,
1609 5898 1882 5957 seditione.

2057 5612 2145 5695 ψ.
2172 5611 2252 5696 ρο
2279 5627 2412 5696 nova
2434 5611 2683 5667 nominis.
2714 5608 2844 5666 Mss.
2887 5606 3107 5681 quidam
3136 5617 3194 5667 et
3213 5605 3338 5665 edd.
3378 5605 3444 5662 de
3468 5606 3592 5662 novi

1988 5692 2232 5749 nominis,
2269 5692 2376 5740 etc.

1141 5727 1518 5829 3ῖίῗᾶᾖαῖἶῆ
1545 5727 1890 5812 statim
1913 5727 1968 5790 ι)
1991 5727 2537 5829 ῨἫζἮοῖᾱέὶναυει.
2560 5753 2806 5813 Priorem
2836 5767 3025 5812 vocem
3053 5766 3189 5812 mss.
3221 5750 3469 5825 quaedam
3500 5748 3592 5807 de-

1995 5826 2128 5886 lent.
