2038 3176
267 161 335 190 1159

971 161 1073 194 PAULI
1093 161 1203 191 OBOSII

1844 162 1915 190 H40

262 220 369 248 stravit.
388 221 408 236 ”
428 220 631 253 Constantinus,
659 219 721 247 dum
747 218 922 247 Constantem
946 219 1056 247 fratrem
1072 222 1095 252 Α
1111 220 1183 247 roris
1197 220 1278 254 illius,
1294 220 1474 256 gladiatorum
1491 229 1571 249 manu
1588 221 1684 255 frettts,
1704 221 1803 248 invasit
1826 221 1915 254 impe-

262 268 336 296 bello
357 267 379 283 ¹³
397 268 553 300 insectatur,
578 267 686 295 incauta
714 267 861 302 petulantia
886 266 908 282 ίδ
933 266 1059 301 periculis

263 322 324 342 sese
346 313 481 348 oﬂ‘erens,
503 322 518 342 a
542 314 657 343 ducibus
681 314 740 350 ejus
752 314 860 342 occisus
874 319 926 341 est.
945 314 967 329 “
989 314 1060 341 Con-

260 361 376 389 stantius
390 361 470 397 5&3
484 361 615 389 adversus
632 360 728 389 Persas
742 365 769 389 et
782 360 924 396 Saporem,
940 360 985 396 qtti
1006 360 1059 389 Me-

261 408 437 443 sopotamiam
461 407 482 422 ¹⁶
506 411 694 439 vastaverant,
720 414 816 435 novem
842 406 942 441 prmliis
966 414 1057 442 parum

260 461 389 490 prospere
402 454 560 482 decertavit.
575 453 739 488 Novissime,
762 453 896 481 seditione
915 457 996 489 atque
1015 454 1058 481 in-

261 501 435 537 temperantia
460 501 573 529 militum
595 505 673 529 nocte
692 501 792 529 adoriri
808 509 922 536 pugnam
938 504 1058 532 coactus.

259 552 388 583 patratatn
412 554 481 582 pene
501 548 641 575 victoriam
666 546 778 583 insuper
803 546 890 575 victus
917 547 1019 574 amisit.
1038 547 1058 562 "'

259 594 324 621 Post
336 601 398 622 cum
412 594 442 621 'se
455 593 590 621 Constans
606 593 785 621 intolerandis
798 594 872 621 vitiis
885 593 1015 629 dedisset,
1027 601 1059 620 ac

258 647 338 675 poena
362 640 567 675 provincialium
594 640 711 667 favorem
738 640 853 667 militum
877 644 1057 674 compararet,

258 686 401 723 Magnentii
417 686 488 714 dolis
503 687 529 714 in
545 687 645 722 oppido
659 687 681 703 ¹⁸
695 687 738 714 cui
760 687 860 715 Helena
885 694 982 714 nomen
1004 690 1057 720 est,

257 734 284 762 in
311 733 434 769 proximo
461 733 597 769 Hispania:
627 733 786 762 interfectus
811 738 863 762 est.
892 733 1059 769 Magnentius

258 779 330 807 enim
346 779 416 814 apud
430 769 658 814 Augustodunum
675 779 790 814 arripuit
812 779 967 814 imperium,
987 780 1058 815 qttod

257 826 386 854 continuo
403 834 450 861 per
465 825 591 859 Galliam,
610 826 728 854 Africam
746 825 905 861 Italiamque
926 827 1057 861 porrexit.

260 872 287 899 In
303 872 409 908 lllyrieo
423 877 513 899 autem
526 873 546 889 '9
558 871 762 904 Vetranionem,
779 876 858 900 aetate
871 872 1056 907 grandaevum,

1113 268 1201 295 rium:
1218 268 1262 303 qui
1280 267 1388 301 deinde,
1405 276 1465 295 cum
1479 267 1619 302 improbus
1633 275 1664 294 ac
1681 275 1728 302 per
1742 267 1793 295 hoc
1812 266 1917 294 inrisus

1111 316 1214 342 cunctis
1229 320 1312 349 esset,
1328 323 1342 342 a
1359 315 1556 350 Magnentianis
1571 314 1684 343 ducibus
1697 321 1846 349 oppressus
1861 318 1914 341 est.

1112 361 1239 397 Sequitur
1263 361 1363 388 bellutn
1385 360 1452 388 illud
1477 360 1608 388 horribile
1632 361 1703 388 inter
1724 359 1916 388 Constantium

1111 407 1348 443 Magnentiumque
1360 408 1429 443 apud
1446 407 1563 435 Mursam
1577 406 1673 434 urbem
1687 411 1804 441 gestant,
1822 407 1849 433 in
1860 413 1917 440 quo

1113 456 1194 483 multa
1209 455 1393 483 Romanarum
1409 455 1505 482 virium
1522 454 1674 490 profligatio
1686 453 1767 481 etiam
1783 453 1809 480 in
1823 457 1918 488 poste-

1111 511 1169 530 rum
1183 502 1282 529 nocuit.
1295 502 1466 536 Magnentius
1480 506 1568 528 tamen
1584 501 1671 528 victus
1685 499 1800 534 aufugit,
1812 506 1845 526 ac
1858 506 1915 526 non

1110 549 1198 576 multo
1212 553 1270 584 post
1285 548 1355 584 apud
1371 548 1530 584 Lugdunum
1548 547 1657 582 propria
1674 555 1703 574 se
1725 553 1807 573 manu
1830 545 1917 573 inter-

1111 594 1185 622 fecit.
1202 594 1346 622 Decentius
1360 601 1478 630 quoque,
1493 593 1578 621 frater
1599 593 1731 628 ejusdem,
1753 600 1835 627 quem
1854 591 1917 619 Cte-

1110 648 1198 668 sarem
1214 640 1299 668 Gallis
1316 640 1483 675 prrefecerat.
1499 639 1570 674 apud
1582 639 1704 667 Senonas
1717 638 1817 673 laqueo
1830 637 1915 664 vitam

1111 687 1206 714 finivit.
1224 686 1357 714 Continuo
1371 685 1543 713 Constantius
1558 685 1678 719 Gallum,
1701 684 1790 719 patrui
1814 683 1914 717 tilium,

1110 734 1246 761 Cmsarem
1262 733 1345 768 legit:
1364 740 1443 766 quem
1460 739 1553 760 rursus
1565 731 1711 759 crudeliter
1725 738 1757 758 ac
1771 730 1916 766 tyrannica

1111 785 1245 815 agentem,
1263 779 1344 815 paulo
1358 784 1498 814 postquam
1514 782 1665 811 creaverat,
1685 777 1794 805 occidit.
1814 776 1915 812 Sylva-

1110 834 1174 853 num
1187 833 1295 861 quoqtte
1313 833 1360 860 per
1375 825 1474 853 Gallias
1490 825 1572 853 rebus
1586 825 1664 852 novis
1678 824 1839 856 inhiantem,
1856 830 1916 851 ma;

1110 877 1170 900 ture
1199 871 1466 900 circumveniendum
1499 863 1761 906 opprimendumque
1794 870 1914 897 curavit.

258 918 451 953 imperatorem
467 918 518 946 sibi
539 917 638 946 milites
657 923 828 952 creaverunt,
854 919 939 945 virum
960 923 1054 946 natura
1072 917 1093 947 Β
1109 919 1190 954 Igitur
1204 919 1323 955 Sylvano
1337 919 1491 951 interfecto,
1505 918 1641 946 Julianum
1657 919 1806 953 patruelem
1818 927 1912 953 suum,

256 964 420 999 simplicem,
436 964 594 1000 cunctisque
607 964 764 999 jucundum,
781 964 829 992 sed
848 964 893 1000 qui
913 972 946 991 tte
969 965 1055 1000 prima

256 1009 364 1045 quidem
379 1017 506 1045 umquam
521 1009 673 1045 litterarum
689 1010 824 1038 elementa
839 1009 986 1038 didicisset.
1004 1010 1053 1038 lta-

256 1063 308 1091 que
322 1056 345 1071 ¹⁰
358 1063 421 1083 cum
435 1056 536 1091 primas
560 1055 675 1089 litteras,
698 1055 903 1091 litterarumque
923 1055 1053 1092 syllabas,

256 1103 403 1138 imperator
427 1111 521 1136 senex,
543 1102 678 1131 interdum
704 1103 819 1136 invitus,
836 1102 1023 1136 meditaretur,
1039 1110 1053 1130 a

255 1150 426 1184 Constantio,
440 1149 486 1185 qui
497 1154 560 1178 tunc
575 1150 600 1177 in
622 1149 816 1186 Magnentium,
840 1149 942 1178 ultione
963 1149 1053 1178 fratris

254 1204 396 1229 accensus,
423 1196 522 1224 bellum
548 1197 671 1231 parabat,
694 1196 831 1232 deponere
854 1195 945 1231 jussus
966 1195 1052 1231 impe-

255 1242 336 1275 rium,
349 1242 479 1277 abjiciens
494 1250 555 1270 cum
576 1242 673 1270 litteris
693 1250 838 1278 purpuras,
858 1247 1055 1277 contentusque

256 1287 338 1324 544
360 1288 472 1324 privatis
494 1287 579 1320 feriis,
603 1289 730 1323 palatium
744 1288 825 1316 simul
841 1289 863 1304 "
879 1288 1056 1324 scholamque

255 1335 366 1362 dimisit.
384 1334 548 1369 Nepotianus
561 1334 671 1370 deinde,
692 1335 795 1370 Romae,
817 1333 990 1363 Constantini
1009 1342 1053 1362 so-

1108 966 1178 994 Galli
1193 966 1316 998 fratrem,
1332 965 1467 993 Cmsarem
1484 969 1617 997 creatum,
1641 965 1714 992 misit
1739 965 1772 992 ad
1798 965 1914 993 Gallias.

1108 1012 1199 1047 Itaque
1223 1011 1346 1039 Julianus
1370 1010 1461 1038 C:csar
1488 1018 1598 1038 eversas
1621 1018 1821 1046 oppressasque
1840 1011 1863 1026 ”
1877 1010 1915 1037 ab

1109 1058 1185 1086 hoste
1197 1057 1299 1085 Gallias
1309 1056 1498 1085 strenuissime
1513 1056 1539 1083 in
1554 1056 1687 1092 integrum
1704 1057 1831 1084 restituit.
1848 1056 1915 1084 Ala-

1108 1112 1268 1132 mannorum
1280 1103 1371 1139 parvis
1381 1103 1468 1139 copiis
1481 1110 1603 1138 magnam
1617 1103 1816 1130 multitudinem
1829 1102 1912 1131 fudit.

1108 1149 1131 1166 "
1144 1150 1238 1178 Rheno
1249 1149 1400 1178 Germanos
1414 1149 1544 1177 revinxit.
1562 1149 1608 1176 llis
1620 1150 1707 1177 elatus
1722 1150 1914 1184 successibus,

1107 1196 1242 1232 fastigium
1269 1196 1409 1231 usurpavit
1432 1195 1566 1230 Augusti:
1582 1199 1610 1223 et
1623 1204 1685 1222 mox
1700 1195 1802 1223 Italiam
1819 1195 1914 1232 Illyri-

1108 1251 1223 1278 cumque
1239 1242 1401 1278 pervadens,
1419 1242 1616 1275 Constautium,
1629 1241 1760 1269 Parthicis
1771 1242 1795 1257 ”
1806 1243 1914 1278 praeliis

1108 1294 1281 1324 occupatum,
1295 1289 1370 1324 regni
1383 1293 1458 1324 parte
1470 1288 1594 1323 privavit.
1607 1288 1792 1322 Constantius,
1807 1289 1876 1316 Julia
1883 1290 1914 1316 ni

1107 1336 1210 1365 scelere
1225 1341 1376 1371 comperto,
1401 1335 1510 1362 dimissa
1533 1335 1707 1370 expeditione
1730 1335 1912 1370 Parthorum,

904 1392 1130 1420 HAVERCAMPI
1149 1392 1264 1421 NO'l‘Aﬂ.

289 1449 333 1485 l2.
356 1448 540 1485 Constantinus
555 1450 618 1485 dum
631 1470 638 1482 ,
663 1453 716 1478 etc.
744 1449 900 1485 Epicedium
921 1451 1049 1485 anonymi

252 1484 383 1520 sophistze
397 1484 519 1512 Grzecum
535 1484 561 1513 in
576 1484 784 1513 Constantinum
803 1485 875 1513 hunc
892 1484 1045 1517 Juniorem,

253 1529 284 1546 ex
300 1528 352 1554 quo
373 1520 500 1547 tnilitaris
514 1520 559 1547 illa
571 1521 651 1548 factio
666 1527 694 1548 et
716 1520 808 1548 infelix
824 1521 882 1555 ejus
895 1522 985 1549 obitus
1001 1530 1046 1549 co-

252 1555 345 1590 gnosci
361 1559 459 1591 potest,
476 1560 566 1583 exstat
580 1556 613 1583 ad
634 1557 735 1583 cilcem
753 1556 873 1591 Eutropii
889 1556 934 1584 ed.
947 1562 1046 1584 nostra:

252 1589 279 1625 p.
297 1591 361 1626 703:
377 1589 404 1617 In
417 1598 448 1616 eo
463 1599 543 1618 causa
559 1592 654 1618 mortis
668 1592 784 1619 refertur
797 1592 829 1619 ad
840 1589 1018 1626 percussores
1031 1603 1044 1619 :t

251 1627 333 1652 fratre
345 1625 493 1653 Constante
508 1627 680 1654 subornatos.

1105 1450 1235 1479 barbaros
1249 1459 1306 1479 rem
1324 1451 1419 1487 gessit,
1439 1451 1473 1479 de
1494 1452 1592 1487 quibus
1605 1457 1762 1487 reportatas
1776 1454 1914 1482 victorias

1103 1487 1209 1522 insigne
1221 1495 1254 1514 ex
1269 1492 1382 1521 argento
1397 1488 1474 1522 primi
1488 1488 1589 1515 moduli
1612 1493 1729 1516 testatur
1747 1489 1911 1522 ntunismal,

1102 1529 1179 1556 cuius
1191 1529 1307 1557 eclypou
1331 1531 1412 1558 penes
1430 1532 1472 1551 nte
1487 1529 1539 1551 est.
1554 1523 1583 1551 In
1601 1531 1677 1558 parte
1689 1525 1831 1552 anteriore
1845 1532 1914 1553 cer-

1102 1558 1173 1585 nitur
1187 1566 1248 1585 cum
1266 1563 1374 1592 pectore
1389 1559 1516 1593 paludato
1528 1580 1535 1592 ,
1560 1564 1644 1594 caput
1658 1559 1830 1592 Constantis,
1857 1569 1912 1588 co-

1100 1601 1166 1620 rona
1182 1599 1316 1628 gemmata
1335 1595 1448 1627 insigne,
1464 1602 1523 1621 cum
1542 1595 1591 1621 hac
1615 1595 1814 1629 inscriptione:
1833 1596 1912 1624 FLa-

1100 1630 1154 1656 vius
1179 1629 1276 1657 lVLius
1303 1629 1482 1658 CONS'I‘ANS
1508 1630 1571 1657 Pius
1595 1630 1669 1657 Felix
1684 1630 1840 1658 AVGustus.
1864 1634 1912 1661 Alt

286 1660 501 1700 15.nlnsectatur.
519 1662 592 1700 Flor.
607 1669 676 1695 sec.,
692 1663 832 1690 insectatus
849 1671 859 1696 ;
873 1663 917 1691 ed.
936 1665 1001 1699 Aug.
1017 1670 1044 1691 et
1059 1668 1080 1700 C
1097 1665 1183 1692 altera
1200 1671 1276 1700 parte
1298 1671 1349 1693 stat
1363 1666 1510 1699 iutperator
1527 1666 1638 1693 thorace
1653 1671 1679 1693 et
1706 1660 1907 1699 paludamento

249 1699 309 1723 cod.
327 1696 462 1728 Peri20n.,
478 1697 631 1731 insequitur.

349 1731 484 1769 feriati/is.
501 1733 550 1760 Ed.
568 1733 648 1767 Aug.,
665 1733 790 1769 periculo.

284 1768 328 1795 15.
344 1766 522 1795 Constantius.
535 1768 581 1796 Sic
593 1766 706 1805 omnino
720 1777 754 1797 ex
776 1777 842 1797 mss.
866 1770 951 1805 Lugd.
970 1771 1039 1799 Bait.

248 1810 302 1830 sec.
320 1808 347 1830 et
366 1808 462 1844 quarto
479 1809 560 1844 atque
580 1804 645 1844 Ultra
673 1806 873 1844 reponidebet,
891 1804 1038 1844 nonACon-

247 1843 330 1872 ataus,
355 1843 383 1865 ut
409 1838 459 1865 fuit
479 1838 592 1866 editum.
615 1838 757 1868 Constanti
782 1842 853 1869 enim
868 1849 929 1869 cuut
949 1842 1039 1870 Persis

247 1874 313 1901 nihil
337 1874 436 1909 negotii
459 1874 518 1909 fuit,
544 1875 591 1903 sed
624 1876 754 1904 adversus
784 1877 889 1905 Gothos
914 1878 1038 1912 aliosque

1100 1700 1210 1728 indutus
1223 1722 1229 1732 ,
1247 1701 1311 1728 laeva
1329 1706 1424 1728 tenens
1445 1701 1564 1733 hastam,
1582 1701 1678 1728 dextra
1701 1702 1806 1736 signum
1827 1705 1905 1731 ritili-

1099 1740 1154 1763 tare
1161 1758 1165 1766 ,
1178 1744 1191 1763 a
1202 1736 1280 1773 cujus
1287 1736 1444 1764 summitate
1452 1736 1588 1771 dependet
1597 1737 1719 1773 labarum
1730 1745 1828 1773 monog
1834 1747 1908 1767 rum-

1097 1778 1169 1799 mate
1181 1772 1281 1799 Christi
1303 1773 1470 1806 insignitum,
1488 1773 1514 1800 in
1536 1773 1651 1800 circuitu
1667 1772 1797 1800 scribitur
1808 1772 1902 1803 ambi-

1096 1808 1181 1835 tiosus
1200 1807 1293 1835 titultts
1311 1807 1579 1835 :TRlVllPHATOR
1596 1807 1749 1836 GEN'l‘lVM
1771 1809 1903 1838 BARBA-

1094 1841 1226 1869 RAllVM.
1244 1842 1382 1870 Numisma
1402 1845 1497 1871 Sisciae
1510 1852 1535 1870 Ill
1550 1843 1691 1871 Pannonia
1705 1852 1802 1872 cusum
1817 1846 1908 1874 fuisse

1093 1878 1191 1905 (locum
1205 1879 1303 1906 litterae
1318 1881 1343 1905 in
1361 1879 1413 1905 ima
1430 1886 1476 1907 ora
1494 1879 1590 1914 posita:
1606 1880 1711 1908 SlScia.

1139 2027 1465 2136 gessisse?

545 2223 583 2261 ἓ
612 2198 646 2228 ⁸.
678 2211 705 2227 -,
1284 2183 1376 2311 tm
1479 2207 1510 2228 ε

529 2254 585 2308 ἷβ
669 2258 691 2299 επ
797 2275 809 2292 \
889 2268 921 2302 <
1099 2268 1142 2303 ὶῖ
1303 2264 1313 2292 ο
1455 2233 1528 2333 ἐξ

547 2278 611 2367 ᾧ
1109 2308 1174 2381 ⁸-
1191 2306 1226 2383 :2
1276 2262 1373 2379 μ
1418 2300 1517 2400 ᾗἑέ

585 2338 910 2435 κἪωμθῷᾼ

338 2560 518 2605 ναςιαυεναηι.
536 2564 621 2599 Lugd.
642 2565 711 2594 Batt.
738 2566 802 2602 duo,
826 2575 887 2595 cum
913 2568 1037 2598 Perizon.
1051 2572 1079 2602 1)
1128 2572 1172 2601 19.
1191 2572 1385 2603 Vetranionem.
1401 2575 1440 2603 Ita
1461 2577 1513 2605 hoc
1539 2584 1637 2605 nomen
1662 2576 1789 2604 scribitur
1815 2577 1905 2604 etiam

239 2602 267 2624 et
282 2597 402 2633 Florent.
420 2606 489 2633 sec.,
503 2597 658 2628 vastaierat.

276 2632 320 2676 η.
337 2632 474 2676 Post-funt
489 2643 515 2676 se
529 2635 665 2676 Constans.
684 2637 722 2664 Ex
738 2637 840 2676 iisdem
856 2648 920 2667 mss.
939 2642 1036 2676 quibus

239 2669 282 2707 hic
296 2667 383 2707 Lugd.
400 2670 471 2707 Batt.
488 2671 542 2707 duo
555 2671 650 2707 reliqui
661 2680 722 2700 cum
736 2673 805 2701 Coll.
822 2667 1036 2705 Gronov.laece:

236 2704 336 2750 dunt,‘
347 2704 635 2750 inseriturﬂonsta’ni,
658 2708 809 2750 cujus-(ut
833 2711 859 2750 in
885 2712 965 2750 editis
991 2704 1035 2750 fit)

235 2741 471 2802 ginisisltltrgmine,
481 2742 576 2777 ingens
586 2741 735 2778 Oroslo,rut
744 2741 917 2774 historiarum
931 2741 1032 2783 ignaro;

278 2784 304 2802 in
381 2795 388 2802 .

244 2783 264 2802 Ιῑ
278 2783 388 2810 lnjlll‘la.

234 2845 255 2854 ἔξ
271 2812 317 2854 18_.
335 2810 509 2854 CuliIHetena:
526 2813 646 2854 Eutrop.
657 2816 751 2854 scribit
765 2816 939 2854 Constantem
962 2820 1034 2854 peri-

233 2847 288 2873 iSse
303 2847 464 2884 haudglornge
478 2849 512 2875 ab
525 2847 662 2884 Hispaniis
673 2851 699 2878 in
712 2855 802 2879 castro
813 2853 856 2880 cui
869 2847 978 2882 Helena:
989 2863 1036 2884 tto-

232 2887 358 2925 r‘n‘e‘nesjl.
370 2882 557 2925 Sehonhovius
568 2882 819 2925 nonﬂr'ectecmtris,
831 2888 906 2923 legit,
919 2890 989 2925 quod
1001 2882 1034 2920 ex

232 2913 394 2944 Cassiodoro
404 2923 428 2943 et
443 2919 597 2955 Hieronymi
610 2913 755 2950 Chronico
763 2913 1032 2959 ρέὲἓιίἷὲίῖἰῖνῖἷξιιῖί

1092 2611 1119 2638 in
1136 2620 1197 2640 meo
1210 2612 1353 2649 Eutropio.
1370 2615 1453 2643 Fusa.

1126 2652 1172 2680 20.
1190 2652 1254 2694 Cum
1268 2655 1375 2690 primas.
1396 2656 1520 2685 Perizou.
1545 2661 1572 2685 et
1596 2656 1681 2692 Lugd.
1707 2657 1765 2685 Bat.
1792 2661 1905 2691 quart.,

1091 2696 1150 2715 cum
1165 2697 1291 2722 prmium.

1125 2729 1170 2755 21.
1189 2728 1375 2764 Scholamque.
1394 2732 1531 2765 Perizon.,
1548 2733 1709 2766 scholasque.

1123 2769 1169 2796 22.
1187 2769 1223 2796 Ab
1239 2770 1320 2797 hoste.
1338 2771 1383 2799 Sic
1401 2772 1523 2807 plerique
1536 2781 1618 2806 mss.;
1637 2773 1695 2805 alii,
1708 2772 1740 2798 ab
1756 2772 1894 2800 hostibus.

1122 2810 1169 2856 '25.
1187 2809 1289 2855 ii/tetto,
1304 2816 1358 2839 etc.
1374 2812 1509 2846 Perizou.,
1529 2812 1619 2840 Rheno
1632 2812 1777 2840 Germanos
1786 2813 1909 2847 ﬂumine

1089 2854 1215 2885 sejunxn.

1125 2890 1171 2916 '24.
1192 2888 1305 2918 Prwltis.
1322 2891 1406 2927 Lugd.
1426 2892 1497 2919 Bait.
1515 2898 1568 2919 tre.-
1589 2901 1648 2920 cum
1673 2893 1741 2923 Coll,
1770 2892 1904 2922 Grnnnv_

1089 2928 1172 2964 bellis,
1185 2930 1256 2965 quod
1272 2931 1404 2966 Latinius,
1418 2933 1463 2960 sed
1477 2932 1588 2963 OI‘OSilh
1600 2933 1756 2972 promiscue
1769 2940 1904 2969 ttsttrpal.
