2038 3176
228 132 242 139 Α

161 165 228 194 {Mi

647 158 881 190 HISTORIARUM
900 157 1002 187 LIBER
1024 156 1080 191 VII,
1101 156 1178 184 CAP.
1201 154 1309 184 XXXII.

1722 153 1810 185 4142

160 223 223 251 dum
239 222 274 250 ad
288 221 366 250 civile
380 220 479 249 bellum
496 220 652 253 revertitur,
665 218 691 246 in
701 218 798 246 itinere
810 217 881 245 inter
894 215 959 244 Cili-
972 216 997 247 Α
1012 214 1159 251 transfugas
1175 215 1185 230 ⁸
1198 214 1226 242 in
1240 214 1346 242 deserta
1362 212 1528 249 perductus,
1541 219 1603 240 cum
1616 211 1641 240 vi
1655 212 1714 240 sitis
1726 216 1755 240 et
1768 219 1814 240 ar-

160 272 229 299 ciam
244 269 495 305 Cappadociamque
510 267 653 295 defunctus
672 270 723 294 est.
745 265 782 292 Ita
807 264 852 291 ille
871 263 918 298 qui
938 262 962 278 “

160 317 273 345 discissa
299 323 364 351 pace
388 319 416 343 et
434 314 534 342 unitate
549 313 609 342 [idei
626 312 776 345 catholicae,
793 310 963 339 Christianos

161 364 291 392 adversus
305 362 475 391 Christianos
488 361 511 376 ¹⁶
529 368 648 394 armans,
662 359 735 387 civili
748 357 795 394 (ut
810 358 846 385 ita
858 357 963 392 dicam)

162 411 234 439 bello
245 409 373 439 Ecclesiae
381 408 503 437 membra
514 407 722 440 dilaceraverat,
734 404 848 434 totum'7
858 403 963 439 inquie-

163 447 341 491 intimabit;
355 454 461 491 imperii
482 455 534 488 sui,
556 453 832 488 molcSLissimumque
847 450 963 485 spatium

146 505 225 540 ,νὶιςιε
240 510 306 537 SINE,
326 502 405 531 bellis
425 500 550 529 civilibus
573 501 653 529 etiam
679 507 726 536 per
750 498 914 535 propinquos
936 501 963 526 et

162 550 379 586 consanguineos
394 549 530 583 excitatis,
546 547 679 583 exercuit,
702 546 803 583 exegit,
825 544 963 580 expendit.

401 617 482 655 555
501 616 616 645 CAPUT
635 615 720 644 xxx.

267 676 292 703 F
294 676 313 703 ι.
332 675 457 704 Claudius
471 674 594 702 Julianus
607 674 748 710 imperator
763 672 860 700 Cwsar.

203 737 283 763 Anno
297 734 331 762 ab
344 733 417 762 Urbe
433 732 544 760 condita
557 739 656 765 ucxvt,
669 732 678 746 ί
689 730 811 759 Julianus
821 753 828 766 ,
841 730 851 746 ³
863 730 964 758 dudum

166 782 270 816 Ciesar,
287 785 349 816 post
362 784 453 808 autem
469 784 563 807 sextus
579 783 607 807 et
623 778 781 814 trigesimus
794 777 827 805 ab
842 777 965 813 Augusto

166 836 251 865 regno
265 829 383 864 potitus,
406 834 479 855 anno
499 834 555 854 uno
575 831 602 854 et
618 825 758 854 mensibus
778 829 840 853 octo
857 824 964 860 imperii

165 883 300 904 summam
312 875 386 903 solus
397 874 528 907 obtinuit,
539 873 722 901 Christianam
735 871 894 908 religionem
904 876 964 899 arte

1014 262 1079 290 dore
1093 262 1168 295 solis,
1183 265 1263 296 atque
1279 261 1390 296 insuper
1403 260 1496 287 labore
1511 266 1655 287 arenarum
1669 259 1809 287 coniectus

1015 309 1117 345 periret
1131 309 1287 343 exercitus,
1311 307 1460 343 imperator
1482 310 1556 334 tanto
1576 313 1669 334 rerum
1691 305 1813 340 periculo

1014 356 1112 384 anxius
1124 376 1132 389 ,
1147 357 1156 372 ³
1171 354 1234 383 dum
1256 362 1303 390 per
1318 357 1393 382 vasta
1408 353 1510 382 deserti
1531 353 1552 368 ¹⁰
1566 352 1703 380 incautius
1717 359 1814 388 evaga-

1015 405 1068 434 tur,
1084 401 1118 429 ab
1132 399 1213 428 obvio
1227 400 1346 436 quodam
1360 399 1479 428 hostium
1494 399 1586 435 equite
1600 403 1683 427 conto
1694 398 1764 426 ictus
1775 398 1816 426 in-

1016 447 1098 476 teriit.
1122 447 1143 463 “
1166 446 1212 475 Sic
1233 446 1391 475 misericors
1411 445 1483 474 Deus
1504 446 1585 481 impia
1606 445 1719 475 consilia
1742 444 1817 479 impii

1016 498 1104 522 morte
1118 493 1253 522 dissolvit.

1246 550 1326 588 557
1346 550 1459 579 CAPUT
1481 549 1578 578 XXXI.

1134 609 1261 638 Iovianus
1284 610 1425 645 imperator
1445 608 1532 637 Ctesar
1550 609 1692 644 Augustus.

1054 681 1133 708 Anno
1146 679 1180 707 ab
1194 677 1267 707 Urbe
1281 678 1389 706 condita
1411 685 1505 706 uexvu
1515 700 1523 712 ,
1542 678 1550 692 ¹
1573 677 1717 710 Iovianus,
1731 675 1819 712 septi-

1017 733 1076 754 mus
1090 730 1118 754 et
1134 725 1291 760 lrigesimus
1305 725 1462 760 imperator,
1485 724 1511 752 in
1527 731 1635 752 summo
1655 730 1746 753 rerum
1761 723 1819 753 dis-

1015 773 1129 801 crimine
1141 773 1174 800 ab
1189 771 1315 799 exercitu
1330 775 1452 804 creatus,
1468 777 1530 798 cum
1544 774 1572 798 et
1585 770 1707 798 locorum
1724 769 1824 804 iniqui-

1017 826 1071 849 tate
1086 824 1193 855 captus,
1210 824 1237 847 et
1250 818 1376 846 hostibus
1388 818 1601 853 circumseptus,
1627 817 1730 845 nullam
1754 824 1818 847 eva-

1015 866 1096 894 dendi
1113 865 1269 893 facultatem
1285 864 1502 897 nancisceretur,
1518 863 1607 892 fmdus
1622 871 1684 890 cum
1702 863 1819 898 Sapore,

166 923 257 959 potius
272 930 353 957 quant
371 924 505 956 potestate
521 920 679 952 insectatus,
694 923 724 946 ut
738 923 883 954 negaretur
898 917 966 946 ﬁdes
981 920 1003 951 Β
1017 912 1163 940 Persarum
1192 917 1266 946 rege.
1287 910 1337 938 etsi
1361 911 1371 926 ⁸
1386 917 1494 945 parum,
1519 913 1550 937 ut
1573 913 1682 944 putant,
1699 909 1821 944 dignum,

165 968 268 997 Christi
290 968 300 983 ⁸
315 972 343 995 et
357 967 491 995 idolorum
506 966 595 994 cultus
614 965 625 981 ‘
637 965 837 1001 susciperetur,
854 964 963 992 honori-

165 1015 217 1043 bus
230 1015 316 1050 magis
330 1020 499 1048 provocare,
520 1020 602 1047 quam
625 1011 769 1039 tormentis
788 1017 885 1045 cogere
904 1014 963 1037 stn-

152 1062 236 1101 'duit.
253 1063 355 1097 Aperto
369 1064 458 1088 tamen
474 1059 606 1095 praecepit
619 1058 720 1091 edicto,
735 1058 745 1073 ⁵
761 1065 795 1086 ne
808 1058 869 1093 quis
883 1056 964 1084 Chri-

167 1109 273 1136 stianus
289 1107 474 1135 docendorum
492 1106 644 1134 liberalium
659 1105 811 1133 studiorum
829 1105 968 1140 professor

168 1160 252 1184 esset.
271 1155 323 1182 Sed
341 1159 447 1187 tamen,
463 1153 532 1181 sicut
547 1161 560 1179 a
576 1153 727 1188 majoribus
751 1152 760 1167 ⁸
776 1152 878 1179 nostris
898 1159 968 1179 coin-

170 1205 276 1237 pcrtum
292 1201 433 1234 habemus,
451 1198 532 1236 546
545 1206 640 1227 omnes
656 1199 755 1235 ubique
770 1198 967 1234 propemodum

170 1250 298 1284 praecepti
308 1248 480 1276 conditiones
490 1246 637 1282 amplexati
648 1267 656 1279 ,
667 1246 786 1273 ofﬁcium
795 1253 876 1281 quam
889 1246 967 1272 [idem

169 1298 297 1324 deserere
310 1295 473 1323 maluerunt.
488 1294 613 1322 Julianus
624 1298 713 1321 autem
726 1293 828 1321 bellum
839 1292 969 1321 adversus

174 1342 290 1373 Parthos
304 1349 403 1378 parans
413 1362 421 1374 ,
436 1348 497 1368 cum
513 1340 648 1368 Romanas
663 1339 736 1367 vires
750 1344 905 1367 contractas
921 1346 970 1367 un-

171 1389 254 1424 dique
275 1388 308 1416 ad
325 1388 490 1416 destinatam
511 1394 605 1414 secum
626 1386 748 1414 traheret
769 1385 969 1421 perditionem,

172 1436 392 1464 Christianorum
405 1435 563 1470 sanguinem
577 1434 629 1461 diis
641 1433 697 1461 suis
712 1433 794 1466 vovit,
810 1433 897 1468 palam
910 1440 971 1468 per-

173 1488 315 1510 secuturus
335 1482 344 1497 ⁷
362 1481 498 1509 Ecclesias
509 1502 515 1514 ,
532 1480 555 1508 si
571 1481 714 1508 victoriam
730 1480 862 1515 potuisset
882 1479 970 1515 adipi-

172 1531 223 1558 sci.
247 1530 313 1557 Nam
338 1533 366 1557 et
388 1528 619 1564 amphitheatrum
644 1527 842 1562 Hierosolymis
867 1526 970 1553 exstrui

172 1577 271 1612 jussit,
288 1576 314 1603 in
330 1583 383 1610 quo
399 1581 527 1603 reversus
540 1581 554 1600 a
570 1573 691 1607 Parthis,
709 1574 861 1608 episcopos,
878 1580 971 1600 mona-

174 1625 242 1650 chos
256 1628 404 1657 omnesque
419 1621 478 1656 ejus
495 1620 548 1648 loci
562 1626 672 1648 sanctos
683 1643 690 1655 ,
708 1620 803 1648 bestiis
814 1620 895 1647 etiam
913 1625 971 1648 arte
984 1617 1005 1650 ι]

174 1669 337 1697 srevioribns
350 1668 493 1704 objiceret.
508 1672 700 1704 spectaretque
712 1666 864 1696 laniandos.
879 1667 973 1704 Itaque

177 1721 319 1751 postquam
332 1722 347 1743 a
355 1714 531 1750 Ctesiphonte
543 1720 632 1742 castra
646 1714 744 1746 movit,
754 1713 817 1742 dolo
827 1713 969 1750 cujusdam

1014 958 1080 986 satis
1101 961 1192 985 tamen
1219 956 1403 984 necessarium
1427 955 1547 992 pepigit:
1563 955 1666 991 quippe
1686 959 1714 982 ut
1732 959 1819 984 tutum

1016 1007 1044 1032 et
1055 1004 1221 1032 incolumem
1238 1002 1390 1030 Romanum
1415 1002 1566 1030 exercitum
1593 1009 1645 1029 non
1673 1001 1760 1030 solum
1783 1001 1818 1029 ab

1018 1050 1126 1078 incursu
1143 1050 1271 1082 hostium,
1288 1057 1382 1076 verum
1402 1049 1483 1076 etiam
1508 1056 1523 1076 a
1550 1048 1671 1076 locorum
1699 1047 1822 1083 periculo

1018 1096 1159 1129 liberaret,
1179 1095 1281 1123 Nisibin
1293 1095 1424 1130 oppidum
1438 1099 1466 1123 et
1481 1099 1587 1130 partem
1604 1093 1751 1129 superioris
1768 1093 1824 1121 Me-

1019 1142 1177 1177 sopotamiae
1198 1141 1289 1169 Persis
1304 1141 1450 1169 concessit.
1473 1141 1537 1168 lude
1551 1140 1617 1168 dum
1634 1140 1668 1167 ad
1685 1139 1823 1176 Illyricum

1021 1189 1140 1222 rediens,
1164 1196 1213 1224 per
1227 1187 1362 1215 Galatiam
1380 1187 1431 1214 iter
1451 1186 1518 1222 agit,
1545 1194 1606 1214 cum
1623 1186 1650 1213 in
1665 1185 1823 1213 cubiculum

1020 1235 1154 1271 quoddam
1180 1242 1280 1262 novum
1305 1241 1367 1261 sese
1395 1233 1516 1261 cubitum
1545 1233 1704 1269 recepisset,
1733 1232 1827 1259 calore

1022 1288 1168 1316 prunarum
1182 1285 1209 1307 et
1223 1280 1319 1307 nidore
1339 1279 1474 1314 parietum
1489 1285 1576 1313 nuper
1590 1278 1665 1305 calce
1680 1277 1821 1310 illitorum,

1023 1328 1033 1344 ³
1050 1328 1213 1364 adgravatus
1237 1331 1264 1354 et
1293 1325 1454 1358 suffocatus,
1485 1329 1582 1352 octaVo
1607 1324 1717 1352 demum
1734 1330 1828 1351 mense

1022 1382 1101 1410 quam
1116 1373 1250 1408 imperare
1266 1376 1397 1407 cmperat,
1412 1371 1494 1398 vitam
1510 1370 1608 1398 ﬁnivit.

1250 1460 1332 1497 55,8
1350 1459 1464 1488 CAPUT
1485 1458 1594 1487 XXXII.

1025 1520 1085 1548 Fla.
1103 1518 1223 1546 Valerius
1247 1518 1447 1545 Valentinianus
1469 1517 1531 1552 imp.
1550 1516 1614 1544 Cres.
1639 1505 1749 1552 august.
1765 1522 1823 1542 cum

1098 1554 1208 1582 Valente
1218 1554 1308 1590 fratre.
1327 1553 1415 1588 Deque
1428 1550 1556 1579 Gratiano
1563 1553 1621 1588 jam
1638 1550 1753 1578 Cazsare.

1059 1625 1067 1639 ¹
1089 1625 1167 1652 Anno
1185 1624 1219 1651 ab
1233 1622 1305 1651 Urbe
1326 1621 1436 1649 condita
1457 1627 1574 1651 ucxvut.
1593 1618 1822 1651 Valentinianus,

1027 1675 1140 1700 octavus
1153 1674 1180 1697 et
1196 1669 1362 1705 trigesimus,
1380 1667 1452 1702 apud
1468 1666 1587 1693 Nicaeam
1608 1671 1744 1692 consensu
1759 1663 1830 1690 mili-

1025 1721 1080 1744 tum
1098 1717 1247 1750 imperator
1265 1718 1374 1742 creatus
1395 1718 1448 1745 est.
1474 1711 1628 1746 mansitque
1654 1711 1681 1737 in
1701 1717 1734 1737 co
1748 1709 1829 1737 annis

813 1804 1037 1834 HAVERCAMPI
1057 1805 1171 1835 NOTAE.

212 1891 258 1918 25.
273 1888 389 1915 Dlscissa
401 1895 473 1923 pace.
486 1885 574 1914 Proho
586 1886 681 1921 magis,
693 1883 765 1920 quod
777 1884 803 1911 in
816 1883 902 1920 Lugd.
919 1884 977 1911 Bat.

180 1926 258 1954 tertio
273 1924 407 1951 invenitur
422 1923 539 1950 discussa
553 1929 625 1955 paco.

213 1961 259 1989 ‘26.
275 1961 395 1987 Armaus.
416 1958 482 1985 Tres
506 1958 592 1993 Lugd.
619 1957 691 1990 Bat.,
718 1963 778 1983 cum
804 1954 929 1983 Pcrizon.
953 1960 979 1983 ct

178 1998 248 2025 Coll.
264 1996 451 2027 Gronoviana,
468 1997 621 2021 armaverat.

214 2033 259 2061 ‘27.
277 2031 432 2066 Inquietum.
448 2030 495 2057 Ed.
512 2030 593 2063 Aug.,
610 2028 726 2066 inquieti,
741 2033 794 2054 etc.
807 2026 891 2066 Lugd.
908 2027 979 2066 Bait.

180 2075 275 2095 oiimcs
290 2063 349 2094 cum
372 2066 441 2093 Coll.
467 2065 585 2093 Gronov.
610 2064 718 2098 inquieti
742 2068 842 2099 tempus
866 2063 978 2098 imperii.

180 2105 271 2131 deleto
285 2103 336 2129 sui.
355 2102 411 2128 Non
431 2101 511 2128 male.

216 2139 281 2166 CAP.
297 2137 382 2165 XXX.
396 2151 431 2156 ——
443 2137 468 2164 I.
481 2135 613 2164 Julianus.
631 2135 668 2162 De
677 2133 785 2161 Iuliano
797 2133 942 2167 Eutropius
954 2138 982 2161 et

182 2175 247 2203 Sex.
265 2173 393 2201 Aurelius
406 2181 411 2198 :
426 2172 613 2207 copiosissime
624 2178 686 2207 vero
698 2170 857 2197 Ammianus
868 2169 983 2197 Marcel-

182 2211 253 2238 linus
269 2210 329 2237 libr.
345 2216 417 2245 xxu,
433 2206 612 2245 et’dcinceps;
628 2206 711 2234 Ἐλωί.

218 2247 246 2274 2.
265 2245 369 2272 Dudum
383 2240 478 2271 (Σάκαν.
496 2240 585 2279 ιυεά⁷ῐ
596 2243 666 2279 Bait.
678 2247 747 2279 tres,
759 2249 824 2279 eum
833 2240 902 2279 Coll.
915 2242 983 2279 Gro-

184 2291 246 2310 nov.
259 2287 285 2309 et
298 2281 404 2307 duobus
416 2277 549 2307 Florcntti
561 2284 588 2306 et
599 2278 661 2305 cdd.
678 2277 799 2310 Venetis,
811 2278 869 2313 jum
883 2278 983 2305 dudum

184 2318 288 2349 Cwsar;
302 2322 328 2342 et
342 2323 415 2350 mox,
433 2323 519 2342 rerum
532 2315 641 2351 potitus,
657 2313 731 2341 Flor.
744 2320 801 2351 sec.

220 2354 247 2381 3.
265 2352 297 2379 Et
311 2351 440 2378 idolorum
453 2349 547 2377 cultus.
561 2351 734 2384 Quantopere
751 2350 776 2376 iu
794 2349 826 2376 iis
841 2349 985 2377 lnsauiorit

184 2389 306 2417 Julianus
320 2391 392 2421 patet
405 2395 438 2414 ex
455 2387 595 2414 nummqu
608 2386 666 2418 ejus
681 2384 807 2421 :ereo._iu
817 2392 883 2421 iquo
904 2385 984 2412 Scra-

186 2426 255 2460 pidis
267 2419 479 2460 cerniturrcaput
490 2443 496 2455 ,
513 2429 540 2460 et
553 2420 630 2460 Isidis
647 2421 674 2460 in_
688 2419 799 2460 navigio
813 2419 915 2460 ﬁgura,
934 2429 981 2448 vo-

186 2455 219 2487 iis
233 2460 338 2494 publice
349 2455 496 2486 idolisillis
505 2458 639 2494 [Egyptiis
652 2457 686 2484 ab
698 2457 782 2490 impio
794 2455 904 2483 homine
917 2464 979 2484 nun-

186 2496 302 2531 cupatis.

345 2629 492 2706 ©5373
577 2684 581 2685 ν
604 2638 836 2696 ηθὲᾍήῑέῐδξίίὲά

330 2660 368 2750 (si

345 2736 385 2782 *ἓ
431 2724 504 2785 ξζλ
519 2752 540 2763 κ
649 2724 793 2779 εθίλιξ-ξιν
811 2736 833 2752 ὼ

228 2895 258 2922 4.
275 2894 468 2929 Susciperetur.
484 2888 856 2929 Msszquidamfeciperelm:

231 2918 258 2960 ﬁ:
275 2918 469 2967 ivlé'ﬁlisfétc.
484 2918 657 2961 Lugd.'Batt.
675 2918 747 2959 tres,
761 2931 822 2951 cum
837 2919 905 2949 Coll.
920 2918 989 2946 Gro-

1030 1892 1093 1913 nov.
1108 1907 1115 1919 ,
1132 1884 1224 1922 delent
1238 1885 1312 1922 quis;
1331 1883 1378 1911 sed
1393 1883 1517 1922 Perizon.
1535 1882 1612 1922 legit,
1636 1889 1667 1908 ne
1680 1880 1737 1922 quis
1749 1880 1827 1908 Chri-

1030 1921 1174 1948 stianorum
1189 1920 1335 1948 liberalium
1349 1919 1494 1946 studiorum
1509 1919 1643 1952 professor
1659 1920 1735 1943 esset.

1065 1956 1092 1983 6.
1116 1956 1231 1983 Nostris.
1256 1955 1352 1983 Deleut
1372 1954 1458 1990 Lugd.
1481 1954 1552 1981 Batt.
1575 1960 1615 1987 pr.
1637 1956 1667 1978 et
1688 1956 1749 1980 lert.
1765 1959 1828 1979 cum

1030 1991 1097 2019 Coll.
1113 1992 1232 2019 Gronov.
1856 1998 1860 2000 ί

1068 2028 1094 2054 7.
1117 2025 1259 2055 Ecclesias.
1282 2025 1367 2061 Lugd.
1392 2026 1460 2053 Ball.
1484 2030 1554 2061 tres,
1577 2025 1701 2052 Perizou.
1718 2026 1745 2050 et
1756 2021 1827 2050 Coll.

1031 2063 1150 2091 Gronov.
1167 2084 1174 2095 ,
1189 2060 1334 2090 ecclesiam.
1349 2062 1425 2090 Unus
1441 2069 1473 2088 ex
1492 2060 1586 2087 iisdem
1604 2067 1666 2089 mox
1681 2063 1765 2095 posset
1779 2065 1830 2092 pro

1031 2099 1164 2134 potuisset.
1193 2098 1342 2126 Florentin.
1368 2105 1423 2125 sec.
1446 2100 1536 2124 autem
1559 2096 1603 2123 hic
1625 2096 1705 2129 legit,
1731 2102 1827 2129 parans

1032 2135 1235 2168 persecutione»:
1249 2134 1375 2161 ecclesiis.

1068 2170 1094 2197 8.
1112 2169 1145 2196 In
1160 2170 1271 2197 deserta.
1290 2169 1328 2196 Ed
1344 2169 1412 2204 Aug.
1423 2190 1430 2202 ,
1448 2167 1473 2194 in
1489 2168 1629 2204 desertum.

1069 2206 1095 2233 9.
1113 2205 1182 2232 Dum
1202 2214 1247 2241 per
1268 2209 1341 2241 vasto
1362 2202 1466 2231 deserti.
1491 2202 1576 2241 Lugd.
1599 2202 1669 2229 Batt.
1691 2207 1745 2241 tres
1768 2207 1829 2227 cum

1034 2240 1157 2268 Perizou.
1181 2237 1208 2268 et
1227 2241 1296 2268 Coll.
1320 2240 1439 2268 Gronov.
1455 2260 1462 2272 ,
1485 2239 1548 2265 dum
1563 2243 1635 2265 vasta
1656 2245 1701 2273 per
1717 2237 1828 2263 deserta.

1034 2276 1119 2310 Lugd.
1135 2277 1191 2303 Bat.
1209 2284 1282 2310 sec.,
1298 2275 1360 2303 dum
1373 2280 1443 2302 vasta
1459 2283 1504 2311 per
1517 2274 1622 2301 deserti.

1073 2313 1116 2340 10.
1135 2311 1280 2340 Incautius.
1296 2312 1420 2339 Perizon.
1433 2331 1440 2344 ,
1456 2312 1585 2337 incautus.

1074 2350 1115 2375 il.
1132 2347 1177 2375 Sic
1192 2348 1339 2375 misericors
1357 2347 1434 2373 Ileus.
1456 2345 1541 2380 Lugd.
1561 2345 1616 2372 Bat.
1640 2352 1682 2379 pr.
1704 2347 1732 2371 et
1751 2347 1833 2376 terl.,

1037 2391 1097 2411 cum
1113 2384 1182 2411 Coll.
1197 2383 1331 2413 Gronov..
1348 2383 1435 2417 sicque
1449 2382 1593 2417 misericors
1610 2380 1687 2417 Deus.

1072 2419 1138 2447 CAP.
1158 2418 1256 2445 XXXI.
1273 2419 1348 2445 -1,
1369 2413 1531 2444 Joviuianus.
1552 2416 1591 2444 De
1615 2416 1666 2443 hoc
1687 2413 1833 2448 Eutropius

1037 2459 1159 2482 extremo
1183 2454 1230 2481 lib.
1253 2463 1287 2485 x,
1311 2454 1469 2480 Ammianus
1498 2453 1545 2479 lib.
1563 2460 1625 2485 xxv,
1646 2455 1674 2478 et
1696 2451 1761 2477 Sex.
1782 2450 1836 2476 Au-

1038 2491 1131 2518 relius.
1148 2490 1231 2518 FABR.
1243 2505 1278 2509 —
1296 2488 1422 2516 Iovianus
1447 2488 1574 2515 meliores
1590 2487 1712 2514 scribunt
1728 2492 1794 2512 mss.
1807 2489 1835 2511 et

1002 2539 1027 2568 ι)
1040 2533 1070 2554 ea
1079 2533 1194 2568 300308
1209 2524 1387 2568 Nummorum
1398 2524 1478 2568 lectio
1493 2528 1544 2551 est.

1079 2556 1107 2587 Ξῖ
1131 2556 1240 2593 Parum,
1251 2565 1279 2587 ut
1296 2564 1398 2596 putant,
1415 2559 1531 2596 dignum.
1553 2558 1653 2585 Contra
1670 2563 1735 2583 mss.
1747 2560 1775 2596 et
1790 2556 1833 2582 ed.

1043 2598 1156 2632 August.
1181 2597 1272 2631 inepte
1293 2594 1405 2630 reliqua:
1425 2594 1487 2623 edd.
1504 2601 1609 2632 omnes,
1628 2595 1775 2627 propagato
1790 2598 1837 2618 er-

1045 2630 1119 2665 rore,
1136 2632 1278 2664 exhibent,
1291 2639 1382 2667 parum
1391 2635 1488 2667 putant
1504 2630 1620 2664 dignum.

1081 2662 1117 2704 Si]
1129 2662 1301 2704 aggravetur.
1322 2662 1408 2702 Lugd.
1427 2667 1494 2694 Batt.
1512 2662 1566 2693 tres
1581 2671 1641 2692 cum
1667 2662 1795 2691 Perizon.
1812 2665 1841 2689 et

1045 2703 1116 2731 Coll.
1131 2703 1263 2736 Gronov.,
1279 2707 1463 2738 prargravatus.

1082 2738 1148 2766 CAP.
1164 2733 1368 2766 XXXIII—Vt.
1389 2737 1479 2770 Αηηο,
1500 2741 1553 2765 etc.
1574 2736 1639 2769 Quae
1657 2734 1787 2769 deinceps
1806 2733 1842 2760 Ο-

1051 2775 1140 2802 rosius
1155 2774 1258 2808 scribit,
1274 2782 1306 2801 ca
1322 2773 1422 2801 Paulus
1434 2773 1568 2800 Diaconus
1580 2778 1688 2808 quoque
1704 2769 1847 2808 Persequi—

1051 2816 1093 2837 tur
1106 2811 1132 2837 in
1148 2817 1196 2837 sua
1213 2804 1339 2842 historia,
1363 2816 1443 2843 quam
1464 2804 1595 2843 Eutropio
1608 2804 1843 2843 adjunxit._‘Unde

1048 2845 1092 2881 qui
1106 2846 1187 2878 volet,
1201 2852 1234 2872 ea
1249 2840 1342 2881 petere
1354 2840 1460 2881 potest:
1475 2852 1535 2881 nos,
1548 2840 1593 2878 qui
1609 2840 1842 2881 iu:iis_nihilquo.d

1045 2876 1223 2944 annotg‘tione
1235 2876 1302 2915 o'pus
1318 2876 1427 2912 habeat,
1442 2876 1609 2912 invenimus,
1623 2877 1665 2905 hic
1682 2877 1762 2905 linem
1777 2876 1843 2903 faci-

1045 2924 1114 2944 mus.
1153 2924 1212 2944 ABR.

1044 2924 1114 2945 mus.
1130 2924 1212 2944 I'AHII.
