4076 6352
470 313 611 375 1115

1884 304 2093 366 PAULI
2128 303 2354 364 OROSII

3626 304 3775 364 HM

463 435 719 494 undecim
754 453 766 490 :
799 434 892 508 qui
932 447 1058 492 cum
1096 431 1443 490 Christianus
1489 430 1703 502 integra
1736 429 1844 487 ﬁde
1879 444 2062 487 sacra-
2086 430 2138 492 Α
2165 437 2223 486 et
2251 428 2539 500 paludibus
2592 427 2756 486 inviis
2800 431 3004 500 sitam,
3054 430 3261 487 virtute
3309 438 3474 503 atque
3525 429 3778 501 agilitate

459 539 707 589 mentum
734 531 949 587 militiae
988 538 1228 602 gereret,
1260 530 1281 559 ²
1311 536 1368 583 et
1391 526 1492 583 sub
1518 526 1738 583 Juliano
1768 524 1789 557 ³
1817 525 2061 597 Augusto

465 625 716 680 tribunus
745 624 1134 690 scutariorum,
1150 621 1332 692 jussus
1353 620 1423 677 ab
1450 619 1777 691 imperatore
1795 617 2062 689 sacrilego

466 729 560 776 aut
594 719 882 776 immolare
909 717 1092 783 idolis,
1117 724 1211 772 aut
1237 715 1432 773 militia
1459 716 1750 784 excedere,
1783 715 1806 747 ⁸
1830 713 2063 772 ﬁdeliter

465 812 648 871 sciens
678 813 700 844 ⁸
728 820 784 869 et
806 811 1059 883 graviora
1088 808 1186 866 Dei
1207 823 1333 866 esse
1350 807 1577 880 judicia,
1607 816 1662 864 et
1692 806 1915 865 meliora
1942 820 2064 877 pro-

465 905 654 974 missa,
687 910 885 976 sponte
909 902 1184 960 discessit.
1219 902 1320 971 lta,
1350 917 1515 973 parva
1556 901 1841 974 interiecta
1885 916 2063 970 mora,

462 997 683 1055 Juliauo
712 995 1025 1064 interfecto,
1057 1010 1119 1053 ac
1151 1011 1274 1051 mox
1307 994 1539 1052 Joviano
1568 1006 1811 1062 mortuo,
1851 995 1941 1065 qui
1966 1009 2065 1065 pro

466 1089 685 1147 nomine
696 1087 899 1145 Christi
913 1088 1172 1145 amiserat
1185 1086 1544 1154 tribunatum,
1561 1085 1897 1143 retribuente
1909 1082 2068 1142 Chri-

463 1191 570 1252 sto,
623 1181 673 1237 in
725 1179 906 1237 locum
957 1178 1331 1251 persecutoris
1369 1179 1454 1235 sui
1493 1178 1708 1249 accepit
1735 1177 2060 1249 imperium:

463 1273 559 1347 qui
606 1285 795 1346 postea
824 1274 1048 1331 fratrem
1078 1288 1235 1330 suum
1261 1272 1547 1330 Valentem
1589 1271 1909 1344 participem
1936 1270 2068 1328 fecit

464 1366 705 1439 imperii,
728 1367 750 1399 °
779 1373 835 1423 et
870 1366 1196 1438 Procopium
1231 1375 1521 1438 tyrannum
1558 1365 1851 1437 pluresque
1875 1374 2068 1437 postea

459 1457 728 1516 satellites
755 1457 877 1530 ejus
910 1458 1131 1515 occidit.
1165 1457 1535 1515 Terratmotus
1577 1459 1598 1491 ⁷
1631 1472 1729 1529 per
1771 1467 1943 1513 totum
1972 1470 2066 1514 or-

464 1550 590 1608 bem
624 1551 817 1619 lactus,
856 1550 931 1607 ita
968 1550 1243 1607 turbatum
1296 1566 1515 1623 quoque
1544 1550 1768 1622 pelagus
1798 1551 2067 1619 excussit,

462 1652 521 1698 ut
568 1657 664 1714 per
710 1642 917 1698 vicinas
941 1648 1217 1698 terrarum
1246 1640 1634 1713 campestrium
1668 1651 1852 1712 partes
1887 1638 2070 1697 refuso

462 1735 640 1804 mari,
678 1734 929 1806 plurimae
957 1734 1262 1791 insularum
1312 1734 1478 1790 urbes
1502 1775 1519 1804 ,
1551 1747 1833 1790 concussa:
1861 1741 1917 1789 et
1944 1731 2073 1789 sub-

2169 524 2504 592 terribilem,
2538 523 2901 594 periculosam
2933 522 3197 581 Romanis
3238 524 3478 592 ﬁnibus,
3523 524 3779 593 eruptio—

2167 633 2291 676 nem
2306 619 2351 651 ³⁸
2372 632 2565 691 magna
2588 618 2732 675 mole
2756 619 2798 652 ’θ
2821 618 3176 686 meditantes,
3193 616 3247 673 in
3267 617 3402 688 ipsis
3426 616 3776 673 Francorum

2170 713 2373 772 ﬁnibus
2399 714 2697 786 oppressit.
2742 712 3191 785 Burgundionum
3225 727 3467 785 quoque,
3501 725 3777 767 novorum

2167 806 2407 863 hostium
2432 848 2450 875 ,
2476 821 2680 864 novum
2711 820 2912 863 nomen
2938 847 2954 874 ,
2985 804 3079 877 qui
3104 804 3395 877 plusquam
3424 803 3472 836 ³⁸
3492 803 3776 874 octoginta

2168 902 2336 959 millia
2364 900 2448 975 (ut
2471 900 2680 973 ferunt)
2702 907 3068 967 armatorum,
3094 898 3232 971 ripa:
3253 899 3300 931 “
3321 897 3500 954 Rheni
3530 895 3776 953 ﬂuminis

2169 995 2512 1056 insederunt.
2545 996 2659 1052 Hos
2682 994 2963 1065 quondam
2990 994 3219 1050 subacta
3251 991 3523 1048 interiore
3549 989 3781 1048 Germa-

2169 1089 2280 1158 nia,
2316 1104 2346 1144 a
2379 1088 2552 1145 Druso
2582 1096 2639 1144 et
2664 1086 2891 1144 Tiberio
2913 1128 2930 1154 ,
2961 1085 3234 1157 adoptivis
3263 1083 3393 1141 ﬁliis
3420 1085 3468 1117 “
3493 1082 3734 1140 Caesaris
3757 1121 3776 1149 ,

2171 1198 2268 1254 per
2293 1190 2471 1238 castra
2503 1180 2839 1254 dispositos,
2884 1180 2931 1212 ”
2959 1180 3013 1235 in
3044 1192 3298 1252 magnam
3340 1177 3615 1235 coaluisse
3642 1191 3779 1247 gen.

2174 1283 2313 1333 tem:
2337 1284 2502 1345 atque
2521 1262 2597 1331 ila
2618 1275 2781 1331 etiam
2814 1287 3015 1331 nomen
3042 1288 3110 1330 ex
3136 1287 3303 1342 opere
3333 1271 3775 1344 praesumpsisse,

2170 1366 2219 1399 ἰ
2247 1367 2371 1438 quia
2417 1366 2609 1423 crebra
2641 1366 2740 1439 p'er
2768 1365 2995 1423 limitem
3024 1365 3189 1438 550
3220 1364 3529 1421 habitacula
3559 1364 3769 1419 consti-

2172 1468 2316 1529 tuta,
2344 1460 2553 1532 Burgos
2584 1461 2745 1532 vulgo
2774 1466 3007 1515 vocant:
3035 1472 3334 1529 eorumque
3363 1470 3485 1513 esse
3512 1455 3776 1528 praevali-

2172 1552 2297 1609 dam
2340 1561 2396 1609 et
2443 1552 2804 1625 perniciosam
2860 1565 3082 1608 manum
3111 1596 3127 1619 ,
3186 1549 3450 1607 “Galliae
3505 1548 3779 1620 hodieque

2175 1656 2345 1705 testes
2374 1656 2529 1715 sunt,
2564 1647 2616 1703 in
2645 1646 2844 1719 quibus
2883 1654 3214 1718 praesumpta
3244 1644 3604 1716 possessione
3638 1658 3777 1699 con-

2177 1742 2402 1812 sistunt,
2425 1741 2672 1815 quamvis
2700 1740 3041 1813 providentia
3064 1738 3165 1796 Dei
3188 1752 3380 1796 omnes
3406 1738 3455 1771 ²⁶
3476 1737 3781 1794 Christiani

460 1836 599 1886 rutae
623 1871 639 1896 ,
684 1829 917 1901 periisse
946 1828 1277 1886 referantur.
1324 1828 1527 1886 Valens
1565 1827 1636 1884 ab
1663 1826 1918 1885 Eudoxio
1954 1827 2073 1900 cpi—
2100 1821 2150 1883 Β
2177 1837 2346 1894 modo
2372 1836 2524 1905 tacti,
2552 1833 2823 1892 catholica
2846 1833 2976 1900 ﬁde,
3010 1831 3322 1903 nostrisque
3341 1829 3560 1888 clericis
3579 1829 3780 1902 quibus

463 1936 654 1997 scopo,
689 1924 711 1956 ⁸
740 1922 930 1979 Ariani
959 1923 1229 1996 dogmatis
1259 1929 1559 1992 assertore,
1588 1929 1645 1979 et
1681 1922 1985 1993 baptizatus
2013 1930 2070 1978 et

468 2034 805 2090 persuasus,
864 2019 917 2075 in
982 2018 1343 2075 saevissimam
1395 2017 1649 2075 haeresim
1702 2016 1999 2074 declinavit
2050 2034 2064 2073 :

472 2111 639 2185 55.9
680 2111 777 2168 sed
809 2112 1105 2184 malignam
1136 2112 1554 2169 insectationem
1584 2111 1680 2167 diu
1702 2113 1723 2145 °
1755 2112 1927 2175 texit,
1968 2124 2069 2167 nec

466 2206 737 2263 voluntati
760 2214 1086 2277 potestatem
1117 2204 1442 2272 admiscuit,
1483 2204 1665 2275 quoad
1697 2205 1930 2261 viventis
1957 2203 2069 2260 fra-

467 2300 571 2356 tris
621 2300 950 2361 auctoritate
1004 2312 1358 2370 compressus
1411 2307 1516 2354 est.
1579 2286 2069 2369 Contemplabatur

467 2393 614 2447 enim
646 2391 716 2447 de
744 2406 813 2448 eo
836 2433 852 2459 ,
885 2400 1141 2464 quantam
1189 2391 1301 2447 vim
1331 2391 1374 2423 ¹⁰
1404 2390 1457 2445 ἰη
1487 2388 1798 2446 ulciscenda
1829 2389 1938 2445 ﬁde
1968 2390 2070 2445 int-

465 2492 691 2555 perator
719 2491 909 2556 posset
931 2485 973 2516 “
1007 2498 1277 2541 exercere
1301 2524 1317 2551 ,
1353 2482 1448 2555 qui
1475 2490 1679 2539 tantam
1701 2481 2067 2539 constantiam

467 2591 570 2648 pro
616 2575 902 2632 retinenda
948 2577 1220 2645 quondam
1277 2576 1436 2631 miles
1494 2573 1799 2631 habuisset.
1857 2573 2067 2631 Horum

465 2684 611 2726 anno
643 2671 687 2702 ¹³
719 2668 932 2740 imperii
966 2669 1150 2741 tertio,
1180 2669 1478 2726 Gratianus
1500 2668 1868 2725 Valentiniani
1897 2668 2067 2738 ﬁlius,

468 2765 771 2837 imperator
798 2773 885 2821 est
921 2763 1117 2821 factus.
1167 2763 1374 2820 Eodem
1410 2778 1559 2820 anno
1603 2763 1748 2832 apud
1778 2762 2068 2821 Atrebatas

467 2872 601 2913 vera
628 2858 751 2914 lana
785 2857 855 2913 de
880 2855 1121 2914 nubibus
1141 2856 1338 2928 pluvia:
1361 2857 1531 2913 mixta
1552 2855 1803 2914 deﬂuxit.
1834 2856 2068 2914 Praeter-

469 2966 537 3009 ea
571 2951 966 3018 Athanaricus,
993 2966 1092 3009 rex
1115 2950 1444 3021 Gothorum,
1467 2948 1812 3008 Christianos
1833 2950 1885 3007 in
1907 2960 2072 3023 gente

465 3060 565 3103 sua
595 3046 986 3103 crudelissime
1014 3054 1341 3117 persecutus
1364 3086 1381 3116 ,
1422 3045 1690 3117 plurimos
1725 3045 1770 3078 ¹³
1810 3045 2073 3103 barbaro-

467 3155 591 3194 rum
622 3140 697 3194 ob
724 3138 885 3195 ﬁdem
918 3137 1273 3208 interfectos,
1300 3139 1367 3194 ad
1398 3152 1660 3194 coronam
1694 3139 1943 3211 martyrii
1974 3153 2071 3195 su-

464 3231 741 3298 blimavit,
773 3246 1008 3303 quorum
1042 3241 1222 3287 tamen
1243 3206 1464 3301 plurimi
1493 3232 1537 3263 "‘
1562 3232 1614 3288 in
1645 3206 1949 3288 Romanum
1980 3246 2071 3289 so-
2100 3206 2147 3270 Ο

473 3324 589 3378 lum
615 3324 659 3356 ³⁵
680 3339 788 3379 non
815 3324 1054 3396 trepidi,
1103 3324 1147 3357 ³⁸
1176 3323 1324 3380 velut
1357 3324 1426 3379 ad
1475 3323 1661 3381 hostes
1686 3366 1701 3392 ,
1744 3324 1845 3382 sed
1887 3327 2022 3383 certi
2051 3368 2067 3395 ,

472 3416 621 3486 quod
648 3416 715 3471 ad
744 3416 971 3484 fratres,
989 3418 1033 3450 ³⁷
1052 3432 1151 3487 pro
1168 3415 1368 3472 Christi
1389 3416 1757 3485 confessione,
1789 3419 2066 3491 fugerunt.

475 3507 889 3570 Valentinianus
917 3511 1184 3579 Saxones,
1217 3519 1436 3582 gentem
1464 3511 1521 3569 in
1550 3512 1751 3570 Oceani
1786 3515 2064 3570 littoribus

2173 1930 2463 1987 obedircnt
2494 1928 2760 2000 receptis,
2815 1926 3046 1995 blande,
3080 1927 3125 1959 ⁸⁷
3152 1936 3440 1982 mansuete
3462 1966 3479 1993 ,
3514 1924 3781 1980 innocen-

2174 2033 2366 2096 terque
2391 2022 2579 2078 vivant
2604 2063 2620 2090 ,
2666 2036 2778 2078 non
2809 2019 2969 2092 quasi
2989 2034 3114 2076 cum
3142 2018 3412 2091 subjectis
3437 2016 3614 2075 Gallis
3633 2060 3653 2086 ,
3682 2016 3781 2073 sed

2169 2130 2299 2173 vere
2325 2130 2447 2171 cum
2479 2114 2744 2171 fratribus
2770 2112 3122 2169 Christianis.
3147 2113 3305 2169 Anno
3334 2120 3518 2167 autem
3551 2109 3784 2166 undeci-

2171 2222 2262 2264 mo
2291 2206 2503 2277 imperii
2531 2207 2637 2276 sui,
2665 2205 3105 2274 Valentinianus,
3133 2220 3257 2261 cum
3285 2206 3333 2237 ’³
3357 2204 3627 2262 Sarmata:
3650 2218 3773 2260 sese

2173 2316 2270 2373 per
2300 2300 2609 2357 Pannonias
2634 2298 2981 2355 diﬁ‘udissent
3002 2339 3021 2367 ,
3072 2313 3275 2370 easque
3301 2306 3586 2353 vastarent
3613 2338 3631 2364 ,
3666 2295 3782 2352 bel—

2170 2393 2281 2449 lum
2311 2394 2365 2449 in
2387 2408 2483 2450 eos
2509 2407 2732 2464 parans,
2747 2394 2793 2426 ’θ
2810 2391 2953 2463 apud
2982 2391 3332 2462 Brigitionem
3360 2390 3624 2461 Oppidum
3653 2389 3781 2444 sub-

2171 2486 2245 2543 ita
2296 2485 2560 2541 effusione
2607 2484 2923 2555 sanguinis,
2975 2482 3022 2515 ³⁰
3063 2482 3208 2555 quod
3254 2482 3447 2539 Graece
3494 2479 3784 2552 apoplexis

2171 2586 2424 2646 vocatur,
2447 2577 2747 2635 suffocatus
2768 2587 2827 2634 et
2848 2585 3098 2633 mortuus
3127 2585 3234 2633 est.
3271 2576 3401 2632 Post
3436 2589 3599 2645 quem
3636 2573 3783 2631 Gra-

2173 2673 2395 2741 tianus,
2440 2671 2482 2705 ³³
2515 2670 2660 2728 ﬁlius
2686 2671 2839 2742 ejus.
2881 2668 3199 2728 Occidentis
3241 2667 3528 2740 imperium
3577 2665 3780 2724 tenuit.

2171 2766 2401 2824 Valente
2430 2773 2626 2837 patruo
2670 2766 2726 2821 in
2755 2764 2998 2822 Orientis
3028 2762 3274 2834 partibus
3302 2762 3636 2829 constituto,
3672 2760 3782 2817 Va-

2174 2859 2535 2917 lentinianum
2559 2859 2605 2892 ⁸·
2640 2859 2833 2927 etiam,
2857 2856 3089 2914 fratrem
3117 2870 3309 2926 suum,
3344 2869 3572 2929 parvum
3591 2852 3782 2911 admo-

2174 2954 2326 3023 dum,
2352 2955 2560 3013 socium
2587 2954 2797 3012 creavit
2824 2952 3065 3026 imperii.

2713 3067 2944 3128 CAPUT
2982 3068 3230 3126 XXXIII.

2187 3162 2379 3221 Valens
2421 3164 2733 3234 imperator,
2776 3161 3034 3234 quomodo
3079 3161 3405 3234 Christianos
3432 3162 3692 3234 punierit,
3730 3170 3782 3217 et

2320 3250 2438 3307 qua:
2461 3233 2597 3291 bella
2621 3233 2873 3306 gesserit,
2909 3239 3073 3305 deque
3110 3233 3349 3288 Gratiani
3391 3233 3632 3305 imperio.

2250 3330 2407 3384 Anno
2434 3328 2501 3383 ab
2529 3326 2676 3385 Urbe
2721 3326 2936 3382 condita
2999 3341 3289 3396 ucxxvm,
3337 3324 3570 3392 Valens,
3600 3340 3780 3382 nonus

2177 3430 2235 3478 et
2290 3419 2646 3492 trigesimus.
2698 3418 2989 3489 imperium
3036 3427 3274 3489 quatuor
3317 3417 3475 3475 annis
3532 3417 3780 3473 Valenti-

2172 3515 2337 3571 niano
2385 3522 2602 3571 mortuo
2651 3514 2862 3583 tenuit,
2896 3513 2913 3546 ⁸
2943 3511 3031 3569 cui
3075 3512 3226 3583 soli,
3270 3527 3394 3570 cum
3440 3513 3606 3584 impie
3646 3528 3779 3585 age-

1763 3607 2214 3667 HAVERCAMPI
2243 3608 2479 3667 NOTAE.

545 3700 600 3755 2.
644 3698 714 3756 Et
740 3700 831 3756 sub
859 3700 1107 3775 Juliana1
1142 3700 1589 3773 COnjunctionem
1614 3712 1661 3755 et
1684 3701 1871 3757 delent
1889 3700 2062 3775 Lugd.

476 3771 598 3828 Bat.
631 3787 717 3843 pr.
753 3787 877 3829 cum
903 3772 1044 3830 Coll.
1071 3771 1315 3830 Gronov.

548 3846 602 3899 5.
644 3844 897 3915 Augusto.
933 3844 1110 3901 ‘Abest
1140 3862 1169 3900 a
1203 3843 1379 3915 Lugd.
1410 3843 1530 3915 Bat.
1558 3857 1670 3899 sec.
1700 3851 1754 3899 et
1782 3844 1963 3902 tertio.

547 3917 603 3971 ι.
648 3914 919 3971 Fidetiter.
961 3918 1129 3973 Abest
1152 3932 1182 3971 a
1208 3914 1380 3981 Lugd.
1414 3914 1533 3970 Bat.
1567 3929 1681 3970 sec.

550 3986 603 4059 5.
644 3984 715 4059 Et
747 3988 1003 4059 graviora.
1049 3987 1222 4057 Lugd.
1264 3988 1381 4042 Bait.
1414 3997 1541 4044 tert.
1588 3993 1645 4041 et
1690 3996 1906 4058 quart.,
1949 4002 2073 4044 cum

478 4056 620 4133 Coll.
651 4056 912 4133 Gron_ov.,
944 4056 1207 4133 graviora:

552 4129 607 4185 6.
650 4129 1115 4204 Etfrocopiunt.
1177 4130 1237 4186 In
1286 4130 1569 4204 omnibus,
1618 4144 1756 4199 quos
1805 4131 2076 4201 consului,

481 4217 615 4258 mss.
641 4200 988 4258 desideratur
1013 4211 1083 4268 et,
1110 4211 1170 4257 ut
1198 4216 1252 4257 et
1284 4202 1335 4256 in
1367 4203 1502 4258 edit.
1529 4200 1764 4270 August.

554 4274 609 4327 7.
652 4272 758 4329 Per
783 4283 946 4329 totum
968 4275 1160 4329 orbem.
1202 4273 1340 4330 Edd.
1366 4272 1635 4345 quaedam,
1668 4289 1758 4345 per
1781 4282 1948 4329 totum
1977 4284 2079 4331 ter-

482 4361 664 4400 rarum
693 4345 885 4400 orbem.

556 4417 611 4471 8.
654 4417 853 4474 Ariani.
896 4417 1141 4474 Florent.
1165 4430 1279 4472 sec.
1298 4452 1315 4476 .
1344 4415 1680 4473 Arianorum.

556 4489 612 4542 9.
658 4486 826 4542 Temit.
861 4488 1006 4543 Edit.
1043 4492 1206 4555 Aug.,
1236 4486 1449 4540 obtexit.

559 4561 666 4616 10;
693 4557 760 4613 In
784 4559 1079 4615 ulciscenda
1106 4558 1229 4629 ﬁde.
1267 4557 1449 4627 Lugd;
1474 4556 1617 4629 Batt.
1653 4567 1763 4611 tres
1788 4572 1911 4613 eum
1933 4557 2075 4615 Coll.

486 4629 727 4687 Gronov.
761 4630 989 4702 legunt,
1035 4631 1090 4685 in
1108 4627 1469 4684 ulciscendam
1516 4627 1673 4698 ﬁdem
1702 4628 1878 4699 ﬁdelis
1916 4630 2078 4702 impe-

482 4711 649 4758 ratar.

561 4777 653 4830 11.
693 4772 969 4829 Exercere.
1000 4771 1102 4828 Ed.
1138 4772 1308 4842 prima
1330 4811 1344 4837 ,
1376 4787 1627 4827 exserere.
1660 4770 2081 4829 Confunduntur

488 4862 635 4931 saepe
663 4846 782 4903 haec
811 4846 973 4902 verba
1004 4858 1128 4901 cum
1167 4843 1311 4916 apud
1351 4842 1510 4915 alios,
1541 4855 1650 4899 tum
1691 4853 1745 4901 ct
1771 4845 1912 4916 apud
1944 4844 2080 4901 Oro-

484 4934 649 4975 Slum.

559 4990 649 5046 12.
692 4988 927 5058 Imperii.
959 4986 1096 5045 Cod.
1127 4986 1409 5054 Perizon.,
1440 4986 1835 5058 imperatorum.

555 5064 644 5118 15.
684 5056 1062 5116 Barbarorum.
1110 5058 1402 5127 Perizon.,
1448 5056 1906 5130 Christianorum;
1945 5058 2076 5117 Flo-

402 5126 413 5151 ‘
487 5144 631 5190 rent.
661 5140 810 5193 tert..
845 5132 1110 5187 barbaros.

559 5207 648 5259 Ui.
688 5204 756 5260 In
790 5203 1082 5259 Romanum
1109 5203 1300 5259 solum.
1354 5201 1635 5268 Perizou.,
1679 5201 1749 5257 ad
1780 5200 2075 5258 Romanum

479 5277 671 5333 solum.

555 5350 642 5404 15.
686 5346 811 5403 Non
840 5348 1062 5421 trepidi.
1111 5345 1282 5421 Lugd.
1330 5345 1471 5400 Bait.
1504 5354 1736 5416 quatuor
1771 5360 1893 5401 eum
1929 5343 2070 5402 Coll.

477 5419 721 5477 Gronov.
755 5430 807 5476 et
839 5418 976 5475 Ultr.
1000 5420 1279 5488 intrepide.

549 5491 639 5547 16.
691 5489 1075 5562 γειιιιςγιίςιῙΟιυ
1096 5486 1221 5562 pars
1252 5486 1571 5562 earumdem
1604 5503 1738 5545 mss.
1764 5488 1901 5559 vagi.

547 5564 639 5620 17.
680 5561 793 5633 Pro
820 5559 1034 5618 Christi.
1064 5559 1142 5618 Ed
1177 5565 1314 5633 Aug.
1348 5559 1591 5628 proximi.

545 5633 637 5707 18.
675 5632 880 5707 magna
906 5631 1410 5707 mole.rLugd.‘Bat.
1446 5645 1557 5701 pr.,
1590 5647 1832 5703 magnam
1858 5631 2006 5707 olim.

543 5705 634 5762 19.
667 5702 1003 5760 Meditantes.
1030 5704 1123 5761 Sic
1143 5702 1328 5760 ainant
1349 5717 1479 5758 mss.
1506 5716 1699 5756 omnes
1725 5711 1783 5756 nt
1803 5702 1871 5756 ad
1894 5704 2068 5757 Saxo-

471 5792 571 5858 nes
598 5775 890 5900 rfferatulr,
922 5791 1031 5833 non
1061 5776 1421 5843 meditantem,
1454 5782 1513 5830 ut
1542 5773 1608 5830 ad
1636 5783 1878 5845 gentem,
1908 5782 2072 5843 prout

474 5861 532 5900 tn
557 5861 621 5900 vu
647 5861 735 5900 ea.
765 5861 825 5900 es
854 5884 867 5900 .

474 5855 532 5903 in
557 5855 735 5918 vulgg.
765 5855 867 5905 est.

1217 5915 1244 5924 ..-

2245 3701 2339 3776 20.
2383 3702 2662 3776 Octoginta
2681 3702 2873 3776 millia.
2905 3700 3187 3776 Duplicem
3237 3700 3528 3776 lectionem
3571 3699 3780 3776 invenit

2183 3774 2273 3832 ed.
2305 3772 2559 3844 August;
2592 3772 2907 3828 additeuim
2939 3774 3164 3844 insuper
3198 3773 3526 3844 septuaginta
3548 3773 3737 3827 millia.

2255 3848 2348 3901 21.
2391 3844 2579 3901 Rheni.
2605 3844 2846 3901 Flureut.
2879 3859 2993 3901 sec.
3026 3843 3297 3899 Rhodani.

2253 3917 2346 3972 22.
2388 3915 2629 3972 Censoris.
2682 3916 2958 3985 Addited.
2995 3931 3049 3986 p.
3076 3931 3197 3970 cum
3229 3914 3472 3970 Parisina
3511 3923 3569 3972 et
3599 3915 3777 3971 Vene-

2187 3990 2290 4056 tis,
2320 3988 2578 4072 .Attgttsts',
2610 3988 2753 4060 quod
2788 4002 2893 4044 non
2921 3988 3122 4044 danmo
3147 4031 3162 4057 ,
3207 3987 3306 4042 sed
3350 3998 3531 4043 tamen
3559 3987 3616 4042 in
3641 4002 3773 4042 mss.

2184 4075 2294 4118 non
2320 4077 2526 4116 NIVOIII.

2255 4134 2347 4188 25.
2391 4130 2457 4187 In
2476 4148 2717 4204 magnam
2741 4129 2998 4185 coaluisse
3017 4138 3237 4204 gentem.
3259 4129 3426 4204 Quasi
3452 4129 3569 4204 iure
3593 4128 3775 4204 cohae-

2183 4218 2306 4260 rere
2337 4218 2445 4259 non
2479 4201 2699 4272 possent
2723 4218 2846 4258 cum
2875 4201 3257 4268 sequentibus,
3302 4201 3408 4256 nisi
3434 4201 3616 4270 aliquo
3649 4201 3774 4255 tibi-

2182 4276 2304 4330 cine
2330 4275 2686 4343 fulcirentur,
2735 4273 2790 4329 in
2817 4274 3070 4329 omnibus
3097 4272 3463 4337 editiOnibus,
3503 4272 3618 4327 sola
3661 4273 3767 4326 Au-

2182 4357 2405 4414 gustana
2459 4357 2719 4418 excepta.
2766 4355 2958 4400 contra
3008 4358 3198 4400 omnes
3250 4359 3382 4400 mss.
3432 4343 3773 4418 intruseruut

2182 4418 2331 4473 aiunt
2355 4459 2372 4486 ,
2404 4414 2629 4475 edentes
2656 4419 2803 4472 aiunt
2841 4418 2894 4472 in
2925 4432 3195 4487 magnam,
3227 4426 3331 4471 etc.
3359 4458 3376 4480 ,
3411 4430 3538 4470 cunt
3567 4414 3774 4483 depen-

2106 4502 2160 4563 ι)
2184 4490 2345 4563 deant
2374 4490 2442 4563 ab
2472 4490 2599 4563 illis,
2634 4489 2822 4563 Galliae
2848 4490 3098 4563 hodieque
3127 4496 3275 4563 testes
3280 4495 3443 4563 _sunt.

2257 4561 2347 4616 24.
2395 4560 2531 4629 Quia
2559 4561 2759 4626 crebra,
2788 4570 2894 4615 etc.
2923 4558 3052 4614 Mss.
3079 4558 3248 4628 Lugd.
3280 4558 3420 4613 Batt.
3440 4572 3632 4613 omnes
3647 4572 3773 4612 cum

2184 4631 2441 4689 Pcrizon.
2469 4640 2525 4688 et
2546 4633 2687 4688 Coll.
2717 4631 2889 4703 Lugd.
2923 4630 3294 4703 Batt.rcrebro,
3327 4643 3627 4703 eorumque
3655 4630 3774 4698 plu-

2183 4718 2272 4759 res
2304 4720 2427 4758 mox
2456 4700 2926 4770 constituuntfsetl
2962 4702 3356 4773 lectiogvulgata
3389 4700 3556 4769 proba
3590 4709 3697 4755 est.

2255 4775 2347 4831 25.
2389 4774 2595 4829 Galliae.
2625 4776 2762 4831 Cod.
2795 4775 3068 4838 Pcrizon.,
3102 4772 3266 4830 Galli.

2252 4846 2343 4902 26.
2387 4846 2687 4902 Christiani.
2721 4846 2890 4903 Abest
2919 4846 3021 4900 hoc
3049 4860 3078 4898 a
3108 4844 3232 4901 cod.
3269 4843 3515 4899 l’erizon.

2252 4919 2345 4974 9.7.
2389 4916 2684 4986 Mansuete,
2714 4920 3129 4985 innocenterqne.
3179 4915 3418 4972 Floreat.
3447 4928 3584 4981 sec.,
3615 4930 3770 4969 man-

2179 4998 2317 5072 suete
2348 4990 2776 5072 innocentesque;
2803 4988 2976 5060 Lttgd.
3019 4987 3136 5043 Bal.
3172 5004 3254 5059 pr.
3279 5032 3294 5059 ,
3325 4994 3694 5057 ntansneteque
3723 4994 3772 5040 et

2177 5062 2477 5116 innocenter
2513 5062 2701 5116 vivunt.

2249 5133 2341 5189 28.
2384 5132 2667 5189 Sarmatae.
2690 5130 2825 5188 Edd.
2845 5128 3093 5201 qumdam
3116 5139 3278 5195 vett.,
3300 5130 3560 5201 Sarmata:
3573 5135 3776 5201 gemes.

2248 5204 2339 5260 29.
2382 5204 2537 5272 Apud
2552 5196 2911 5275 Brigitionem.
2934 5202 3254 5275 Auunianus
3275 5196 3621 5275 Marcellinus
3641 5196 3779 5252 Bre-

2177 5270 2439 5345 gitionem
2460 5270 2744 5339 vocatfex
2777 5290 2885 5345 quo
2916 5276 3105 5345 mortis
3139 5271 3507 5329 Valentiniani
3535 5270 3777 5327 cireum-

2176 5344 2406 5402 stautias
2433 5354 2554 5415 pete
2579 5346 2675 5400 lib.
2708 5344 2833 5412 xxx,
2863 5360 2983 5414 cap.
3013 5344 3067 5400 5.

2249 5418 2338 5475 50.
2383 5418 2533 5484 Quod
2558 5416 2751 5484 Graece,
2772 5427 2878 5472 etc.
2906 5417 3035 5471 Mss.
3059 5415 3231 5485 Lugd.
3263 5415 3404 5471 Batt.
3425 5428 3618 5469 omnes
3640 5427 3771 5468 cum

2175 5488 2315 5546 Coll.
2345 5488 2615 5560 Gronov”
2644 5489 2780 5558 quod
2805 5487 2975 5560 Grtcci
3000 5488 3502 5560 apoptexisgvocant.

2246 5561 2337 5617 51.
2377 5559 2551 5631 filius
2581 5557 2712 5631 ejus.
2747 5559 2916 5631 Lugd.
2951 5557 3209 5631 Baitﬁpr.
3234 5557 3375 5629 [ilius
3403 5573 3553 5611 suus.

2174 5631 2336 5759 652.
2381 5625 2853 5687 En'nmCDelent'
2872 5630 3043 5702 Lugd.
3101 5625 3244 5685 Bat.'
3278 5639 3455 5702 quart.
3517 5635 3574 5684 et
3626 5625 3775 5682 Coll.

2227 5717 2413 5759 ronov.

2227 5717 2413 5759 l‘OllOV.

2244 5773 2377 5832 Car.
2406 5771 2648 5830 XXXIII.
2678 5804 2748 5814 —
2774 5773 2819 5830 l.
2848 5771 2946 5827 Cui
2964 5773 3086 5843 soli,
3109 5788 3250 5838 cum,
3274 5781 3383 5829 etc.
3416 5771 3601 5844 Lugd.
3624 5770 3770 5827 Batt.

2173 5854 2408 5919 quatuor
2448 5862 2573 5904 cum
2623 5844 2761 5907 Coll.
2796 5844 3038 5907 Gronov.
3067 5842 3123 5907 ct
3175 5843 3348 5919 Ultr.,
3397 5842 3623 5901 cui’soti
3652 5857 3777 5899 cum
