4060 6352
300 383 445 442 1145

1270 378 1743 441 IllSTORlARUM
1781 377 1985 438 LIBER
2024 377 2137 437 VII.
2176 378 2332 437 CAP.
2371 378 2611 438 XXXIII.

3454 381 3596 441 1146

298 504 409 562 ret,
441 504 501 552 et
530 494 799 567 potuisset
847 494 1177 552 erubescere
1198 541 1213 565 ,
1272 495 1419 552 illico
1460 496 1610 551 velut
1634 494 1898 551 ell‘renata
1925 494 1975 555 Α
2005 502 2117 549 tum
2143 492 2380 561 Christi,
2416 493 2457 526 ιτ
2491 492 2636 566 quod
2664 491 2979 564 quaesierat,
3013 503 3293 551 assecutus
3319 504 3403 552 est
3426 539 3439 561 ,
3475 502 3599 566 post

301 588 462 663 551
496 591 519 620 ²
548 587 815 645 libertatis
845 588 1069 645 audacia
1097 590 1272 661 legem
1302 588 1452 646 dedit
1481 606 1495 644 :
1529 597 1589 644 ut
1610 587 1897 654 monachi,

301 681 410 737 hoc
429 690 536 748 est,
561 680 884 753 Christiani,
916 681 1010 754 qui
1039 682 1106 738 ad
1138 698 1303 738 unum
1334 681 1457 737 ﬁdei
1489 696 1645 750 opus,
1672 679 1899 736 dimissa

300 772 652 831 saecularium
683 789 867 830 rerum
893 775 1207 831 multimoda
1231 774 1464 842 actione,
1496 772 1518 805 ³
1536 787 1595 828 se
1624 772 1897 844 redigunt,

302 871 371 925 ad
418 869 669 925 militiam
721 878 1066 941 cogerentur.
1097 868 1293 925 Vastas
1347 868 1469 924 illas
1504 876 1629 924 tunc
1678 866 1900 939 Egypti

300 960 656 1028 solitudines,
704 977 1009 1035 arenasque
1035 962 1294 1032 diﬁ‘usas,
1334 977 1471 1035 quas
1500 971 1725 1034 prepter
1754 962 1897 1017 sitim

302 1069 369 1109 ac
444 1055 797 1112 sterilitatem
876 1056 1507 1129 periculosissimumque
1582 1064 1901 1129 serpentum

224 1146 231 1149 ’
303 1146 700 1205 abundantiam
740 1150 1085 1206 conversatio
1117 1150 1349 1207 humana
1391 1166 1497 1206 non
1528 1158 1752 1220 nosset,
1787 1165 1902 1205 ma-

299 1257 408 1314 gna
451 1241 815 1299 habitantium
848 1247 1237 1300 monachorum
1270 1243 1561 1300 multitudo
1593 1243 1902 1315 compleve-

302 1343 409 1391 rat.
443 1340 467 1373 ι
505 1334 623 1391 [lue
650 1336 856 1393 tribuni
890 1346 946 1393 et
974 1337 1173 1394 milites
1213 1338 1388 1405 missi,
1415 1338 1508 1410 qui
1535 1345 1760 1394 sanctos
1789 1338 1812 1370 ⁵
1837 1351 1903 1394 ac

304 1442 467 1486 veros
492 1430 695 1486 milites
731 1431 825 1487 Dei
847 1431 869 1462 ⁸
901 1430 1013 1486 alio
1033 1432 1255 1488 nomine
1273 1431 1664 1502 persecutionis
1692 1432 1902 1488 abstra-

305 1522 523 1579 herent.
571 1523 592 1555 ⁷
622 1522 914 1579 Interfecta
951 1533 1082 1579 sunt
1121 1524 1191 1581 ibi
1230 1524 1443 1596 agmina
1477 1523 1646 1580 multa
1684 1531 1901 1579 sancto-

302 1629 446 1671 rum.
474 1614 607 1682 Qua:
632 1624 813 1671 autem
837 1631 933 1688 per
958 1616 1204 1673 diversas
1235 1616 1433 1688 ubique
1458 1616 1791 1688 provincias,
1818 1615 1901 1671 his

301 1704 684 1778 similibusque
707 1706 896 1778 jussis,
928 1706 1190 1764 adversus
1214 1707 1490 1763 Ecclesias
1502 1706 1825 1773 catholicas,
1848 1715 1902 1762 et

301 1807 471 1855 recta:
517 1799 644 1855 ﬁdei
690 1801 920 1872 populos
970 1811 1125 1873 gesta
1167 1802 1311 1870 sint,
1352 1802 1485 1857 satis
1534 1801 1896 1872 signiﬁcatum

2003 589 2296 660 gloriosam
2342 590 2523 645 sat-culi
2558 590 2743 654 vitam,
2793 589 2959 645 etiam
3008 589 3076 646 de
3123 591 3248 647 vita:
3294 591 3597 647 aeternitate

2004 694 2251 750 securus,
2294 681 2603 752 percussori
2629 681 2878 754 jugulum
2920 682 3062 738 ultro
3102 683 3352 755 prmbuit.
3386 682 3594 740 Gratia-

2004 789 2107 830 nus
2147 774 2354 830 iuterea
2404 775 2721 846 imperator,
2762 775 3054 833 admodum
3101 777 3353 847 juvenis,
3397 792 3520 834 cum
3554 780 3598 813 ⁸⁸

2003 867 2441 926 intestiutabilem
2471 868 2873 926 multitudinem
2902 870 3139 927 hostium
3170 872 3430 929 Romanis
3457 872 3599 929 infu-

2002 976 2118 1018 sam
2151 960 2349 1017 finibus
2387 970 2659 1030 cerneret,
2693 960 2869 1019 fretus
2911 961 3187 1022 CIIIIISTI
3226 966 3465 1035 potentia
3488 1006 3502 1031 ,
3552 967 3597 1003 ιθ

2003 1052 2164 1124 IOnge
2186 1053 2380 1124 impari
2406 1054 2636 1110 militum
2666 1071 2894 1111 numero
2923 1071 3045 1113 sese
3075 1057 3127 1112 iu
3176 1056 3389 1113 hostem
3420 1057 3594 1125 dedit,

2002 1151 2061 1201 et
2097 1145 2352 1201 continuo
2383 1146 2524 1215 apud
2558 1147 2953 1217 Argentariam,
2987 1148 3241 1219 oppidum
3268 1147 3590 1220 Galliarum,

2004 1237 2570 1295 formidoloaissitnum
2604 1239 2807 1295 bellum
2839 1240 3148 1298 incredibili
3181 1242 3437 1300 felicitate
3466 1256 3596 1298 cou—

2004 1327 2152 1385 Iecit.
2184 1328 2316 1385 Nam
2347 1329 2467 1403 plus
2499 1346 2658 1402 quam
2691 1332 2906 1404 triginta
2948 1332 3114 1389 millia
3134 1326 3590 1403 'Alamanuorum,

2002 1420 2231 1478 minimo
2256 1421 2624 1479 Romanorum
2661 1421 2995 1481 detrimento
3035 1424 3088 1480 in
3112 1440 3179 1481 eo
3211 1425 3396 1496 praelia
3425 1426 3597 1481 inter-

2003 1512 2140 1571 fecta
2179 1522 2487 1572 narrantur.
2518 1515 2702 1573 Tertio
2736 1516 2948 1574 decimo
2978 1530 3161 1575 autem
3191 1532 3334 1575 anno
3374 1517 3591 1590 imperii

2004 1606 2270 1675 Valentis,
2315 1608 2418 1665 hoc
2456 1618 2563 1677 est,
2590 1625 2761 1682 parvo
2802 1620 3048 1683 tempore
3086 1621 3269 1683 postea
3296 1627 3460 1683 quam
3491 1611 3598 1669 Va-

2003 1699 2122 1756 lens
2150 1715 2247 1772 per
2289 1710 2459 1757 totum
2487 1701 2767 1759 Orientem
2813 1703 3182 1760 Ecclesiarum
3213 1703 3596 1773 lacerationes,

2003 1784 2428 1865 sanctorumque
2457 1794 2637 1851 ctedes
2666 1803 2876 1865 egerat,
2925 1794 3077 1851 radix
3118 1795 3211 1852 illa
3252 1794 3595 1853 miseriarum

301 1891 419 1961 ipsa
449 1893 472 1925 ⁸
498 1891 766 1949 retieendi
797 1893 1066 1977 electione
1092 1893 1350 1952 sufﬁciat.
1386 1895 1595 1951 Interea
1627 1896 1680 1949 in
1702 1892 1900 1950 Africa:
1932 1886 1980 1947 B
2007 1899 2315 1944 nostrarum
2346 1888 2753 1959 copiosissimos
2783 1888 2946 1945 simul
2978 1888 3202 1945 frutices
3227 1889 3552 1960 germinavit
3581 1906 3595 1943 :

303 1985 553 2055 partibus
584 1990 605 2021 ο
632 1987 854 2044 Firmus
896 2003 1040 2059 sese,
1071 1989 1324 2046 excitatis
1366 1990 1677 2046 Maurorum
1725 1988 1899 2061 genti-

301 2078 443 2148 bus,
495 2095 681 2152 regem
729 2084 1101 2151 constituens,
1141 2083 1382 2140 Africam
1412 2083 1899 2155 Mauritaniamque

301 2175 557 2231 vastavit.
608 2173 917 2233 Caesaream
939 2218 957 2247 ,
988 2177 1179 2234 urbem
1212 2176 1612 2233 nobilissimam
1644 2176 1903 2232 Maurita-

300 2266 451 2333 niae,
492 2265 621 2324 dolo
673 2279 887 2340 captam
916 2313 931 2338 ,
987 2268 1184 2326 deinde
1234 2268 1475 2325 caedibus
1526 2267 1900 2338 incendiisque

300 2361 658 2433 completam,
685 2363 932 2420 barbaris
960 2364 1014 2420 in
1043 2364 1280 2435 praedam
1312 2363 1487 2420 dedit.
1519 2363 1684 2434 Igitur
1713 2377 1900 2419 comes

300 2453 664 2523 Theodosius,
714 2455 1036 2527 Theodosii,
1069 2458 1162 2530 qtti
1209 2465 1334 2528 post
1382 2455 1610 2525 imperio
1663 2455 1895 2527 pra-fuit,

304 2555 481 2618 pater,
512 2562 543 2603 a
573 2548 952 2606 Valentiniano
970 2550 1192 2617 missus,
1214 2547 1416 2605 etl‘osas
1434 2548 1742 2604 Maurorum
1767 2564 1900 2619 gen-

302 2649 386 2696 tes
413 2641 601 2698 multis
641 2642 845 2712 prmliis
874 2643 920 2675 ¹⁶
953 2642 1133 2713 fregit,
1168 2642 1210 2675 “
1238 2641 1416 2712 ipsum
1445 2642 1688 2697 Firmum
1730 2641 1901 2699 afllic-

301 2739 420 2787 tum
445 2740 501 2788 et
528 2748 851 2805 oppressum
877 2735 1057 2807 coegit
1097 2734 1163 2791 ad
1204 2744 1456 2791 mortem.
1495 2735 1627 2792 Post
1650 2751 1774 2793 cum
1799 2751 1898 2792 ex-

303 2826 708 2895 perietttissima
767 2828 1104 2899 providentia
1171 2835 1342 2884 totam
1396 2842 1518 2884 cum
1572 2828 1896 2884 Mauritania

303 2918 545 2977 Alricum
575 2921 619 2954 “
645 2922 927 2979 meliorem
951 2922 1195 2993 pristinis
1228 2922 1435 2992 legibus
1467 2921 1818 2990 reddidisset,
1855 2922 1900 2955 ¹³
1948 2944 1953 2951 ο

304 3010 685 3072 instimulaute
713 3015 757 3047 "
782 3023 840 3071 et
868 3016 1169 3086 obrepente
1202 3016 1366 3090 552
1392 3016 1618 3083 invidia,
1651 3017 1695 3049 ⁸⁸
1713 3016 1900 3088 jussus

304 3104 560 3177 interﬁci,
584 3107 724 3180 apud
744 3107 1134 3180 Carthaginem
1163 3109 1430 3180 baptizari
1452 3109 1505 3165 in
1522 3110 1898 3167 remissionem

301 3211 651 3273 peccatorum
682 3204 729 3237 “
756 3207 1081 3277 praeoptavit
1124 3224 1136 3258 :
1167 3221 1230 3262 ac
1267 3217 1550 3278 postquam
1588 3222 1901 3265 sacramen-

2002 1981 2341 2053 siquidem”
2362 1997 2497 2055 gens
2524 1981 2867 2052 llunnorum,
2890 1982 2982 2039 diu
3008 1983 3299 2039 inaccessis
3322 1982 3366 2014 ²¹
3384 1981 3597 2038 seclusa

2003 2077 2278 2132 montibus
2302 2117 2317 2144 ,
2352 2075 2635 2145 repentina
2680 2076 2830 2133 rabie
2871 2076 3081 2147 percita
3102 2118 3118 2143 ,
3153 2076 3359 2133 exarsit
3405 2076 3460 2132 itt
3489 2076 3599 2132 Go-

2003 2168 2126 2224 thos
2156 2187 2168 2223 :
2194 2183 2397 2238 eosque
2422 2170 2469 2201 “
2493 2169 2727 2240 sparsim
2753 2168 3109 2226 conturbatos
3136 2172 3206 2229 ab
3233 2169 3471 2242 antiquis
3511 2184 3601 2227 se-

2003 2262 2163 2319 dibus
2208 2262 2432 2333 expulit.
2477 2260 2640 2319 Gethi
2682 2262 2910 2318 transito
2953 2261 3200 2318 Danubio
3240 2262 3534 2334 fugientes,
3565 2278 3597 2317 a

2005 2355 2234 2413 Valente
2286 2357 2406 2412 sine
2452 2356 2560 2412 ulla
2614 2354 2835 2412 lmderis
2889 2356 3146 2427 pactione
3198 2357 3477 2427 suscepti,
3532 2371 3601 2413 ne

2002 2466 2155 2508 arma
2221 2450 2473 2523 quidem,
2533 2464 2641 2522 quo
2708 2449 2880 2506 tutius
2943 2448 3191 2509 barbaris
3254 2449 3603 2521 crederetur,

2003 2545 2280 2602 tradidere
2337 2544 2617 2600 Romanis.
2677 2543 2885 2600 Deinde
2935 2550 3160 2615 propter
3198 2543 3598 2601 intolerabilem

2003 2638 2166 2713 553
2196 2638 2479 2693 avaritiam
2514 2636 2732 2692 Maximi
2759 2636 2939 2705 ducis,
2970 2635 3111 2692 fame
3136 2644 3193 2692 et
3216 2636 3437 2707 injuriis
3467 2636 3593 2692 ada-

2002 2733 2096 2799 cti,
2135 2732 2187 2788 in
2211 2746 2361 2787 arma
2394 2737 2701 2800 surgentes,
2734 2730 2882 2785 victo
2916 2728 3159 2785 valentis
3195 2734 3466 2799 exercitu,
3505 2744 3601 2800 per

2003 2828 2291 2885 Thraciam
2320 2839 2442 2883 sese
2465 2826 2783 2890 miscentes,
2811 2823 2970 2879 simul
2995 2822 3175 2879 omnia
3208 2822 3476 2889 caedibus,
3508 2822 3593 2878 in-

2002 2921 2241 2989 cendiis,
2283 2919 2598 2991 rapinisque
2642 2916 2945 2974 ftedaruut.
2993 2915 3193 2973 Valens
3235 2931 3491 2988 egressus
3529 2915 3599 2973 de

2004 3014 2291 3072 Antiochia
2320 3032 2332 3066 :
2367 3028 2488 3069 cunt
2518 3011 2709 3067 ultima
2740 3009 2978 3065 infelicis
3017 3009 3145 3066 belli
3176 3020 3324 3067 sorte
3353 3007 3599 3066 trahere-

2005 3121 2116 3177 tur,
2143 3125 2262 3166 sera
2291 3108 2497 3180 peccati
2524 3105 2746 3162 maximi
2773 3106 3093 3177 pmnitcutia
3120 3104 3454 3174 stimulatus,
3487 3103 3603 3175 epi-

2006 3221 2202 3279 seopos
2240 3204 2289 3238 "
2325 3212 2664 3275 Ctetcrosqtte
2709 3209 2928 3258 sanctos
2973 3200 3222 3257 revocari
3268 3200 3338 3259 de
3391 3198 3602 3257 exsiliis

1583 3364 2042 3424 IIAVERCAMPI
2079 3359 2314 3420 ΝΟΤΕ.

301 3484 457 3564 impie
480 3498 635 3556 agere
668 3484 918 3557 potuisset
943 3483 1293 3564 erubesceret,
1313 3498 1448 3564 qua:
1476 3482 1637 3564 lectio
1677 3499 1895 3564 quoque
1919 3483 1965 3547 C
1998 3482 2173 3564 eipcm
2206 3477 2500 3564 editionem
2542 3485 2607 3564 et
2634 3473 2941 3564 Parisinam
2958 3563 2961 3564 ν
2986 3473 3164 3564 secuti
3209 3474 3595 3564 haunit-rgias,

304 3558 357 3613 in
376 3556 628 3629 Floreat.
664 3571 773 3612 sec.
807 3566 912 3620 est,
934 3556 1027 3629 sed
1058 3556 1461 3629 abrasaultima
1492 3556 1673 3629 littera
1690 3556 1743 3629 in
1775 3573 1898 3629 ege-

302 3639 400 3682 ret.
434 3628 716 3698 Peritum,
762 3629 848 3698 qui
892 3628 1035 3681 solus
1077 3643 1194 3682 cum
1241 3627 1401 3697 impie
1449 3643 1610 3698 agens
1638 3625 1899 3683 debuisset

304 3699 618 3755 erubescere.
652 3696 828 3754 Sanus
858 3698 963 3753 erit
991 3699 1170 3765 locus,
1203 3699 1248 3753 si
1277 3739 1290 3756 .
1322 3696 1513 3753 deleto
1533 3706 1583 3753 et
1606 3743 1620 3765 ,
1651 3698 1857 3753 scribas
1878 3743 1893 3765 ,

303 3772 388 3826 cui
418 3770 518 3843 soli
563 3786 680 3824 cum
710 3770 1107 3843 impieageret.
1136 3770 1383 3843 potuisset
1431 3769 1749 3843 erubescere.
1793 3768 1899 3843 Vel

305 3843 408 3897 Soli
433 3841 716 3897 Valentino
746 3840 918 3908 fratri,
946 3840 1064 3897 viro
1093 3840 1147 3896 in
1182 3841 1287 3896 ﬁde
1316 3841 1623 3895 Christiana
1662 3841 1898 3896 maxime

305 3911 611 3971 orthodoxe
634 3956 650 3981 ,
695 3913 1023 3970 erubescere
1045 3921 1296 3983 potuerat
1320 3911 1519 3983 valens
1539 3953 1556 3983 ,
1587 3911 1672 3976 si,
1707 3925 1773 3966 eo
1815 3912 1897 3966 vi-

305 3996 488 4051 vente,
519 4002 547 4039 a
577 3985 812 4055 puritate
838 3984 962 4055 ﬁdei
988 3981 1333 4041 declinasset.
1367 3981 1649 4038 Facillime
1679 3996 1745 4037 ex
1775 3999 1898 4055 age-

307 4066 385 4112 ret
412 4054 597 4112 ultima
629 4055 837 4127 syllaba
856 4054 1141 4127 duplicata
1171 4056 1367 4127 factum
1398 4055 1496 4127 luit
1517 4063 1687 4127 ageret
1719 4063 1789 4127 et.

374 4129 431 4184 2.
463 4124 764 4182 Libertatis.
792 4124 1050 4197 Editﬁpr.
1087 4137 1141 4183 et
1181 4125 1507 4184 Parisiensis
1533 4124 1719 4197 legunt
1744 4124 1896 4182 liber.

302 4199 440 4256 Cod.
485 4199 730 4255 Floreat.
761 4213 896 4264 sec.,
931 4200 1092 4255 libera
1117 4199 1360 4253 audacia.

374 4273 429 4327 5.
460 4271 532 4328 Se
554 4270 814 4341 redigunt.
840 4269 980 4325 Edd.
1004 4270 1248 4342 qttazdam
1277 4278 1435 4342 γεω..
1464 4267 1788 4342 redegerunt.

372 4343 428 4398 1.
456 4341 580 4398 Huc
608 4337 803 4398 tribuni
831 4342 1000 4400 Abest
1024 4337 1127 4399 vox
1160 4342 1309 4413 prior
1332 4359 1359 4395 a
1392 4339 1565 4412 Lugd.
1590 4337 1711 4395 Bat.
1738 4337 1900 4395 tertio

305 4422 362 4470 et
389 4415 528 4471 Coll.
555 4414 792 4471 Gronov.

456 4486 701 4614 Αεὸεεςοι
722 4486 909 4543 milites
936 4485 1054 4543 Dei.
1088 4485 1189 4543 Ed.
1216 4485 1471 4557 August.,
1494 4498 1555 4536 ac
1582 4479 1899 4537 venerabiles

397 4578 411 4611 1
438 4574 492 4614 es
578 4575 643 4613 et.

301 4558 492 4614 milites
524 4557 643 4614 Dei.

373 4630 428 4684 6.
457 4631 574 4686 Alio
604 4631 830 4685 nomine.
861 4629 996 4687 Cod.
1032 4628 1278 4685 Perizou.
1298 4669 1313 4697 ,
1341 4628 1517 4685 alieno
1544 4625 1756 4682 nomine
1783 4641 1901 4697 per-

302 4704 583 4757 secutionis
601 4702 961 4758 abstralterent
984 4703 1047 4755 ab
1078 4701 1179 4756 Itis.
1212 4746 1225 4753 -

378 4775 432 4831 7.
490 4771 774 4845 Inter/ecta
835 4784 952 4829 sunt
1004 4771 1073 4827 ibi
1114 4773 1323 4845 agmina
1366 4772 1528 4845 multa
1578 4776 1894 4845 sanctorum.

301 4842 439 4900 Cutu
486 4846 602 4902 lucc
634 4841 891 4900 constans
939 4841 1178 4901 omnium
1215 4859 1343 4899 mss.
1373 4844 1445 4899 sit
1468 4841 1628 4897 lectio
1650 4884 1665 4910 ,
1696 4855 1763 4895 ne
1788 4856 1895 4896 uno

300 4916 521 4975 cuidem
543 4925 793 4985 excepto,
816 4919 1086 4975 temerarii
1110 4914 1491 4985 pronuntiandi
1511 4924 1637 4985 sunt
1657 4911 1895 4967 editores

303 4984 382 5059 illi
422 4989 601 5058 primi,
632 4984 724 5059 qui
754 5002 853 5046 suo
895 4984 1132 5058 periculo
1160 4997 1431 5059 mutarunt
1463 4984 1733 5059 interfecta
1773 4992 1893 5036 sunt

302 5058 359 5114 in
401 5055 797 5136 interfecerunt,
841 5055 982 5131 quod
1013 5075 1041 5113 a
1075 5059 1246 5136 prima
1284 5058 1508 5113 traduce
1545 5055 1674 5136 dein
1703 5069 1894 5136 omnes

310 5133 594 5198 occupavit
625 5131 912 5197 editiones,
942 5148 1046 5187 una
1074 5134 1377 5201 Augustaua
1404 5134 1657 5201 excepta,
1686 5140 1806 5197 qua:
1838 5131 1892 5179 in

307 5215 410 5272 tus.
439 5201 607 5272 ipsius
633 5201 958 5259 eshibendis
988 5199 1331 5268 lectionibus,
1362 5199 1572 5256 vitiosis
1602 5210 1817 5272 quoque
1838 5204 1896 5251 et

282 5269 617 5345 duplicatis,
647 5274 1077 5345 priestautissitui
1100 5273 1304 5330 codicis
1324 5272 1498 5345 viceni
1521 5269 1759 5345 supplet.

373 5338 428 5401 8.
456 5338 1233 5419 Retieendi.§uperscribitur,
1264 5343 1361 5402 sed
1393 5342 1562 5399 invito
1587 5338 1807 5409 Oresio,
1837 5338 1892 5394 in

302 5412 546 5473 Floreat.
579 5432 712 5481 sec.,
747 5412 907 5473 Forte
932 5417 1161 5472 dicendi.
1220 5412 1223 5413 ν
1349 5454 1359 5463 ο

371 5488 435 5561 9.
455 5486 690 5561 Firmus.
716 5489 853 5561 God.
886 5488 1135 5545 Perizon.
1160 5533 1175 5558 ,
1209 5485 1464 5561 Firmius.

376 5560 467 5615 l0.
498 5557 547 5631 ξ’
550 5561 697 5631 regit.
728 5559 973 5615 Florent.
1007 5557 1354 5631 sec.,;fregit,
1387 5557 1543 5630 fudit.

362 5631 468 5715 .il.
492 5624 676 5704 Ipstim
707 5631 963 5687 Firmum.
994 5624 1137 5689 Cod.
1156 5624 1406 5688 Perizou'.
1434 5671 1452 5699 ,
1490 5637 1537 5684 et
1573 5627 1745 5702 ipsum
1775 5624 1899 5681 Fir-

302 5719 484 5759 unane

376 5776 465 5829 12.
490 5774 761 5852 eliorem
787 5776 1022 5852 pristinis
1046 5775 1241 5852 legibus
1261 5772 1588 5852 reddidisset.
1610 5770 1745 5852 Illud
1769 5769 1897 5852 legi-

302 5846 395 5901 bus
419 5846 567 5903 nulla
597 5847 702 5902 nisi
733 5842 1002 5903 editorum
1031 5842 1355 5903 att'ctoritate
1382 5845 1607 5907 nititur;
1638 5842 1694 5897 iu.
1737 5842 1898 5896 nullis

303 5918 450 5980 enim
476 5932 637 5993 mss,
681 5929 738 5981 ut
767 5933 868 5981 nec
897 5921 954 5979 in
985 5918 1073 5981 ed.
1115 5918 1254 5990 Aug.
1292 5916 1583 5976 invenitur.
1615 5912 1720 5974 Sed
1749 5913 1898 5987 prin-

2005 3546 2285 3609 Fabricius
2309 3560 2361 3605 et
2401 3548 2487 3603 alii
2529 3561 2719 3602 secure
2756 3556 3096 3616 receperunt.
3126 3546 3279 3603 Latet
3329 3546 3493 3616 igitur
3517 3549 3601 3604 ul-

2004 3639 2101 3680 cus
2129 3664 2143 3684 ,
2176 3621 2427 3691 quamvis
2465 3618 2639 3686 primo
2679 3628 2900 3687 aspectu
2935 3633 3042 3691 non
3089 3626 3370 3691 appareat,
3402 3628 3458 3674 et
3480 3619 3601 3690 qui-

2003 3696 2127 3751 dem
2154 3689 2208 3749 in
2232 3707 2363 3747 voce
2392 3690 2647 3762 pristinis,
2690 3705 2808 3757 quae
2830 3704 2953 3762 cum
3004 3690 3062 3762 in,
3090 3705 3223 3745 mss.
3257 3689 3599 3762 (Meoueerte)

2002 3764 2350 3837 paucioribus
2375 3759 2578 3837 litteris
2600 3761 2988 3837 etcotttractis,
3020 3760 3101 3815 sic
3125 3759 3273 3837 pitis,
3301 3759 3593 3837 scribatur,

2002 3830 2150 3891 aliud
2181 3850 2342 3906 quam
2371 3832 2605 3906 pristinis
2634 3830 2851 3906 videtur
2871 3831 3594 3906 in_nucre._Forte_partibus,

2003 3907 2092 3962 vel
2115 3901 2468 3978 principibus,
2510 3901 3090 3978 Valentia_no_scilicet,
3122 3901 3347 3978 Valetiti'
3372 3914 3423 3958 et
3447 3901 3596 3978 Gra-

2003 3971 2170 4035 tiano.
2204 3971 2311 4033 Pro
2340 3976 2602 4030 meliorem
2641 3974 2788 4031 Coll.
2816 3971 3059 4031 Gronov.
3098 3973 3319 4030 exhibet
3354 3974 3598 4030 meliora-

2002 4059 2129 4106 lam.
2182 4072 2185 4079 ·

2075 4122 2164 4178 13.
2199 4119 2583 4175 Instimulante.
2613 4116 2788 4188 Lugd.
2816 4116 3100 4188 Bat.rtres,
3131 4131 3257 4172 cum
3283 4114 3423 4172 Coll.
3457 4115 3596 4173 Gro-

2002 4208 2129 4248 nov.
2162 4202 2215 4249 et
2246 4192 2369 4247 cod.
2396 4189 2557 4251 Ultr..
2586 4186 2905 4246 stimulante.
2934 4186 3041 4243 Sed
3072 4188 3393 4243 instimulare
3414 4188 3592 4244 Orosii

2002 4275 2086 4319 est
2106 4263 2352 4320 verbum.
2396 4261 2569 4332 Supra
2611 4275 2733 4331 cap.
2768 4260 2820 4327 ti,
2865 4260 2921 4314 in
2950 4260 3144 4314 cwdem
3178 4260 3596 4333 conspiratorum

2007 4335 2442 4391 instimularetur.

2075 4407 2162 4464 14.
2190 4405 2255 4461 Ει
2276 4405 2550 4476 obrepente
2570 4402 2787 4476 invidia.
2818 4401 2987 4475 Lttdg.
3011 4402 3128 4476 Bal.
3155 4410 3307 4472 tert.,
3334 4402 3587 4460 Perizon.

2002 4488 2060 4535 et
2090 4479 2230 4534 Coll.
2263 4473 2528 4543 Gronov.,
2563 4486 2610 4529 et
2641 4473 2882 4529 hortante
2914 4473 3128 4529 invidia.

2076 4552 2165 4606 15.
2219 4548 2412 4605 Jussus
2453 4547 2696 4616 interﬁci.
2746 4546 3189 4617 Superscrihitur
3236 4545 3290 4600 in
3345 4544 3590 4603 Floreut.

2003 4636 2140 4691 sec.,
2175 4622 2236 4677 ab
2276 4620 2511 4676 Valente.
2546 4623 2805 4691 Aunuut,
2842 4632 2950 4688 quo
2984 4618 3389 4691 Itafe_i_mmerita
3419 4618 3462 4672 Τ
3467 4618 3596 4675 heo-

2007 4688 2146 4749 desii
2175 4693 2353 4749 caedes
2379 4691 2630 4759 contigit,
2654 4688 3053 4761 exllicronymi
3078 4688 3354 4761 Chronico
3383 4693 3594 4746 notavit

2003 4764 2253 4821 Valesius
2293 4763 2359 4818 ad
2384 4761 2659 4818 Ammian.
2689 4759 3058 4817 Marcellinum
3087 4759 3183 4816 lib.
3211 4775 3360 4829 ιλιι,
3384 4775 3505 4832 cap.
3537 4762 3592 4828 ii,

2088 4837 2214 4893 628.

1923 4876 1978 4938 Β
2002 4851 2056 4908 Ρ.
2078 4851 2752 4986 Γέδῇνανοριαιξξικιυεᾲ.
2797 4902 2916 4986 Bat.
2957 4911 3107 4968 tert.,
3140 4916 3261 4957 cum
3289 4901 3428 4986 Gell.
3456 4903 3594 4960 Gro-

1999 4994 2152 5047 nov.,
2179 4977 2526 5050 preoperavit,
2550 4976 2686 5050 forte
2713 4974 2998 5046 legendum
3029 4975 3344 5046 preparavit.

2074 5043 2370 5126 UXQuod.
2416 5047 2586 5117 Lugd.
2620 5043 2976 5117 Battfquart.
3008 5043 3180 5126 quem,
3214 5054 3270 5100 ιιι
3312 5043 3379 5100 ad
3430 5044 3591 5100 Chli-

1998 5129 2143 5178 stttm
2178 5122 2465 5177 referatur.

2074 5193 2160 5249 18.
2197 5188 2643 5247 Inwstimabilem.
2690 5188 2861 5257 Lugd.
2906 5187 3024 5243 Bat.
3067 5195 3218 5259 tert.,
3256 5184 3595 5244 Perizon.'ct

1998 5262 2136 5321 Coll.
2168 5262 2435 5321 Gronov..
2462 5260 2914 5316 innumerabilem.

2073 5335 2161 5392 19.
2198 5334 2373 5406 Longe
2410 5333 2598 5404 impari
2643 5332 2864 5387 militum
2895 5346 3129 5385 numero.
3175 5328 3310 5387 Edd.
3338 5331 3592 5403 quaedam

2002 5416 2161 5473 vett.,
2190 5407 2343 5476 longe
2370 5406 2563 5472 impar,
2589 5412 2696 5459 etc.

2072 5471 2167 5534 ⁴20.
2213 5471 2351 5534 (σ’ἐηι
2385 5475 2718 5531 Hunnorum.
2763 5473 2897 5537 Edd.
2939 5471 3188 5544 quasdam
3236 5480 3393 5544 vett.,
3435 5489 3595 5546 genus

2002 5548 2341 5606 Hunnorum.

2065 5565 2341 5605 ﬂnROTNHL

2073 5621 2136 5676 2i
2154 5663 2166 5676 .
2199 5621 2416 5677 Seclusa
2434 5618 2711 5675 montibus.
2734 5617 2835 5679 Ed.
2856 5616 3016 5686 Aug,
3039 5615 3224 5671 clausa
3244 5618 3522 5672 montibus.

2075 5691 2169 5749 22.
2200 5690 2441 5764 §parsim
2461 5690 2814 5746 conturbatos.
2851 5688 3099 5764 Perizon.
3128 5689 3354 5764 sparsim
3394 5697 3595 5758 pertur-

2006 5765 2170 5821 batos.
2198 5759 2445 5818 Florent.
2471 5776 2612 5827 sec.,
2641 5777 2822 5832 eosque
2843 5759 3425 5832 passitttkconturbatos.

2076 5835 2166 5892 Ξῖ).
2211 5833 2531 5905 therosque
2574 5829 3011 5905 sanctosLLugd.
3044 5830 3163 5905 Bst.
3196 5841 3327 5899 tres,
3351 5839 3589 5905 crateres-

2004 5924 2102 5979 que
2128 5901 2457 5966 sattctoram.
2479 5905 2606 5966 Mox
2627 5903 2774 5965 bellis
2800 5901 3023 5964 Venetae
3051 5901 3177 5964 edd.
3211 5915 3312 5978 pro
3339 5901 3553 5973 exsiliis.
