4076 6352
500 329 636 386 1147

1913 331 2114 392 PAULI
2154 332 2387 392 080$"

3655 329 3799 388 1148

497 447 810 516 imperavit.
843 448 1027 520 Itaque
1057 448 1268 505 decimo
1290 448 1480 520 quinto
1510 447 1724 517 imperii
1753 449 1835 504 sui
1863 463 2008 506 anno
2033 448 2080 482 ’⁷⁵
2108 458 2161 518 Α
2189 450 2286 505 hac
2314 449 2656 521 potissimum
2685 449 2926 505 Valentis
2948 448 3203 504 exstincti
3230 446 3555 518 probatione
3579 447 3797 508 fatean-

495 540 850 610 laerymabile
897 541 1026 596 illud
1082 541 1280 597 bellum
1324 542 1376 595 in
1415 540 1650 596 Thracia
1691 554 1814 596 cum
1865 540 2082 611 Gothis,

485 633 596 703 jam
631 644 756 690 tunc
785 635 1182 691 exercitatione
1214 636 1408 690 virium
1443 651 1735 707 rerumque
1757 636 2092 692 abundantia

493 725 952 793 illSll‘UCliSaillliS,
980 727 1169 798 gessit.
1198 728 1295 784 Ubi
1325 728 1503 799 primo
1533 729 1715 782 statim
1749 729 1954 799 impetu
1985 728 2093 785 Go-

499 821 714 874 thorum
770 820 1096 888 perturbata:
1152 820 1523 876 Romanorum
1579 822 1819 892 equitum
1873 829 2088 887 turmae,

497 913 640 968 nuda
676 914 914 985 peditum
947 913 1246 970 deseruere
1272 913 1559 985 praesidia.
1581 915 1701 970 Mox
1738 914 1978 985 legiones
2002 930 2094 984 pe-

497 1006 667 1062 ditum
701 1007 938 1078 undique
983 1009 1227 1076 equitatu
1261 1008 1494 1064 hostium
1543 1010 1762 1074 cincta),
1806 1008 1852 1039 ’⁵
1890 1023 1954 1062 ac
1985 1008 2093 1078 pri-

493 1118 638 1156 munt
687 1102 923 1157 nubibus
959 1101 1278 1172 sagittarum
1324 1103 1369 1133 ³⁵
1419 1103 1662 1170 οὺτιιιω,
1709 1102 1932 1169 deinde,
1965 1117 2089 1170 cum

491 1208 739 1253 amentes
768 1206 915 1252 metu
938 1197 1170 1266 sparsim
1203 1212 1299 1268 per
1329 1196 1483 1253 devia
1514 1206 1866 1267 cogerentur,
1900 1196 2084 1251 fundi-

494 1298 581 1344 tus
611 1304 787 1352 ca-sze.
819 1288 1017 1361 gladiis
1048 1288 1450 1360 insequentium
1481 1290 1765 1359 contisque
1791 1287 2089 1360 perierunt.

494 1383 615 1452 Ipse
639 1383 956 1452 imperator,
986 1398 1106 1438 cum
1141 1383 1336 1453 sagitta
1369 1384 1412 1414 ³⁷
1437 1381 1678 1451 saucius,
1710 1396 2012 1452 versusque
2038 1382 2090 1437 in

497 1477 705 1548 fugam,
732 1477 779 1508 ’⁸
800 1491 944 1548 aegre
967 1478 1020 1532 in
1047 1477 1330 1546 cujusdam
1353 1477 1551 1532 villulae
1575 1491 1756 1532 casam
1777 1477 2093 1546 deportatus
2147 1544 2156 1552 .

495 1571 711 1640 lateret,
734 1570 802 1625 ab
826 1571 1239 1642 insequentibus
1265 1570 1512 1625 hostibus
1539 1568 1934 1638 deprehensus,
1968 1569 2094 1624 sub-

494 1665 641 1736 jecto
673 1666 814 1736 igne,
847 1674 1204 1735 consumptus
1249 1676 1333 1720 est
1364 1682 1377 1717 :
1410 1674 1464 1720 et
1495 1680 1603 1734 quo
1633 1663 1805 1734 magis
1841 1663 2092 1719 testimo-

499 1763 646 1817 nium
679 1760 974 1831 punitionis
1005 1759 1126 1830 ejus
1147 1768 1202 1813 et
1228 1759 1422 1814 divina:
1453 1756 1839 1828 indignationis
1865 1759 1910 1792 ’θ
1939 1757 2094 1812 terri-

2197 554 2302 600 tur.
2332 543 2494 601 Gothi
2525 552 2685 598 antea
2719 559 2814 614 per
2843 544 3052 614 legatos
3085 543 3357 615 supplices
3386 552 3794 614 poposcerunt,

2196 648 2255 700 ut
2286 637 2390 693 illis
2422 637 2690 709 episcopi,
2723 653 2752 691 a
2789 636 2986 707 quibus
3025 635 3270 708 regulam
3308 633 3641 690 Christianae
3671 634 3800 692 fidei

2195 731 2495 793 discerent,
2545 729 2918 784 mitterentur.
2959 728 3159 784 Valens
3196 729 3493 799 imperator
3529 727 3799 784 exitiabili

2196 822 2241 855 ³⁸
2269 823 2535 893 pravitate
2578 823 2839 876 doctores
2881 821 3064 876 Ariani
3115 820 3390 892 dogmatis
3427 818 3595 874 misit.
3629 819 3798 874 Gothi

2193 914 2384 986 prima:
2427 914 2550 970 fidei
2584 913 2627 947 ³⁹
2666 913 3036 972 rudimentum
3077 913 3220 984 quod
3261 928 3560 983 accepere,
3605 924 3804 968 tenue«

2192 1017 2340 1074 runt.
2371 1008 2416 1038 ‘°
2443 1007 2632 1078 Itaque
2658 1008 2806 1079 justo
2845 1009 2939 1065 Dei
2968 1007 3178 1079 judicio
3207 1007 3308 1078 ipsi
3341 1024 3468 1064 eum
3499 1008 3676 1064 vivum
3713 1008 3802 1064 in-

2192 1101 2515 1169 cenderunt,
2547 1102 2639 1174 qui
2671 1111 2897 1174 propter
2933 1117 3058 1160 eum
3087 1103 3254 1159 etiam
3285 1103 3508 1170 mortui,
3542 1103 3673 1160 vitio
3699 1117 3798 1164 er-

2194 1195 2336 1252 roris
2365 1195 2542 1251 arsuri
2573 1206 2722 1251 sunt.

2740 1293 2970 1351 CAPUT
3017 1291 3261 1349 XXXIV.

2192 1387 2476 1444 Gratianus
2504 1389 3005 1460 imperatorquanta
3030 1387 3307 1460 prudentia
3337 1387 3616 1457 imperium
3647 1403 3804 1442 reae-

2262 1462 2352 1515 rit.
2401 1457 2962 1532 Tlteodiosiusrorienti
2992 1457 3041 1515 et
3073 1457 3309 1513 Thracia:
3339 1460 3554 1532 imperat
3579 1475 3598 1514 :
3627 1459 3794 1532 deque

2270 1532 2494 1587 Arcadio
2527 1541 2575 1586 et
2603 1531 2858 1586 Maximo.

2236 1671 2424 1740 ,Anno
2462 1670 2530 1726 ab
2564 1670 2706 1727 Urbe
2744 1669 2965 1726 condita
3009 1685 3257 1737 ucxxxn,
3299 1671 3618 1738 Gratianus,
3668 1685 3806 1742 qua-

2195 1765 2534 1834 dragesimus
2565 1763 2634 1820 ab
2666 1764 2932 1836 Augusto,
2979 1772 3103 1834 post
3133 1771 3368 1820 mortem
3413 1763 3656 1818 Valentis
3697 1778 3799 1818 sex

498 1855 594 1909 bili
625 1855 927 1923 “posteris
957 1861 1104 1909 esset
1128 1853 1399 1922 exemplo,
1433 1852 1594 1908 etiam
1621 1852 1898 1908 cummuni
1921 1851 2094 1908 caruit
2125 1847 2172 1907 B
2199 1859 2355 1913 annis
2402 1856 2687 1928 imperium
2738 1856 2944 1923 tenuit,
2986 1859 3240 1928 quamvis
3295 1856 3614 1928 jamdudum
3644 1867 3804 1916 antea

497 1948 798 2018 sepultura.
829 1945 1160 2004 Consoletur
1187 1960 1266 2014 se,
1289 1944 1387 2001 sed
1418 1945 1468 1998 in
1502 1946 1605 1999 hoc
1634 1945 1677 1976 ³¹
1702 1944 1823 1999 solo
1856 1946 2091 2015 pervica-

500 2041 580 2097 cia
616 2039 943 2110 tuiseriaque
978 2039 1293 2109 gentilium,
1325 2038 1450 2107 quia
1485 2035 1824 2106 temporibus
1847 2045 1904 2094 ει
1933 2037 1976 2066 ³’
2009 2051 2095 2092 re-

498 2134 654 2203 gibus
681 2130 1008 2187 Christianis
1035 2140 1198 2184 tanta:
1221 2129 1384 2184 simul
1407 2137 1680 2198 congesta:
1705 2127 1912 2199 clades,
1946 2143 2096 2199 pres-

499 2243 613 2282 sam
661 2225 981 2297 reipublicae
1019 2238 1320 2280 oneravere
1363 2223 1639 2279 cervicem
1675 2241 1686 2276 :
1721 2238 1928 2278 eversae
1967 2238 2096 2292 pro-

499 2319 735 2384 vinciae,
798 2317 1014 2371 deletus
1084 2317 1398 2380 exercitus,
1461 2316 1756 2385 imperator
1816 2317 2090 2372 incensus.

500 2413 748 2483 Magnum
778 2425 966 2466 revera
1001 2410 1104 2465 hoc
1133 2418 1217 2466 est
1242 2409 1310 2466 ad
1339 2419 1585 2464 nostrum
1619 2409 1865 2464 dolorem
1897 2409 2097 2480 magis-

501 2521 607 2576 que
636 2506 919 2566 miserum,
959 2517 1065 2572 quo
1101 2502 1273 2572 magis
1303 2516 1525 2557 novum.
1559 2501 1664 2558 Sed
1708 2501 1839 2574 quid
1881 2501 1985 2558 hoc
2026 2502 2093 2558 ad

496 2599 926 2654 consolationem
957 2595 1000 2626 ³³
1030 2595 1250 2666 prolicit
1303 2609 1658 2665 paganorum,
1701 2596 1790 2664 qui
1839 2595 2015 2662 palam
2049 2595 2095 2626 3"

498 2689 781 2759 pervident
797 2695 852 2744 et
873 2688 923 2742 in
949 2687 1034 2746 his
1062 2702 1273 2758 quoque
1298 2696 1704 2758 persecutorem
1724 2685 1889 2760 554Ι
1910 2685 2097 2746 Eccle-

498 2783 704 2838 siarum
736 2782 900 2838 fuisse
929 2781 1223 2854 punitum?
1249 2779 1401 2838 Unus
1431 2781 1570 2837 Deus
1604 2797 1763 2838 unatn
1799 2781 1958 2837 ﬁdem
1988 2794 2096 2838 tra-

495 2877 654 2941 didit,
680 2891 840 2931 nnam
875 2875 1170 2931 Ecelesiam
1202 2883 1317 2930 toto
1343 2875 1476 2930 urbe
1505 2875 1742 2940 diffudit,
1767 2874 1906 2931 hanc
1953 2875 2098 2950 aspi-

495 2969 591 3034 cit,
617 2967 760 3022 hanc
789 2967 834 2998 ³³
861 2967 1060 3037 diligit,
1111 2966 1248 3022 hanc
1301 2967 1567 3022 defendit.
1601 2967 1861 3034 Quolibet
1897 2969 1943 3000 '°
1972 2984 2095 3028 sese

497 3061 724 3131 quisque
757 3061 975 3115 nomine
1009 3069 1175 3128 tegat,
1208 3060 1253 3113 si
1279 3058 1403 3115 huic
1427 3076 1532 3116 non
1564 3062 1820 3130 sociatur,
1853 3061 2092 3120 alienus:

494 3153 538 3208 si
571 3152 708 3207 hanc
732 3151 1031 3222 impugnat,
1063 3150 1314 3206 inimicus
1344 3162 1449 3207 est.
1481 3150 1846 3215 Cousolentur
1870 3170 1931 3210 se
1962 3171 2093 3227 gett-

2195 1965 2317 2005 cum
2368 1960 2562 2020 patruo
2615 1949 2838 2006 Valente
2897 1960 2955 2007 et
3007 1965 3130 2006 cum
3182 1949 3571 2006 Valentiniano
3631 1947 3805 2005 fratre

2195 2043 2356 2118 555
2388 2051 2642 2114 regnaret
2675 2062 2687 2096 :
2735 2045 2824 2114 qui
2883 2061 3005 2100 cum
3056 2043 3320 2099 afﬂictum
3358 2057 3423 2098 ac
3453 2057 3592 2113 pene
3628 2042 3804 2102 colla-

2197 2158 2354 2213 psum
2386 2144 2703 2214 reipublicae
2743 2153 2947 2201 statum
2975 2145 3209 2209 videret,
3239 2144 3433 2202 eadem
3467 2143 3798 2213 provisione,

2195 2251 2298 2308 qua
2333 2236 2609 2305 quondam
2652 2237 2859 2307 legerat
2891 2238 3068 2295 Nerva
3113 2238 3407 2308 Ilispanum
3455 2236 3633 2292 virum
3668 2234 3805 2290 Tra-

2192 2331 2415 2402 jauum,
2470 2346 2567 2400 per
2616 2346 2778 2402 quem
2832 2331 3140 2400 respublica
3203 2338 3454 2402 reparata
3492 2337 3611 2394 est,
3670 2326 3805 2396 legit

2197 2437 2248 2480 et
2276 2426 2390 2492 ipse
2420 2424 2790 2488 Theodosium
2819 2441 2974 2495 teque
3005 2426 3302 2494 Ilispanum
3325 2424 3524 2490 virum,
3558 2432 3614 2477 et
3644 2419 3806 2476 resti-

2199 2516 2418 2572 tuendae
2448 2517 2764 2588 reipublicae
2794 2519 3121 2574 necessitate
3151 2517 3295 2587 apttd
3327 2516 3586 2572 Sirmium
3618 2519 3636 2551 ί
3669 2529 3803 2584 pur-

2200 2627 2329 2678 pura
2357 2609 2564 2677 intlnit,
2613 2611 2963 2682 Orientisque
2991 2621 3046 2668 et
3075 2610 3324 2668 Thraciae
3361 2609 3528 2666 simul
3556 2607 3805 2678 prtefecit

2199 2705 2462 2776 imperio:
2496 2706 2516 2736 ⁸
2548 2705 2602 2760 in
2634 2704 2737 2760 hoc
2764 2720 2897 2760 usus
2921 2703 3246 2775 perfectiora
3267 2703 3497 2772 judicio,
3525 2703 3651 2772 quia
3674 2714 3801 2760 cum

2197 2797 2254 2854 in
2283 2796 2540 2854 omnibus
2571 2797 2823 2853 humana:
2848 2796 2973 2852 vitae
2999 2795 3290 2853 virtutibus
3310 2794 3331 2826 ³
3353 2795 3458 2851 iste
3487 2808 3585 2863 par
3611 2791 3803 2857 fuerit,

2199 2889 2252 2944 in
2308 2889 2431 2948 fidei
2484 2899 2830 2946 sacramento
2880 2890 3270 2961 religionisque
3314 2889 3467 2944 cultu
3517 2887 3636 2942 sine
3691 2885 3802 2941 ulla

2197 2985 2614 3052 comparatione
2653 2984 2959 3053 praecessit.
2993 2981 3275 3052 Siquidem
3309 2980 3406 3036 ille
3446 2988 3798 3054 persecutor,

2197 3076 2288 3131 hic
2317 3083 2647 3146 propagator
2702 3075 2986 3131 Ecclesia).
3031 3075 3112 3131 Ita
3145 3074 3223 3130 illi
3253 3073 3274 3103 ⁸
3302 3087 3372 3128 ne
3401 3088 3537 3128 unus
3573 3070 3799 3142 quidem

2201 3169 2454 3241 proprius
2473 3167 2638 3236 (ilius,
2658 3183 2765 3238 quo
2782 3183 3098 3224 successore
3120 3167 3406 3238 gauderet,
3431 3164 3672 3220 indultus
3691 3171 3796 3248 est:

498 3245 640 3309 tiles,
674 3245 724 3297 in
759 3251 1019 3312 quantum
1067 3243 1275 3308 volunt,
1322 3242 1634 3298 Iudaeorum
1679 3246 2088 3302 lttcreticurnm-
2120 3235 2166 3298 C
2199 3235 2357 3328 ξιιιίιίε
2379 3270 2561 3317 autem
2587 3262 2607 3292 υ
2628 3235 2837 3316 Orienti
2867 3261 3024 3316 simul
3057 3235 3220 3330 wine
3245 3259 3526 3316 οεοίάεηιί
3555 3273 3652 3328 ρει-
3672 3240 3802 3311 sm}-

497 3350 600 3403 que
630 3331 914 3404 suppliciis
951 3352 961 3385 :
993 3343 1199 3387 tantum
1249 3344 1304 3386 et
1336 3349 1504 3388 unum
1550 3335 1717 3391 Deum
1763 3351 1910 3404 esse,
1953 3339 1995 3372 ⁸⁷
2035 3349 2093 3397 ει

496 3427 747 3484 eumdem
776 3426 1148 3499 {personarum
1179 3436 1526 3502 acceptorem
1557 3444 1666 3486 non
1712 3445 1860 3502 asse,
1905 3435 1987 3490 vel
2025 3449 2091 3492 ex

2198 3353 2390 3409 cidttas
2421 3369 2590 3424 usque
2616 3354 2682 3408 ad
2714 3369 2856 3428 nunc
2886 3353 3266 3424 generationes
3291 3351 3526 3422 gloriosa
3555 3361 3804 3419 prOpago

2199 3443 2538 3502 dominatur.
2568 3445 2590 3475 ⁸
2611 3444 2798 3516 Itaque
2829 3455 2884 3499 ut
2905 3442 3250 3500 Theodosius
3275 3441 3530 3500 afﬂictam
3560 3439 3803 3510 Rempu-

1783 3527 2235 3595 HAVERCAMPI
2277 3539 2507 3597 ΝΟΤιΕ.

569 3617 656 3694 24.
699 3617 1076 3694 Lacrymabile.
1108 3617 1904 3694 Berizon.,_vere‘lactymabile.

494 3693 535 3771 Ἀ
565 3689 656 3743 ‘25.
699 3689 770 3743 Ac
803 3692 1062 3771 prinum.
1113 3690 1248 3746 Tres
1285 3707 1363 3771 ex.
1391 3690 1565 3771 Lugd.
1597 3689 1718 3749 lla't.
1766 3711 1890 3751 cum
1941 3697 2087 3758 Coll.

495 3762 734 3834 Gronov.
757 3762 1030 3834 abjicqu
1059 3779 1142 3827 ac,
1175 3778 1283 3833 quo
1315 3762 1399 3818 hic
1436 3763 1565 3818 nihil
1601 3779 1738 3834 opus
1765 3778 1871 3823 est.

565 3831 656 3891 26.
701 3832 936 3887 Obrutw.
971 3831 1221 3889 Pertznu.
1241 3879 1256 3902 ,
1288 3834 1484 3888 obruta:
1512 3831 1655 3892 sunt.

565 3902 948 3980 27._Saurius.
980 3904 1115 3980 Tres
1147 3906 1314 3975 Lugd.
1357 3906 1499 3974 Bat.,
1553 3907 1826 3980 l’erizon.,
1860 3910 2005 3968 Ultr.
2036 3924 2093 3972 et

495 3976 638 4030 (Inll.
666 3975 906 4032 Gronov.
931 4018 946 4039 ,
969 3977 1254 4030 sauciatus.

566 4049 656 4121 ξε.
702 4045 888 4121 :Egrc.
910 4048 1085 4121 Lugd.
1115 4049 1236 4104 Bat.
1262 4059 1468 4118 quart.,
1498 4067 1655 4121 wger.

566 4063 656 4102 zu.
702 4063 888 4118 xngrc.
918 4063 1085 4173 Lugd.
1116 4063 1236 4104 nat.
1262 4063 1468 4118 quart.,
1498 4067 1655 4121 wger.

495 4119 655 4246 bu???
701 4116 958 4172 Terribili.
1039 4123 1234 4174 lorent.
1279 4134 1392 4174 sec.
1422 4137 1475 4176 et
1507 4126 1596 4177 ed.
1628 4128 1862 4197 August.
1889 4170 1904 4194 ,
1935 4131 2089 4184 terri-

531 4208 654 4245 "Md

566 4263 656 4318 50.
703 4261 1097 4340 Post_eris_esset
1145 4263 1712 4340 exemplo_._Perizon.,
1754 4268 1923 4340 Lugd.
1970 4271 2088 4328 But.

496 4345 622 4414 tert.
656 4345 710 4390 ει
734 4334 884 4414 _Cull.
931 4335 1208 4414 Grouuv_.,
1256 4334 1528 4414 easzitisset
1557 4341 1776 4414 posteris
1825 4334 2086 4414 Exemplo.

489 4406 1009 4531 Minusldepravata
1055 4409 1329 4476 scriptura
1371 4407 1519 4477 legas
1559 4406 1828 4466 exsisteret
1869 4406 2091 4486 posteris

497 4495 677 4531 exemp
705 4495 757 4531 ο.

497 4495 757 4532 επηιοιο.

568 4498 857 4630 ἕῗῗιέρζο.
903 4548 1043 4605 Coll.
1075 4548 1246 4630 (ξι-ορ.
1279 4548 1419 4630 scio,
1455 4551 1785 4620 supraducta
1825 4553 1965 4612 linea
1995 4573 2092 4630 pro

494 4623 705 4676 stt'culo.
742 4619 884 4675 Flor.
915 4633 1028 4676 sec.
1051 4662 1065 4683 ,
1097 4621 1150 4673 in
1185 4620 1283 4673 hoc
1309 4618 1443 4676 loco.

568 4691 657 4746 52.
701 4691 949 4764 Ilegibua.
983 4691 1155 4764 Lugd.
1186 4692 1326 4764 Bat.,
1370 4693 1584 4762 legibus.

568 4765 658 4820 ‘55.
712 4763 951 4835 Proﬁcit.
988 4763 1157 4832 Lugd.
1184 4763 1304 4835 Bat.
1337 4772 1488 4830 tert.,
1522 4767 1765 4835 profecit.

706 4833 1004 4934 l’ervident.
1041 4835 1182 4891 Coll.
1215 4833 1422 4905 Gron.,
1465 4833 1756 4908 provident.
1798 4839 2084 4916 Pcrizon.,
2122 4871 2167 4934 υ

496 4908 883 4978 parvt'pendent.
2071 4908 2081 4916 '

701 4978 902 5058 Qiligit.
930 4978 1101 5058 Lugd.
1131 4979 1249 5058 βίη.
1275 4985 1474 5058 temet
1491 4978 1629 5036 Coll.
1657 4982 1856 5051 Gron.,
1887 4987 2087 5058 dirigit.

561 5053 649 5135 ᾷϋ.
690 5051 820 5134 _Sese
856 5052 1088 5122 quisque.
1133 5050 1191 5105 In
1224 5051 1550 5121 quibusdam
1593 5069 1726 5111 mss.
1771 5050 2015 5124 δίειμί
2035 5075 2090 5114 se

495 5139 764 5250 qugﬁmlss‘t
788 5193 1046 5250 eumdem.
1075 5193 1246 5266 Lugd.
1280 5193 1396 5251 Bat.
1431 5205 1586 5268 tert.,
1617 5213 1738 5254 cum
1769 5196 1910 5255 Coll.
1945 5201 2088 5258 Gro-

491 5283 647 5333 nov.,
679 5277 727 5322 et
760 5283 942 5320 unum.

563 5341 652 5394 38.
705 5337 989 5392 Pravitate.
1024 5337 1164 5393 Edd.
1193 5339 1445 5409 quaedam
1491 5349 1651 5411 vett.,
1698 5344 1951 5412 pravitate
1996 5346 2086 5400 de-

491 5422 1092 5540 mggrlludimeutum.
1125 5482 1373 5538 Florent.
1406 5497 1544 5548 sec.,
1577 5484 1892 5540 rudimento.

556 5557 645 5610 40.
689 5551 1061 5677 Itatctejusto.
1103 5553 1442 5612 Antecedunt
1469 5555 1520 5608 in
1554 5555 1644 5610 ed.
1676 5557 1870 5626 prima,
1899 5558 1954 5614 in
1985 5558 2086 5622 Pa~

518 5627 583 5677 is.
618 5626 750 5677 etin
833 5627 1012 5677 enetis
1057 5625 1183 5677 edd.
1233 5627 1382 5677 haec.
1434 5624 1628 5677 Valens
1669 5628 1937 5677 catholica:
1967 5631 2088 5677 ﬁdei

486 5627 583 5682 ris.
618 5635 672 5681 et
699 5626 750 5678 in
789 5624 1012 5682 Venetis
1038 5625 1183 5700 edd.
1219 5627 1382 5700 haec,
1434 5624 1628 5700 Valens
1669 5624 1937 5684 catholica:
1963 5631 2090 5700 ﬁdei

486 5714 744 5772 normam,
779 5714 936 5767 quam
965 5699 1110 5772 prius
1140 5697 1413 5772 habuerat,
1435 5697 1816 5772 derelinquens,
1850 5697 2089 5772 peruerso

501 5769 816 5839 Arianorum
859 5767 973 5823 sese
1002 5771 1230 5839 dogmati
1270 5769 1454 5823 illexit.
1501 5767 1582 5824 Ad
1614 5767 1678 5822 ea
1725 5767 1861 5826 litec'
1883 5771 2090 5828 notavit

504 5837 726 5894 Lautius
762 5857 773 5888 :
810 5857 828 5891 ‹
863 5839 1026 5894 Miror
1066 5837 1119 5896 et
1155 5840 1416 5906 demiror,
1458 5840 1596 5908 hanc,
1637 5856 1756 5900 cum
1797 5845 2001 5915 optimc
2034 5844 2086 5901 in

2194 3632 2437 3691 Venetiis
2465 3648 2728 3704 expresso
2748 3633 2891 3690 libro
2923 3634 3286 3705 reperiantur,
3309 3631 3379 3687 ab
3397 3629 3654 3705 omnibus
3674 3629 3801 3705 aliis

2193 3709 2464 3762 exsulare.
2491 3725 2509 3758 ι
2540 3701 2744 3762 Verum
2767 3701 3230 3776 asserofetplane
3253 3718 3463 3768 assero,
3491 3704 3654 3757 verba
3681 3701 3801 3758 lucc

2196 3792 2302 3832 non
2343 3793 2468 3834 esse
2495 3776 2672 3832 Orosii
2695 3820 2710 3843 ,
2739 3778 2832 3833 sed
2880 3778 2934 3833 in
2967 3778 3233 3847 margine,
3258 3785 3530 3844 tamquam
3561 3784 3798 3847 Conten-

2196 3855 2309 3904 tum
2342 3850 2627 3916 uratinnis,
2655 3858 2816 3920 prout
2845 3849 3072 3919 plurima
3091 3846 3228 3903 talia
3255 3849 3311 3920 in
3337 3861 3473 3901 mss.
3496 3846 3673 3920 ansii
3705 3859 3802 3898 oe-

2200 3931 2430 3975 rurrunt
2455 3967 2469 3990 ,
2505 3918 2673 3977 fuisse
2696 3964 2711 3983 ,
2745 3918 2931 3976 verum
2982 3922 3184 3990 primos
3230 3918 3469 3990 editores
3499 3918 3550 3971 in
3585 3926 3798 3970 textum

2201 3988 2497 4059 recepisse.
2528 3991 2696 4046 ltnmo
2726 3993 2959 4058 allirtno,
2985 3988 3041 4045 in
3075 3989 3241 4046 nullis
3286 3988 3516 4044 inveniri
3550 4001 3715 4059 mss.,
3743 3998 3799 4041 ttt

2203 4077 2304 4117 nec
2334 4057 2390 4118 in
2418 4065 2504 4117 ed.
2537 4065 2792 4134 August.,
2825 4057 3073 4134 adt-eque
3111 4071 3259 4116 recte
3285 4077 3313 4114 a
3345 4059 3594 4134 Fabricio
3630 4057 3802 4114 fuisse

2203 4136 2508 4198 praeterita.
2561 4132 2721 4204 atque
2751 4153 2779 4188 a
2812 4133 3003 4191 Scutto
3047 4135 3098 4188 in
3138 4134 3224 4188 ed.
3274 4148 3369 4186 sua
3419 4132 3596 4186 minus
3641 4139 3800 4185 recte

2202 4205 2368 4259 fuisse
2397 4216 2636 4274 recepta.

2271 4275 2400 4332 CAP.
2432 4271 2762 4332 Χι’Χιν.-
2781 4277 2832 4332 I.
2871 4274 3116 4346 Purpura
3145 4274 3335 4346 induit.
3364 4273 3459 4346 Sic,
3487 4272 3624 4328 Coll.
3653 4271 3801 4329 Gro-

2200 4362 2327 4401 nov.
2361 4359 2415 4402 ct
2445 4350 2568 4404 cod.
2597 4347 2738 4404 Ultr.
2777 4345 3010 4413 melius,
3043 4362 3202 4418 quam
3232 4345 3346 4412 alti,
3377 4345 3466 4415 qui
3508 4360 3803 4418 purpuram

2199 4418 2383 4490 (prout
2412 4420 2570 4490 vulgu
2593 4419 2792 4489 editur)
2824 4421 3089 4474 scribunt.

2271 4491 2327 4546 2.
2362 4489 2424 4564 In
2457 4486 2554 4544 hoc
2592 4508 2715 4564 usus
2740 4486 3048 4564 perfectiore
3064 4488 3292 4564 judicio.
3324 4486 3424 4564 Sic_
3445 4487 3609 4564 iidem
3637 4503 3806 4552 mss.,

2197 4571 2360 4632 atque
2401 4562 2622 4632 insuper
2653 4559 2996 4633 Lugd.'Batt.
3029 4559 3140 4618 sec.
3176 4571 3226 4615 et
3259 4570 3382 4614 tert.
3409 4560 3464 4614 Ir.
3497 4559 3643 4629 vulg.
3674 4577 3806 4615 usus

2195 4633 2560 4689 desideratur.

2266 4705 2318 4760 5.
2357 4704 2464 4759 Iste
2493 4723 2588 4777 par
2618 4705 2793 4778 fuerit.
2837 4702 3506 4778 Perizon._Cnt|._mavult
3552 4703 3665 4778 ipse
3704 4719 3807 4778 par

2195 4779 2388 4848 fuerit;
2415 4773 2525 4831 tres
2555 4773 2723 4846 Lugd.
2755 4777 2891 4830 Ilatt.
2915 4791 3036 4829 cunt
3076 4774 3216 4848 Cull.
3238 4773 3519 4848 Grynem,
3542 4775 3654 4848 ipse
3684 4775 3803 4848 pri-

2194 4843 2306 4921 intts
2335 4843 2516 4921 fuerit.
2534 4843 2842 4921 Ego—malint
2875 4849 2974 4916 ipsi
2999 4863 3094 4921 par
3115 4846 3290 4921 fuerit.
3309 4843 3378 4921 In
3405 4847 3655 4921 omnibus
3684 4846 3802 4921 sci—_

2199 4914 2730 4989 licet'Trajano'par,
2765 4919 2816 4973 id
2843 4914 2923 4973 est
2955 4914 3150 4973 similis
3184 4917 3281 4971 luit
3308 4914 3678 4989 Theodosius,
3707 4915 3808 4971 sed

2201 4993 2394 5046 melior
2423 4988 2473 5045 et
2501 4988 2730 5058 felicior,
2756 4991 2899 5062 quod
2937 4990 3050 5045 veri
3086 4989 3175 5044 Dei
3220 4988 3531 5059 cognitione
3559 4989 3809 5043 imbutus

2198 5063 2384 5117 fuerit.

2267 5133 2321 5188 4.
2351 5133 2434 5188 Ne
2472 5151 2606 5189 unus
2644 5134 2852 5206 quidem
2889 5131 3141 5206 praprius
3162 5130 3324 5200 ﬁlius.
3349 5129 3406 5184 In
3451 5129 3540 5206 ed.
3575 5132 3808 5206 Attgust.

2195 5205 2540 5260 desideratur
2562 5201 2800 5273 quidem;
2825 5201 3002 5259 in'ms.
3031 5204 3304 5276 Perizon.,
3331 5201 3592 5276 proprius.
3622 5203 3809 5272 Ahjlci

2195 5287 2374 5333 autem
2407 5293 2513 5330 non
2547 5277 2744 5342 debet,
2772 5277 2894 5346 quia
2932 5273 3234 5330 Hadrianus
3255 5273 3511 5346 .ut'liliusA
3528 5274 3804 5343 ejusdem,

2196 5349 2248 5403 in
2268 5349 2640 5419 designatione
2659 5344 3312 5419 successionistamquam
3336 5359 3432 5419 per
3448 5344 3808 5419 adoptionem

2196 5414 2414 5474 habitus
2443 5418 2564 5485 fuit,
2588 5422 2680 5490 qui
2705 5419 2926 5490 Trajani
2955 5417 3079 5474 inde
3111 5431 3306 5472 numen
3337 5414 3452 5472 Suis
3482 5414 3808 5472 nominibus

2195 5491 2394 5561 passim
2428 5491 2703 5561 ascripsit.
3177 5513 3180 5518 ·

2267 5563 2319 5622 5.
2361 5562 2561 5617 Orienti
2582 5557 2746 5634 simul
2775 5567 2929 5634 atque
2958 5561 3251 5618 Occidenli.
3281 5560 3568 5634 Periz_nn.,_
3596 5557 3806 5634 Orienti

2194 5643 2242 5689 et
2298 5634 2626 5701 Occidenti;
2704 5629 2950 5690 Floreat.
3011 5649 3121 5688 sec.
3162 5675 3176 5696 ,
3235 5646 3356 5687 cunt
3416 5629 3591 5699 Lugd.
3653 5629 3804 5686 Batt.

2195 5714 2356 5770 tert.,
2401 5703 2541 5761 Ultr.
2584 5715 2641 5761 et
2667 5705 2805 5762 Coll.
2842 5706 3109 5766 Gronov.,
3147 5702 3374 5760 Orientis
3413 5702 3571 5756 simul
3611 5713 3662 5755 et
3697 5701 3808 5755 0c-

2194 5777 2434 5832 cidentis.

2269 5848 2322 5904 ϐ.
2357 5846 2544 5921 Itaque
2571 5857 2783 5917 ut,etc.
2820 5848 2874 5903 ln
2912 5845 3187 5917 Pcrizon.,
3219 5846 3389 5918 Lugd.
3425 5844 3566 5903 Batt.
3601 5857 3714 5901 sec.
3747 5853 3812 5901 et
