4076 6352
388 296 525 361 illi)

1340 298 1812 358 HISTORIARUM
1848 296 2054 367 LIBER
2097 297 2209 369 VII.
2246 299 2401 357 CAP.
2444 299 2664 358 XXXV.

3534 300 3680 361 “50

384 416 581 475 blicam
630 415 706 471 ira
756 416 849 472 Dei
908 415 1266 488 reparandam
1324 415 1552 475 credidit
1606 414 1975 481 tttiscricordia
2005 415 2413 489 Afratremque
2436 418 2558 489 eius
2588 413 3022 475 Valentinianum
3058 416 3356 488 Augustum
3400 416 3545 475 Italia
3576 433 3678 474 ex-

381 511 399 541 "
423 511 593 579 illius,
628 525 846 571 omnem
878 511 1130 567 fiduciam
1157 512 1244 567 sui
1274 510 1338 566 ad
1365 526 1522 585 opem
1554 510 1754 577 christi
1784 508 1973 567 confe-

382 619 534 670 rens,
566 605 831 661 maximas
863 604 986 663 illas
1008 602 1291 676 Scythicas
1319 613 1526 674 gentes,
1553 601 1977 673 formidatasque

380 696 595 755 cunctis
635 695 966 766 majoribus,
1001 696 1023 728 ⁸
1049 694 1362 753 Alexandro
1390 709 1605 767 quoque
1647 693 1725 750 illi
1758 694 1972 767 Magno,

377 789 521 851 sicut
552 788 848 861 Pompeius
876 788 1272 861 Corneliusque
1303 789 1482 845 testati
1514 798 1673 856 sunt,
1715 788 1972 856 evitatas,

377 899 522 940 nunc
559 892 741 943 autem
763 925 778 949 ,
810 884 1079 940 exstincto
1110 883 1359 940 Romano
1400 884 1643 940 exercitu
1665 925 1680 948 ,
1718 882 1975 938 Romanis

375 978 534 1048 equis
572 978 851 1048 armisque
905 975 1522 1045 instructissimas,lmc
1568 985 1691 1044 est,
1746 975 1974 1042 Alanos,

375 1069 599 1133 liunnos
639 1078 696 1125 et
718 1069 950 1139 Gothos,
972 1070 993 1101 ’
1020 1070 1401 1126 incunctanter
1423 1084 1735 1140 aggressus,
1766 1069 1974 1141 magnis

2084 508 2238 580 pulit.
2256 509 2667 569 Valentinianus
2693 508 2747 565 in
2770 509 3049 565 Orientem
3074 509 3116 587 ’ἓ
3139 508 3430 576 refugiens,
3448 526 3476 563 a
3503 510 3680 573 Tneo-

2080 600 2235 657 dosio
2266 611 2490 672 paterna
2519 601 2721 671 pietate
2752 608 3065 675 susceptus,
3098 617 3225 669 mox
3254 601 3416 659 etiam
3448 602 3677 673 imperio

2079 695 2359 764 restitutus
2385 703 2487 755 est.

2529 788 2691 864 557
2731 786 2962 847 caper
2998 785 3220 849 xxxv.

2080 899 2396 976 Theodosius
2430 904 2717 976 imperator
2745 899 3212 976 CasarAugustus
3239 920 3356 976 qua
3383 904 3518 976 bella
3547 920 3671 976 ges-

2149 972 2335 1048 ξενίῃ]
2344 975 2528 1048 nterim
2553 976 2616 1037 de
2638 973 2882 1048 litamina,
2905 972 3218 1048 Andiagatii
3240 972 3288 1032 et
3327 972 3678 1033 Valentiniani

2068 1040 2073 1045 ’
2147 1044 2577 1123 t'_t_t_teriltt,_deqne
2607 1040 2893 1123 _Arbogaste
2934 1057 2981 1102 et
3022 1040 3265 1123 Eugenio
3306 1057 3550 1121 tyranno,
3581 1062 3675 1122 per

2151 1115 2501 1171 Theodosium
2529 1116 2735 1173 deletis.

374 1162 665 1234 multisque
701 1161 866 1235 556
895 1161 1096 1233 proeliis
1141 1162 1292 1217 vicit.
1339 1159 1541 1218 Urbem
1580 1161 1973 1216 Constantino-
2068 1232 2073 1235 _

375 1255 542 1327 polim
575 1255 619 1288 ¹⁰
646 1256 819 1310 victor
850 1253 1072 1310 intravit
1104 1271 1119 1309 :
1154 1264 1208 1309 et
1240 1272 1306 1311 ne
1346 1270 1564 1325 parvam
1591 1256 1631 1286 “
1665 1257 1832 1325 ipsam
1864 1255 1973 1311 Ro-

374 1349 519 1407 mani
540 1350 814 1405 exercitus
831 1364 1046 1405 manum
1079 1350 1301 1407 assidue
1323 1350 1581 1406 bellando
1607 1352 1649 1382 ι’
1676 1350 1968 1422 detereret,

373 1440 554 1497 ftedus
583 1456 708 1497 cum
750 1440 1122 1509 Athanarico,
1156 1456 1282 1512 rege
1323 1440 1649 1507 Gothorum,
1684 1442 1968 1511 percussit.

372 1532 737 1590 Athanaricus
787 1542 966 1588 autem
1027 1534 1287 1588 continuo
1333 1544 1390 1587 ut
1438 1533 1968 1604 ConstantinOpolim

371 1630 556 1695 venit,
608 1628 750 1683 diem
806 1627 962 1689 obiit.
996 1627 1040 1658 ¹³
1094 1626 1374 1683 Universae
1421 1626 1723 1684 Gothorum
1753 1634 1966 1698 gentes,

371 1738 500 1795 rege
526 1722 801 1788 defuncm,
826 1719 1156 1792 aspicientes
1182 1721 1439 1775 virtutem
1470 1719 1968 1791 benigttilulentque

2147 1258 2307 1325 Anno
2332 1257 2402 1313 ab
2434 1256 2576 1313 Urbe
2603 1255 2822 1313 condita
2853 1271 3151 1329 uexxxvnt,
3183 1256 3519 1318 Theodosius
3539 1272 3672 1329 quas-

2075 1348 2415 1421 dragesimus
2461 1349 2691 1423 primus,
2733 1348 3023 1405 interfecto
3067 1365 3161 1419 per
3204 1349 3495 1415 Maximum
3538 1348 3679 1406 Gra-

2077 1443 2244 1509 tiano,
2279 1441 2566 1512 imperium
2597 1440 2828 1498 Romani
2864 1442 3011 1498 orbis
3043 1442 3194 1498 solus
3223 1441 3477 1511 obtinuit,
3515 1458 3669 1498 man-,-

2073 1538 2254 1606 sitque
2293 1537 2346 1592 in
2394 1550 2461 1592 eo
2502 1536 2664 1591 annis
2705 1534 2983 1603 undecim,
3023 1550 3147 1591 cum
3187 1535 3297 1607 jam
3341 1535 3397 1591 in
3435 1536 3672 1599 Orientis

2074 1628 2322 1703 partibus
2362 1644 2463 1685 sex
2496 1628 2657 1685 annis
2686 1626 2951 1686 Gratiano
2984 1628 3200 1687 vivente
3228 1637 3533 1701 regnasset.
3565 1628 3671 1691 Ita-

2072 1739 2179 1795 que
2199 1724 2363 1794 justis
2390 1722 2823 1795 necessariisque
2842 1723 3025 1779 causis
3046 1724 3111 1781 ad
3137 1722 3337 1779 bellum
3359 1723 3524 1779 civile
3548 1738 3673 1793 per-

370 1814 700 1882 Theodosii,
737 1813 987 1870 Romano
1021 1827 1145 1869 sese
1189 1813 1416 1884 imperio
1458 1813 1803 1869 dediderunt.
1841 1815 1883 1845 ’δ
1910 1814 1968 1881 in
2001 1822 2047 1885 Β
2077 1827 2277 1882 motus,
2298 1831 2419 1873 cum
2449 1832 2480 1873 e
2502 1815 2717 1872 duobus
2740 1815 2997 1888 Augustis
3018 1815 3300 1884 fratribus,
3321 1825 3378 1874 et
3400 1817 3667 1883 ultionem

370 1907 561 1963 iisdem
587 1906 750 1963 etiam
794 1905 989 1962 diebus
1012 1905 1193 1962 Persa:
1213 1947 1227 1973 ,
1259 1907 1348 1977 qui
1368 1947 1382 1970 ,
1412 1905 1630 1962 Iuliano
1660 1906 1969 1974 interfecto,

369 2001 599 2071 aliisque
626 2000 1047 2073 imperatoribus
1076 2015 1224 2070 saepe
1245 2000 1487 2068 victis,"
1512 2016 1654 2057 nunc
1675 2002 1840 2058 etiam
1872 2002 1973 2060 Va-

372 2093 521 2149 lente
552 2094 603 2150 in
642 2092 819 2165 fugant
866 2100 1019 2160 acto,
1050 2093 1445 2149 recentissimae
1475 2094 1717 2150 victorire
1748 2095 1972 2153 satieta-

374 2197 481 2245 tem
504 2187 669 2245 cruda
697 2185 1047 2243 insultatione
1078 2186 1451 2253 “ruetabant,
1486 2188 1627 2245 ultro
1658 2185 1968 2245 Constanti-
1998 2254 2005 2260 λ

368 2280 613 2350 nopolim
642 2278 709 2334 ad
735 2277 1102 2335 Theodosium
1127 2282 1329 2339 miscre
1356 2278 1583 2352 legatos,
1612 2281 1652 2311 ¹⁷
1677 2296 1971 2355 pacemque

369 2373 641 2443 supplices
680 2380 1085 2445 poposcerunt:
1123 2372 1167 2403 "‘
1200 2370 1477 2445 ictumque
1511 2382 1624 2429 tum
1658 2373 1835 2430 foedus
1862 2384 1969 2444 est,

371 2456 482 2539 quo
508 2467 790 2525 universus
810 2464 1057 2523 Oriens”
1078 2482 1246 2538 usque
1267 2465 1333 2521 ad
1360 2482 1501 2523 nunc
1524 2466 1970 2540 tranquillissime

368 2561 587 2618 fruitur.
612 2559 823 2617 Interea
843 2574 967 2615 cum
990 2559 1357 2626 Theodosius.
1390 2560 1443 2627 in
1473 2560 1695 2621 Oriente
1725 2564 1968 2623 subactis

373 2652 729 2711 barbarorum
760 2651 1043 2722 gentibus,
1076 2651 1338 2707 Thracias
1369 2652 1584 2709 tandem
1612 2653 1679 2710 ab
1713 2653 1867 2712 hoste
1900 2657 1967 2712 li-

373 2744 537 2803 beras
566 2745 915 2814 reddidisset,
948 2754 1001 2800 et
1022 2744 1337 2813 Arcadium,
1365 2745 1532 2801 tilium
1550 2763 1727 2816 suum,
1747 2763 1971 2805 consor-

372 2850 481 2895 tem
512 2840 736 2896 fecisset
763 2840 1008 2909 imperii,
1042 2840 1308 2901 Maximus
1333 2884 1348 2909 ,
1393 2840 1475 2896 vir
1503 2840 1725 2910 quidem
1756 2840 1801 2872 ²⁰
1832 2852 1971 2899 stre-

369 2950 507 2991 nuus
538 2945 592 2990 et
623 2935 819 3005 probus
841 2974 858 3002 ,
891 2944 1053 3004 atque
1099 2932 1345 3005 Augusto
1376 2934 1595 3005 dignus,
1639 2935 1741 2992 nisi
1779 2944 1969 2993 contra

368 3030 693 3089 sacramenti
729 3020 889 3084 fidem
916 3044 1009 3099 per
1031 3028 1370 3101 tyrannidem
1403 3030 1734 3095 emersisset,
1767 3029 1820 3085 in
1852 3031 1968 3086 Bri-

369 3123 550 3180 tannia
591 3123 797 3179 invitus
832 3122 1227 3194 propemodum
1279 3124 1350 3178 ab
1378 3124 1619 3181 exercitu
1671 3125 1966 3195 imperator

2076 1909 2236 1966 unius
2268 1908 2539 1966 interfecti
2577 1909 2797 1979 sanguis
2830 1910 2845 1940 ¹
2873 1910 3139 1981 exigeret,
3170 1919 3224 1965 et
3260 1909 3668 1973 restitutionem

2076 2002 2288 2058 miseria
2314 2002 2535 2058 alterius
2558 2003 2859 2060 exsulantis
2882 2013 3085 2075 oraret,
3109 2004 3287 2075 posuit
3307 2004 3361 2060 in
3386 2003 3498 2060 Deo
3515 2018 3667 2074 spent

2073 2112 2247 2161 suam,
2287 2112 2517 2170 seseque
2552 2098 2817 2157 adversus
2858 2097 3152 2153 Maximum
3195 2111 3511 2170 tyrannum,
3547 2096 3665 2167 sola

2076 2190 2183 2246 fide
2213 2190 2387 2262 major
2412 2190 2559 2262 (nam
2590 2190 2749 2262 longe
2773 2191 2952 2249 minor
2972 2192 2993 2222 ¹
3015 2190 3401 2251 eratuniversa
3431 2206 3667 2261 appara-

2076 2291 2163 2338 tus
2199 2282 2384 2338 bellici
2426 2282 2860 2354 comparatione)
2900 2282 3190 2359 proripuit.
3233 2281 3497 2355 Aquileia:
3539 2292 3668 2341 tunc

2074 2375 2339 2435 Maximus
2367 2375 2615 2433 victoria:
2635 2390 2749 2431 sua:
2770 2384 3047 2455 spectator
3071 2376 3364 2439 insederat.
3390 2376 3670 2448 Andraga-

2074 2466 2221 2525 thius
2251 2482 2435 2524 comes
2466 2470 2585 2540 ejus
2624 2482 2890 2525 summam
2923 2468 3050 2524 belli
3079 2468 3502 2529 administrabat
3530 2487 3543 2523 :
3574 2468 3671 2545 qui

2071 2575 2195 2615 cum
2237 2560 2554 2630 largissimis
2584 2560 2818 2617 militum
2858 2561 3056 2633 copiis,
3091 2561 3318 2633 ipsaque
3347 2575 3665 2634 magnarum

2070 2652 2350 2724 copiarum
2390 2652 2736 2721 fortitudine,
2787 2654 3136 2726 praecellente
3177 2655 3429 2724 consilio,
3473 2669 3667 2735 omnes

2072 2745 2469 2802 incredibiliter
2506 2744 2725 2821 Alpium
2773 2761 2836 2802 ac
2880 2745 3164 2803 fluminum
3204 2746 3381 2809 aditus
3418 2762 3668 2811 commu-

2076 2837 2265 2906 nisset,
2300 2835 2562 2895 ineffabili
2584 2837 2792 2907 judicio
2818 2838 2935 2907 Dei,
2961 2838 3087 2895 dum
3119 2824 3295 2896 navali
3318 2839 3664 2915 expeditione

2070 2933 2346 2989 incautum
2372 2933 2585 2989 hostem
2610 2933 2922 3005 praevenire
2944 2945 2997 2989 et
3018 2934 3253 2999 obruere
3274 2944 3451 3007 parat,
3470 2944 3666 3005 Sponte

2069 3025 2259 3081 cadem
2288 3068 2302 3092 ,
2340 3041 2463 3099 qua:
2503 3025 2895 3096 obstruxerat,
2942 3028 3182 3089 claustra
3225 3028 3482 3089 deseruit.
3525 3028 3545 3058 ³
3586 3027 3664 3093 Ita

2071 3119 2414 3177 Theudosius
2452 3120 2669 3176 nemine
2709 3120 2997 3187 sentiente,
3039 3131 3091 3176 ut
3135 3136 3242 3177 non
3278 3120 3452 3181 dicam
3502 3135 3666 3195 repu-

367 3224 613 3281 creatus,
641 3214 697 3271 in
741 3213 969 3271 Galliam
999 3213 1211 3270 transiit
1241 3232 1254 3267 :
1290 3214 1379 3270 ubi
1407 3213 1724 3272 Gratianum
1753 3219 1968 3289 Augus—
1994 3208 2040 3271 C
2070 3220 2292 3280 guante,
2332 3208 2355 3243 ‘
2392 3226 2588 3268 vacuas
2621 3212 2641 3243 ⁸
2672 3212 2974 3268 transmisit
3016 3212 3213 3283 Alpes,
3250 3212 3271 3242 ‘
3299 3223 3462 3282 atque
3501 3211 3668 3285 Aqui-

368 3319 479 3365 tum
510 3306 686 3364 subita
724 3305 1044 3364 incursione
1072 3306 1448 3377 perterritum,
1470 3316 1637 3375 atque
1670 3308 1721 3363 in
1753 3308 1959 3369 Italiam

370 3404 600 3463 transire
630 3401 1007 3475 meditantem,
1040 3400 1182 3459 dolis
1200 3389 1633 3463 circumventum
1664 3402 1961 3471 interfecit,

2074 3304 2232 3359 letam
2258 3303 2587 3374 improvisus
2614 3303 2931 3375 adveniens,
2956 3306 3121 3381 558
3144 3305 3353 3365 hostem
3380 3304 3526 3365 illum
3551 3321 3666 3365 ma-

2070 3414 2260 3474 gnum.
2288 3400 2579 3465 Maximum
2624 3409 2855 3468 trucem.
2888 3409 2944 3458 et
2975 3403 3041 3459 ab
3084 3400 3495 3463 itmnanissimis
3525 3386 3660 3473 qui);

1655 3597 2106 3659 HAVERCAMPI
2143 3596 2379 3656 ΝΟΤΛΕ.

362 3767 559 3832 quarto
582 3768 743 3831 atque
766 3758 904 3815 Coll.
939 3757 1178 3832 Gronov.
1203 3756 1549 3813 desideratur
1574 3764 1648 3832 ut,
1678 3754 1821 3825 quod
1872 3763 1951 3832 ta-

364 3827 487 3887 men
520 3832 606 3886 hic
626 3827 934 3887 necessario
962 3830 1291 3899 requiritur;
1320 3842 1516 3884 sensus
1539 3827 1813 3899 enimest,
1842 3829 1952 3885 sica

363 3906 438 3958 uti
467 3902 807 3959 Theodosius
838 3898 1092 3955 afﬂictam
1118 3941 1134 3965 ,
1163 3909 1291 3964 etc.,
1326 3902 1397 3953 ita
1431 3898 1790 3967 reparandum
1830 3912 1949 3952 cre-

360 3975 523 4041 didit,
553 3983 659 4030 etc.
691 3972 811 4039 Vel,
843 3972 887 4027 si
919 3980 973 4026 ut
1003 3971 1173 4026 deleri
1216 3970 1476 4036 velimus,
1523 3969 1814 4041 legendum
1845 3970 1952 4041 erit

361 4048 415 4101 in
445 4040 796 4117 sequentibus
822 4058 1123 4117 omnemque
1151 4040 1952 4117 fiduciam;prout_inyenitur

360 4118 435 4171 ibi
460 4111 626 4171 in'ed.
651 4116 896 4186 principe
914 4111 1224 4170 etVeuetis.
1251 4118 1319 4171 At
1346 4111 1584 4186 l’arisina
1602 4112 1947 4186 plenissime,

361 4187 545 4261 Itaque
565 4182 907 4261 Theodosius,
940 4194 1073 4252 etc.,
1103 4200 1406 4251 omnemque
1428 4183 1512 4238 sui
1536 4182 1810 4261 ﬁduciam.

434 4252 485 4313 τ.
519 4258 545 4311 Ι
556 4258 698 4313 llius.
724 4257 868 4313 Flor.
896 4270 1008 4311 sec.
1039 4263 1095 4311 et
1122 4264 1249 4311 tert.
1279 4266 1443 4325 atque
1474 4264 1583 4309 tres
1614 4254 1785 4325 Lugd.
1814 4252 1954 4312 Batt.

359 4345 483 4386 cum
514 4328 762 4386 Perizon.
807 4336 863 4384 et
888 4325 1025 4383 Coll.
1068 4326 1306 4383 Gronov.
1343 4325 1439 4381 Dei
1465 4325 1714 4392 malunt;
1745 4343 1808 4381 ex
1835 4326 1959 4394 qni-

363 4403 462 4457 bus
492 4410 617 4457 tert.
655 4417 778 4457 cum
807 4396 949 4455 Coll.
978 4397 1218 4455 Gronov.
1250 4412 1374 4454 mox
1407 4413 1503 4468 pro
1522 4399 1602 4453 sui
1633 4396 1830 4453 iterum
1859 4396 1956 4452 Dei

360 4474 571 4529 scribit.

2058 3755 2241 3809 iisdem
2268 3756 2422 3810 etiam
2444 3755 2757 3825 temporibus
2790 3751 2991 3825 Persia.

2133 3828 2221 3883 15.
2246 3825 2402 3883 Nunc
2419 3822 2594 3883 etiam.
2626 3825 2796 3895 Lugd.
2822 3824 2965 3879 Batt.
2995 3823 3126 3891 duo,
3157 3822 3295 3881 Ultr.
3322 3822 3573 3881 Perizon.
3603 3835 3658 3881 et

2057 3896 2201 3954 Coll.
2236 3898 2600 3963 Gronoviana,
2631 3913 2770 3952 nunc
2798 3905 2995 3950 autem.

2137 3970 2219 4029 t6.
2254 3969 2570 4025 Ructabant.
2598 3969 2694 4033 Ed.
2730 3972 2980 4039 August,
3012 3965 3332 4025 eruetabaut.

2133 4040 2220 4113 l7.
2260 4039 2553 4113 Pacemque
2599 4037 2859 4113 supplices
2922 4037 3661 4113 poposcerunt._S_ic_ama_nt
3722 4086 3745 4105 .

2062 4112 2316 4168 meliores
2361 4108 2494 4169 mss.
2540 4108 2669 4167 cum
2704 4108 2793 4166 ed.
2826 4108 2965 4179 Aug.
2994 4108 3070 4165 et
3117 4108 3243 4167 edd.
3294 4108 3657 4169 Fabricianis.

2060 4183 2215 4257 Aliae,
2246 4184 2757 4257 pacem‘suppliciter
2781 4179 3123 4252 postulantes.
3147 4181 3203 4237 ln
3226 4180 3473 4239 Floreat.
3496 4181 3659 4239 tertio

2060 4254 2255 4325 copula
2284 4271 2382 4325 que
2406 4254 2767 4311 desideratur.

2134 4322 2223 4382 18.
2258 4322 2528 4396 letumque
2561 4334 2669 4382 tum
2710 4323 2879 4397 {tedas
2917 4332 3010 4383 est.
3046 4322 3151 4383 Ed.
3182 4322 3325 4397 Aug.
3370 4324 3658 4397 irritamque

2058 4408 2163 4453 tum
2196 4398 2364 4469 [trdus
2390 4407 2487 4453 est.

2134 4463 2217 4527 l9'.
2258 4469 2430 4543 Usque
2461 4470 2531 4525 ad
2573 4484 2731 4526 nunc.
2777 4467 2956 4539 Lugd.
3008 4467 3126 4529 Bat.
3162 4474 3313 4536 tert.,
3345 4480 3467 4523 cum
3514 4463 3653 4523 Coll.

434 4545 522 4638 8--
541 4543 840 4638 Αέεπιετιμνρ
872 4540 1215 4638 .¹¹¹¹⁴ἰ¹¹¹ἐξ-ἒίίξ
1259 4537 1660 4638 aetnaei“;
1675 4538 1949 4638 suisea
1986 4578 2031 4638 υ
2059 4537 2513 4638 δτέ’.ξ¹⁰ἶ;.’ξέἤξῖἰῗίῖ
2530 4558 2684 4638 "is":

361 4616 658 4672 Alexandro
688 4615 767 4686 illi
794 4609 1237 4686 quoque’Magno.
1259 4609 1409 4667 Flor.
1444 4620 1592 4681 tert.,
1625 4610 1699 4666 Ab
1720 4609 1951 4668 Alexan-

357 4689 454 4743 dro
483 4702 685 4758 quoque
705 4685 798 4740 illo
828 4685 1042 4758 Magno.

430 4752 1078 4886 tIncunctanterfblale
1105 4756 1257 4811 abest
1298 4769 1329 4808 a
1359 4753 1572 4809 duobus
1602 4752 1777 4826 Lugd.
1808 4752 1949 4811 Batt.

535 4846 579 4883 r.

360 4838 417 4887 et
443 4838 579 4886 Ultr.

434 4900 519 4957 10.
559 4898 738 4954 Victor
763 4900 994 4954 intravit.
1030 4897 1300 4959 Perizon.,
1332 4898 1492 4951 uictor
1521 4894 1806 4967 ingressus.

433 4973 521 5028 11.
556 4970 755 5039 Ipsam.
785 4970 958 5028 Abest
984 4986 1013 5026 a
1032 4967 1355 5041 quibusdam
1379 4967 1513 5041 edd.
1533 4976 1664 5041 vett_.

429 5044 516 5099 12.
550 5038 832 5096 Detereret.
873 5038 1297 5099 Perversissime
1336 5039 1390 5095 in
1431 5038 1584 5094 editt.
1634 5038 1867 5095 Fabricii
1899 5051 1954 5095 et

356 5113 530 5171 Scotti
563 5114 760 5184 legitur
787 5116 1085 5180 deterreret,
1119 5128 1149 5168 a
1175 5128 1278 5183 qua
1308 5110 1616 5184 corruptela
1644 5111 1827 5184 utique
1856 5112 1949 5168 tle-

357 5184 528 5241 territi
574 5180 844 5250 fuissent,
888 5185 931 5239 si
963 5180 1209 5240 Venetas
1230 5182 1378 5246 etld.,
1420 5180 1949 5253 Parisin.‘,ipsastpte

356 5257 594 5324 llittorp.
615 5266 670 5311 et
688 5255 964 5325 Bolsning.
991 5253 1376 5325 inspexissent.
1398 5254 1509 5309 Illae
1530 5257 1673 5309 enim
1700 5252 1946 5319 verbum,

358 5327 463 5387 hoc
493 5329 612 5382 loro
638 5327 882 5382 maxime
902 5326 1257 5392 conveniens,
1283 5335 1430 5381 recte
1452 5334 1796 5393 receperunt,
1824 5327 1949 5381 licet

356 5400 444 5453 ed.
478 5402 615 5467 Aug.
648 5409 703 5452 et
727 5397 944 5467 quidam
976 5414 1043 5454 ex
1069 5412 1225 5467 mss.,
1256 5408 1312 5452 ut
1335 5396 1503 5467 Lugd.
1537 5395 1678 5451 Batt.
1714 5395 1948 5466 Ultrajeo

356 5474 673 5540 minusque.
706 5469 760 5524 in
788 5470 916 5523 vitio
943 5471 1357 5540 cubent;recte
1390 5481 1571 5523 autem
1605 5468 1861 5524 scribitur
1892 5469 1947 5529 in

355 5539 494 5608 Meo,
513 5539 567 5595 in
593 5541 837 5597 Perizon.
867 5549 922 5595 et
944 5540 1152 5596 duobus
1177 5539 1446 5596 Florentt.

428 5614 514 5667 15.
553 5611 817 5666 Universos
842 5608 1153 5666 Galhorum.
1187 5610 1287 5668 Ed.
1316 5614 1541 5682 August.
1574 5610 1825 5666 universa:
1850 5627 1949 5666 au-

358 5694 459 5740 tem
486 5681 795 5747 Gothorum,
826 5696 932 5738 etc.

426 5754 514 5810 M.
551 5753 613 5808 In
648 5755 831 5809 iisdem
869 5755 1026 5809 etiam
1073 5752 1252 5808 diebus
1296 5752 1491 5810 Perste.
1527 5751 1663 5810 Etld.
1696 5751 1945 5823 quaedam

355 5836 510 5894 vett.,
540 5824 642 5887 llis
691 5826 851 5882 etiam
896 5825 1077 5883 diebus
1124 5824 1321 5880 Persae.
1366 5823 1501 5883 Cod.
1549 5822 1830 5892 PerizOn.,
1878 5822 1944 5887 ln

2127 4613 2219 4670 20.
2255 4607 2513 4670 Strenuus
2552 4623 2597 4666 et
2629 4612 2839 4682 probus.
2870 4609 3005 4667 Cod.
3039 4607 3655 4682 Perizon.gconjunctio-

2060 4702 2186 4767 nent
2207 4685 2446 4767 etnde‘let.
2478 4680 2766 4767 Moxﬁidem
2795 4682 3003 4767 scribit,
3038 4682 3141 4739 nisi
3170 4680 3334 4753 quod.

2128 4757 2219 4811 21.
2247 4755 2547 4826 Refugiens.
2583 4755 2857 4823 Perizon.,
2887 4755 3109 4826 fugiens.

2129 4822 3129 4899 CAP.7XXXV.—i.Exigerethullo
3156 4838 3377 4899 prorsus
3415 4838 3576 4899 sensu
3599 4822 3652 4879 in

2057 4900 2212 4957 editt.
2244 4898 2601 4967 Fabricianis,
2632 4896 2818 4955 ultima
2849 4898 3023 4957 Scotti
3052 4908 3106 4954 et
3126 4897 3330 4971 aliquot
3350 4903 3484 4952 vett.
3514 4896 3651 4969 legi-

2059 4982 2145 5029 tur
2174 4972 2482 5043 exigeretur,
2512 4972 2655 5043 quod
2681 4980 2872 5026 contra
2901 4984 3093 5031 omnes
3127 4981 3257 5043 mss.
3290 4976 3392 5024 est.

2125 5048 2181 5102 2.
2210 5039 2358 5101 Erat.
2385 5039 2555 5102 Abest
2576 5048 2629 5104 itt
2658 5045 2925 5101 Florentt.
2950 5044 3190 5110 duobus,
3211 5039 3378 5110 Ultr.,
3397 5040 3647 5098 Periznn.

2054 5132 2109 5177 et
2144 5120 2315 5190 Lugd.
2364 5120 2482 5181 Bat.
2527 5129 2654 5176 tert.
2693 5119 2951 5190 Scrilmut
2990 5132 3119 5190 mox
3157 5111 3281 5171 belli
3319 5128 3420 5187 pro
3451 5113 3647 5180 bellici,

2056 5200 2165 5248 tres
2196 5189 2263 5246 ex
2292 5192 2483 5247 iisdem
2513 5206 2648 5247 mss.
2676 5206 2798 5246 cum
2829 5189 2967 5246 Coll.
2998 5189 3245 5246 Gronov.

2125 5267 2178 5320 5.
2207 5261 2291 5318 Ita
2317 5263 2657 5329 Theodosius,
2684 5272 2790 5319 etc.
2824 5260 2966 5318 Edit.
2993 5264 3244 5330 August.,
3269 5253 3455 5326 Itaque
3478 5254 3648 5311 Theo.

2053 5335 2251 5398 (latius,
2287 5336 2488 5391 nemine
2515 5335 2727 5403 sciente,
2759 5342 2868 5390 etc.

2122 5406 2177 5460 4.
2224 5405 2446 5463 Vacuus.
2477 5405 2573 5463 Sic
2599 5399 2789 5462 omnes
2818 5411 3003 5459 autaut
3027 5418 3160 5458 mss.
3191 5412 3244 5458 et
3269 5417 3335 5456 ex
3360 5399 3489 5458 edd.
3515 5408 3645 5457 vett.

2052 5478 2328 5534 meliores.
2363 5475 2699 5537 Fabriciana:
2730 5485 2787 5533 et
2812 5478 2933 5532 aliae
2964 5473 3235 5546 quaedam,
3262 5483 3535 5546 uacuatos.

2123 5550 2177 5605 5.
2224 5549 2550 5605 Trattsmisit.
2590 5550 2757 5620 Lugd.
2808 5548 2948 5603 Batt.
2984 5544 3148 5611 tres.
3194 5560 3317 5603 cum
3361 5544 3646 5611 Perizon.,

2050 5622 2401 5676 transmeavit.
3604 5686 3611 5687 γ
3630 5682 3635 5687 Α

2049 5764 2068 5818 l
2105 5692 2176 5776 .6-
2208 5694 2372 5765 Αιιιιιε
2409 5692 2724 5767 Aquileiam.
2765 5690 2866 5751 Ed.
2908 5689 3136 5761 August.
3176 5700 3332 5763 atque
3368 5687 3437 5745 ad
3482 5686 3642 5757 Aqui;

2069 5780 2221 5818 erant.
3632 5814 3638 5818 ι

2069 5780 2221 5820 erant.
3628 5814 3638 5829 ,
