4060 6352
433 315 569 372 1151

1839 318 2048 379 PAL'LI
2085 322 2313 382 OROSII

3586 325 3731 385 “52

427 447 534 503 que
560 432 957 490 Germanorum
985 433 1238 505 gentibus
1261 433 1458 490 tributa
1486 446 1549 488 ac
1569 432 1841 506 stipendia
1862 435 1882 466 ⁷
1905 435 2024 491 solo
2049 437 2098 499 Α
2127 448 2289 510 atque
2318 447 2376 494 ut
2409 437 2760 494 voluntariam
2793 437 2894 494 sibi
2932 437 3262 494 conscivisse
3301 446 3533 494 mortem
3563 449 3730 510 puta-

427 534 638 583 terrore
678 529 912 586 nominis
944 531 1275 602 exigentem,
1307 531 1426 584 sine
1454 529 1581 584 dolo
1616 530 1637 561 ⁸
1667 540 1722 585 et
1755 530 1873 587 sine
1903 546 2035 588 con-

425 620 690 676 troversia
729 622 926 677 clausit
956 663 972 689 ,
1005 626 1026 656 ’
1064 622 1208 693 cepit
1241 666 1256 689 ,
1301 621 1519 678 occidit.
1569 619 1983 680 Valentinianus
2014 665 2032 693 ,

429 723 652 784 recepta
689 713 868 782 Italia,
896 716 1099 786 potitus
1135 715 1368 784 imperio
1407 724 1510 772 est.
1540 715 1902 788 Andragatius
1927 733 2024 774 co-

431 821 568 872 mes,
597 808 814 878 cognita
851 808 1070 863 Maximi
1094 823 1247 876 nece,
1276 809 1609 880 praecipitem
1631 826 1752 868 sese
1773 827 1804 868 e
1827 813 1949 868 navi
1972 811 2030 869 in

427 899 602 956 undas
627 900 800 968 dedit,
827 916 893 956 ac
923 900 1223 958 suli‘ocatus
1252 913 1357 959 est.
1389 903 1738 961 Theodosius
1771 906 2043 964 incruen-'

440 1001 552 1048 tam
577 995 870 1064 victoriam
909 995 1022 1050 Deo
1054 1007 1381 1066 procurante
1416 999 1677 1070 suscepit.
1711 1001 1850 1057 Ecce
1887 1002 2029 1072 regi-

429 1085 532 1143 bus
573 1097 630 1143 et
671 1089 1006 1160 temporibus
1046 1091 1372 1148 Christianis
1402 1093 1640 1164 qualiter
1671 1094 1818 1151 bella
1847 1097 2028 1154 civilia

425 1195 547 1236 eum
568 1181 729 1238 vitari
750 1193 1048 1255 nequeunt,
1072 1185 1458 1257 transiguntur.
1485 1188 1567 1243 Ad
1592 1189 1873 1246 victoriam
1898 1208 2024 1263 per-

425 1286 649 1332 ventum
679 1288 788 1344 est,
823 1279 1024 1350 irrupta
1054 1290 1138 1335 est
1167 1281 1388 1350 civitas,
1424 1295 1711 1356 correptus
1743 1295 2025 1358 tyrannus,

423 1378 478 1424 et
509 1367 612 1424 hoc
654 1384 842 1440 parum
881 1383 987 1428 est.
1032 1373 1172 1429 Ecce
1202 1374 1245 1405 ¹⁰
1275 1385 1430 1445 parte
1469 1376 1575 1433 alia
1605 1380 1783 1436 victus
1813 1379 2027 1438 hostilis

421 1461 721 1527 exercitus,
745 1474 906 1534 atque
933 1465 1051 1536 ipso
1081 1477 1312 1538 tyranno
1344 1470 1707 1526 truculentior
1731 1487 1918 1530 comes
1947 1483 2028 1547 ly-

418 1554 575 1609 ranni
601 1555 669 1610 ad
700 1565 934 1612 mortem
966 1568 1208 1627 coactus,
1237 1569 1405 1616 tantm
1433 1563 1716 1620 dissolutae
1748 1565 2026 1637 elusmque

427 1644 661 1713 insidiae,
696 1649 829 1704 tanti
857 1663 1149 1722 apparatus
1178 1654 1436 1711 exinaniti
1471 1656 1507 1686 ¹¹
1543 1666 1671 1711 sunt
1705 1675 1720 1716 :
1751 1666 1808 1714 et
1836 1667 2018 1715 tamen

425 1742 612 1798 tmllus
657 1741 814 1799 dolos
857 1744 1132 1814 instruxit,
1174 1747 1356 1803 nullus
1393 1748 1567 1805 aciem
1610 1749 1894 1821 disposuit,
1931 1767 2028 1823 po-

2136 541 2309 601 retur,
2362 533 2556 605 laqueo
2607 547 2902 604 suspensus
2943 543 3048 588 est.
3098 532 3310 588 Mortuo
3349 533 3732 589 Valentiniano

2136 628 2404 696 Augusto,
2460 625 2789 696 Arbogastes
2820 627 2865 656 ¹⁴⁵
2897 625 3198 696 Eugenium
3257 637 3548 698 tyrannum
3602 641 3728 682 mox

2133 731 2324 774 creare
2376 731 2540 773 ausus
2588 726 2697 786 est,
2753 717 2989 788 legitque
3035 717 3332 785 hominem,
3380 718 3470 774 cui
3516 719 3733 776 titulum

2133 813 2479 884 imperatoris
2507 813 2839 883 imponeret,
2871 812 2988 882 ipse
3012 823 3239 868 acturus
3289 814 3578 885 imperium
3607 832 3620 868 :
3653 813 3736 870 vir

2138 905 2407 961 barbarus
2431 905 2636 972 animo,
2665 906 2919 972 consilio,
2960 921 3145 974 manu,
3175 906 3427 972 audacia,
3461 907 3736 977 potentia-

2129 1012 2235 1070 que
2268 997 2465 1052 nimius
2507 998 2781 1052 contraxit
2813 999 3131 1053 innumeras
3157 998 3422 1067 undique,
3475 999 3732 1054 invictas-

2129 1103 2235 1160 que
2263 1088 2471 1158 copias,
2521 1089 2603 1143 vel
2658 1089 3027 1144 Romanorum
3062 1089 3333 1160 praesidiis
3369 1090 3453 1146 vel
3512 1091 3732 1146 auxiliis

2130 1181 2508 1250 barbarorum,
2535 1183 2667 1238 alibi
2721 1193 3004 1252 p0testate,
3055 1184 3185 1240 alibi
3217 1186 3547 1256 cognatione
3601 1185 3732 1241 sub-

2131 1277 2310 1334 nixus.
2339 1277 2632 1334 Historiam
2667 1288 2848 1333 notam
2893 1281 3057 1335 etiam
3118 1279 3292 1336 oculis
3341 1282 3730 1352 plurimorum,

2128 1385 2289 1442 quam
2323 1371 2518 1426 melius
2538 1370 2631 1441 qui
2659 1381 2979 1440 spectavere
3019 1383 3312 1436 noverunt,
3360 1373 3580 1428 dilatari
3613 1389 3733 1430 ver-

2131 1463 2214 1520 bis
2244 1480 2350 1520 uon
2383 1479 2521 1536 opus
2542 1473 2643 1520 est.
2680 1463 2927 1520 Potentia
2959 1465 3078 1531 Dei,
3103 1480 3211 1520 non
3243 1465 3436 1520 fiducia
3469 1466 3728 1532 hominis,

2128 1559 2391 1614 victorem
2421 1573 2638 1628 semper
2667 1558 2944 1614 exstitisse
2959 1557 3356 1624 Theodosium,
3398 1559 3730 1628 ArbOgastes

2132 1655 2233 1710 istc
2259 1653 2590 1725 prmcipuutn
2617 1653 2668 1708 in
2701 1664 2933 1724 utroque
2977 1653 3366 1709 documentum
3398 1663 3480 1708 est
3511 1669 3525 1706 :
3553 1653 3647 1722 qui
3678 1660 3732 1708 et

2133 1758 2281 1815 tunc,
2319 1764 2443 1804 cum
2477 1747 2792 1804 Theodosio
2823 1747 3024 1818 paruit,
3063 1748 3228 1802 tantis
3258 1748 3578 1802 instructum
3595 1759 3732 1816 prae-

425 1843 636 1890 slremo
665 1835 844 1892 nullus
871 1835 940 1907 (si
967 1837 1073 1894 dici
1104 1838 1254 1909 licet)
1287 1840 1526 1911 gladium
1554 1843 1622 1900 de
1650 1845 1843 1915 vagina
1870 1855 2025 1902 cxtu-
2056 1830 2104 1890 B
2128 1841 2282 1896 sidiis
2315 1841 2601 1896 Maximum
2621 1840 2737 1911 ipse
2772 1841 2812 1871 ¹⁷
2842 1839 3096 1894 minimus
3120 1839 3297 1910 cepit:
3327 1847 3383 1893 et
3413 1852 3579 1901 nunc,
3602 1852 3726 1892 cum

427 1926 509 1983 lit.
544 1927 1143 1988 Formidolosissimum
1185 1933 1382 1990 bellmn
1416 1936 1533 1993 sine
1563 1939 1826 2010 sanguine
1856 1954 2026 2011 usque

423 2023 491 2077 ad
534 2023 856 2094 victoriam,
889 2035 942 2082 el
983 2026 1037 2082 in
1077 2025 1308 2083 victoria
1347 2029 1576 2086 duorum
1617 2040 1792 2088 morte
1833 2033 2024 2089 confe-

423 2123 570 2171 ctum
587 2123 692 2172 est.
713 2116 781 2173 Et
807 2133 874 2173 ne
903 2120 1187 2191 quisquam
1217 2121 1319 2176 hoc
1343 2136 1471 2178 casu
1497 2123 1694 2178 factum
1725 2133 1898 2195 putet,
1916 2141 2023 2197 quo

425 2208 598 2276 magis
639 2211 880 2279 potentia
925 2211 1043 2278 Dei,
1073 2228 1176 2283 qua
1207 2216 1247 2245 "
1277 2223 1332 2270 et
1358 2215 1745 2286 dispensantur
1779 2227 1835 2273 et
1863 2219 2020 2290 judi-

423 2309 617 2357 cantur
655 2301 928 2368 universa}
968 2307 1248 2375 propalalo
1288 2309 1370 2362 sui
1419 2311 1736 2366 testimonio
1769 2312 1812 2342 ³³
1840 2312 2022 2369 decla-

423 2401 565 2458 rata,
598 2395 1030 2467 obstrepentium
1070 2409 1282 2456 mentes
1317 2402 1400 2456 vel
1431 2400 1495 2456 ad
1527 2403 1903 2460 confusionem
1934 2407 2020 2462 vel

423 2485 491 2540 ad
537 2486 696 2544 lidem
738 2498 919 2559 cogat,
963 2490 1088 2547 dico
1134 2509 1249 2548 rem
1289 2503 1344 2549 et
1385 2495 1626 2566 ignotam
1657 2498 1932 2565 omnibus,
1965 2507 2022 2556 et

422 2580 674 2636 omnibus
705 2592 912 2638 nolam.
942 2583 1072 2641 Post
1103 2585 1206 2642 hoc
1242 2587 1468 2655 bellum,
1500 2603 1608 2661 quo
1650 2589 1911 2647 Maximus
1939 2593 2019 2647 in-

422 2674 682 2732 terfectus
707 2686 813 2746 est,
847 2678 1014 2734 tnulta
1042 2681 1253 2752 utique,
1281 2683 1422 2738 sicut
1444 2698 1632 2738 omnes
1663 2686 2016 2755 recognosci-

421 2782 566 2838 mus,
603 2769 645 2800 ”
671 2769 1062 2840 Theodosium,
1095 2775 1377 2848 liliumque
1410 2777 1532 2847 ejus
1569 2777 1892 2846 llonorium,
1927 2793 2020 2834 us-

421 2877 526 2932 que
565 2863 632 2917 ad
673 2880 816 2921 nunc
859 2875 914 2923 ct
958 2876 1186 2924 externa
1223 2869 1363 2926 bella
1410 2880 1464 2925 et
1503 2869 1684 2926 civilia
1725 2882 2019 2927 consecuta

422 2964 550 3010 sunt
592 2975 603 3009 :
638 2965 702 3026 ,et
748 2966 929 3014 tamen
971 2961 1151 3016 omnia
1195 2976 1332 3032 pene
1372 2977 1547 3033 usque
1591 2963 1645 3018 in
1690 2962 2018 3019 hodiernum

424 3048 612 3115 diem,
664 3059 719 3106 et
779 3052 997 3122 quidem
1055 3069 1180 3111 cum
1237 3055 1415 3112 fructu
1469 3056 1736 3128 simplicis
1784 3067 2017 3115 sancta:-

423 3156 531 3212 que
597 3143 876 3213 victorias,
947 3148 1031 3203 vel
1099 3149 1244 3204 nullo
1309 3150 1395 3206 vel
1462 3151 1690 3207 minimo
1753 3155 2017 3224 sanguine

2129 1933 2404 1988 adversus
2434 1933 2688 1988 eumdem
2735 1931 3124 1997 Theodosium,
3157 1929 3404 1987 collectis
3447 1929 3728 1985 Gallorum

2129 2028 2580 2095 Francorumque
2628 2025 2836 2081 viribus
2865 2067 2880 2091 ,
2931 2025 3244 2090 exundavit,
3278 2025 3321 2056 ³⁸
3351 2022 3516 2078 nixus
3559 2021 3726 2076 etiam

2128 2120 2402 2192 prmcipuo
2429 2119 2576 2173 cultu
2607 2118 2901 2182 idolorum,
2935 2131 3130 2187 magna
3176 2125 3355 2171 tamen
3385 2116 3426 2148 ¹⁹
3459 2113 3727 2170 facilitate

2127 2213 2437 2270 succubuit.
2457 2211 2730 2282 Eugenius
2746 2220 2909 2279 atque
2922 2210 3254 2279 Arbogastes
3268 2209 3564 2264 instructas
3579 2208 3725 2263 acies

2124 2307 2334 2378 campis
2386 2305 2775 2378 expedierant,
2825 2305 2871 2346 ὀ
2914 2313 3027 2359 arta
3079 2302 3294 2373 Alpium
3346 2303 3520 2358 latera
3563 2308 3724 2370 atque

2124 2399 2465 2456 inevitabiles
2511 2397 2774 2453 transitus
2804 2437 2820 2464 ,
2875 2394 3173 2466 pra-missis
3225 2393 3422 2450 callide
3475 2392 3719 2459 insidiis,

2123 2502 2454 2562 occuparant
2485 2510 2499 2545 :
2531 2492 2573 2522 ἰ
2608 2499 2684 2556 ut,
2710 2489 2925 2544 etiamsi
2954 2502 3182 2542 numero
3210 2501 3274 2542 ac
3299 2486 3513 2541 viribus
3545 2484 3722 2555 impa«

2124 2604 2212 2646 res
2243 2587 2444 2652 forent,
2469 2586 2580 2641 sola
2606 2594 2786 2640 tamen
2821 2583 2948 2640 belli
2980 2580 3342 2652 dispositione
3362 2578 3622 2635 victores.
3651 2578 3721 2632 At

2122 2697 2254 2739 vero
2311 2680 2653 2736 Theodosius
2694 2681 2747 2734 in
2799 2677 3027 2733 summis
3079 2674 3309 2746 Alpibus
3360 2673 3714 2738 constitutus,

2122 2790 2319 2846 expers
2340 2775 2444 2830 cibi
2475 2790 2540 2828 ac
2576 2773 2775 2840 somni,
2808 2771 3009 2836 sciens,
3061 2769 3205 2840 quod
3236 2769 3534 2824 destitutus
3580 2768 3716 2831 suis,

2123 2867 2372 2923 nesciens
2399 2864 2542 2936 quod
2596 2864 2819 2920 clausus
2846 2863 3061 2929 alienis,
3095 2861 3380 2916 Dominum
3428 2858 3707 2915 Christum

2121 2961 2274 3017 solus
2302 2960 2476 3016 solum
2508 2957 2600 3028 qui
2632 2965 2816 3028 posset
2843 2955 3048 3021 omnia,
3082 2967 3311 3023 corpore
3339 2952 3486 3008 humi
3536 2951 3710 3015 fusus,

2123 3063 2305 3112 mente
2330 3055 2470 3110 crelo
2497 3052 2654 3119 fixus,
2673 3051 2882 3107 orabat.
2913 3049 3075 3121 560
3105 3045 3313 3103 Dehinc
3329 3044 3714 3116 postquamin-

2122 3164 2365 3207 somnetn
2391 3155 2604 3204 noctem
2648 3159 2867 3216 precum
2894 3140 3303 3198 continuatione
3345 3138 3633 3208 transegit,
3661 3146 3716 3192 et

421 3235 764 3304 quieverunt.
803 3237 969 3308 Igitur
995 3239 1403 3297 Valentinianus
1429 3241 1633 3313 junior,
1662 3260 1829 3316 regno
1853 3246 2014 3302 resti-
2044 3224 2090 3288 (ἶ
2126 3235 2932 3311 testeSpropetuodum,quasin
2952 3233 3182 3304 pretium
3209 3230 3446 3302 prmsidii
3473 3227 3713 3286 coelesus

422 3335 605 3400 tutus,
667 3333 936 3388 exstincto
989 3333 1253 3404 Maximo,
1315 3335 1541 3408 ejusque
1599 3338 1710 3393 lilio
1760 3337 2012 3410 Victore,

423 3436 582 3492 quem
645 3425 1025 3496 imperatorem
1082 3426 1248 3483 Gallis
1283 3427 1548 3484 Maximus
1587 3431 1752 3504 559
1789 3431 1834 3462 ³³
1881 3432 2009 3488 reli-

411 3515 648 3585 querat,
679 3517 795 3587 ipso
845 3521 897 3574 in
947 3520 1176 3577 Galliam
1221 3522 1467 3577 transivit
1504 3541 1515 3577 :
1556 3525 1644 3579 ubi
1701 3540 1825 3580 cum
1867 3537 2015 3581 tran-

422 3607 591 3679 quilla
622 3610 893 3680 republica
929 3612 982 3667 in
1021 3628 1154 3684 pace
1180 3623 1389 3686 ageret,
1421 3617 1564 3687 apud
1601 3616 1858 3673 Viennam
1887 3617 2014 3673 dolo

421 3701 773 3775 Arbogasus,
822 3705 1036 3762 comitis
1075 3706 1195 3776 sui,
1237 3717 1295 3764 ut
1337 3707 1552 3779 ferunt,
1605 3710 2012 3782 strangulatus,

2121 3335 2480 3408 appenderat,
2508 3333 2868 3403 lacrymarum
2901 3330 3124 3384 lacunas
3181 3324 3416 3396 reliquit,
3452 3323 3713 3379 fiduciali-

2123 3441 2206 3486 ter
2232 3444 2384 3483 arma
2411 3425 2699 3495 corripuit,
2731 3422 2902 3489 solus,
2941 3420 3120 3476 sciens
3151 3435 3211 3475 se
3236 3433 3359 3475 esse
3386 3433 3490 3473 non
3513 3417 3714 3472 solum.

2123 3524 2167 3554 ²²
2195 3521 2364 3592 Signo
2395 3518 2573 3576 crucis
2624 3517 2837 3586 signum
2872 3514 3062 3586 prmlio
3095 3513 3269 3579 dedit,
3315 3527 3379 3567 ac
3409 3526 3467 3568 se
3516 3511 3570 3566 in
3603 3509 3716 3565 bel-

2124 3615 2258 3684 lum,
2285 3613 2447 3668 etiam
2479 3612 2525 3666 si
2552 3623 2714 3666 nemo
2742 3617 3086 3678 sequeretur,
3104 3606 3275 3662 victor
3297 3605 3507 3660 futurus
3534 3601 3714 3656 immi-

2121 3708 2215 3766 sit.
2249 3708 2427 3764 Prima
2458 3704 2652 3762 salutis
2677 3702 2762 3759 via
2808 3701 3022 3758 exstitit
3051 3700 3098 3732 ³³
3127 3699 3390 3768 Arbitrio,
3435 3697 3715 3755 hostilium

1713 3846 2163 3907 llAVEBCAMPI
2203 3845 2432 3903 NOTAE.

496 3983 548 4036 7.
583 3983 712 4056 Soto
745 3993 940 4040 terrore
963 3984 1208 4039 nominis.
1235 3984 1410 4056 Lugd.
1439 3987 1579 4042 Ball.
1612 4001 1734 4043 cum
1765 3987 2014 4043 Perizon.

349 4083 352 4088 -
429 4054 564 4111 Ultr.
589 4067 644 4110 et
669 4055 812 4112 Coll.
840 4056 1106 4124 Gronov.,
1139 4054 1338 4141 magno
1359 4068 1551 4141 terrore
1579 4059 1800 4141 nominis
1820 4060 2020 4141 {feri-

425 4142 574 4209 zpu.,
606 4144 790 4198 magno
830 4139 1027 4184 terrore
1062 4145 1124 4183 ac
1167 4129 1354 4194 minis;
1397 4129 1492 4184 sed
1531 4131 1677 4202 vulg.
1711 4130 2020 4200 signiﬁcan-

428 4210 534 4254 IIOI'
564 4210 670 4254 est.

497 4270 551 4342 8.
593 4271 658 4325 Et
697 4271 810 4325 sine
846 4272 1215 4328 controversia.
1251 4271 1342 4328 Sic
1387 4272 1439 4327 in
1483 4274 1571 4329 ed.
1621 4276 1848 4342 August.
1878 4283 1934 4330 et
1964 4275 2016 4328 in

426 4341 552 4418 eod.
579 4343 828 4418 l’erizon.
857 4344 1060 4418 inveni,
1088 4353 1141 4398 et
1161 4342 1241 4398 sic
1263 4359 1478 4415 quoque
1503 4341 1730 4417 uterque
1752 4344 2016 4418 Florenti.

428 4411 623 4483 Vulgg.
656 4416 766 4468 sine
793 4431 897 4471 non
926 4415 1148 4470 habent.

497 4484 552 4557 9.
597 4485 761 4557 Cepit,
793 4486 1014 4557 occidit.
1046 4485 1186 4542 Edd.
1221 4486 1399 4556 vulgg.
1424 4527 1440 4552 ,
1478 4495 1524 4540 et
1568 4489 1776 4542 occidit.
1820 4489 2018 4544 Verum

430 4554 593 4630 lectio
627 4554 748 4626 quae
788 4556 842 4611 in
880 4571 1014 4630 mss.
1042 4568 1096 4612 et
1127 4557 1180 4614 in
1216 4554 1566 4630 cdeugust.
1600 4559 1812 4628 abjeclo
1839 4570 1908 4629 et,
1944 4562 2024 4616 iu-

431 4626 666 4684 venitur.
703 4629 985 4684 rotundior
1011 4637 1115 4682 est.

506 4699 594 4775 l0.
642 4697 804 4754 Parte
841 4702 971 4775 alia.
1014 4699 1105 4756 Sic
1145 4717 1356 4775 quoque
1393 4710 1580 4758 amant
1607 4717 1763 4772 tnss.,
1799 4717 1929 4773 non,
1965 4711 2022 4760 ul

431 4770 635 4840 vulgg.,
672 4789 702 4824 a
725 4780 872 4841 parte
899 4773 1024 4826 alia.

502 4841 589 4895 11.
621 4843 778 4897 Sunt.
811 4846 976 4900 Abest
1003 4859 1031 4898 a
1059 4845 1182 4901 cod.
1215 4847 1464 4904 Perizon.

504 4913 593 4968 12.
628 4913 695 4970 Et
724 4916 1109 4990 dispensantur.
1145 4919 1310 4990 Abest
1341 4921 1488 4990 prior
1510 4933 1615 4973 vox
1648 4931 1676 4972 a
1707 4917 1831 4974 cod.
1862 4916 2022 4974 Peri-

433 4998 555 5038 zon.
585 4995 640 5040 et.
670 4987 793 5041 edd.
813 4987 958 5044 ’vett.
993 4987 1336 5055 quibusdam.

506 5057 592 5110 15.
624 5056 923 5113 Declarata.
953 5057 1121 5128 Lugd.
1157 5061 1298 5116 Balt.
1327 5063 1456 5128 duo,
1483 5071 1529 5115 et
1558 5062 1850 5116 declarato.

504 5129 587 5182 14.
620 5129 968 5185 Theodosium
988 5169 1002 5185 .
1031 5166 1044 5181 .
1073 5171 1086 5184 .
1119 5171 1130 5184 .
1149 5145 1425 5187 consecuta
1449 5145 1584 5188 sunt.
1610 5133 1690 5188 lla
1710 5131 1868 5188 codd.
1899 5132 2025 5187 Flo-

435 5209 628 5272 I'_enlt.,
657 5200 828 5272 Lugd.
862 5203 1000 5272 Ball.
1037 5209 1166 5270 tres,
1197 5220 1322 5259 cum
1354 5204 1601 5260 Perizon.
1634 5204 1773 5260 Ultr.
1802 5215 1852 5258 el
1881 5202 2020 5258 Coll.

433 5270 674 5346 Gronov.
707 5270 1025 5346 atque°edd.
1062 5273 1334 5341 Vetustis;
1368 5277 1463 5332 sed
1508 5277 1677 5346 Lugd.
1715 5279 1831 5329 liat.
1868 5286 2022 5341 tert.,

435 5358 524 5410 per
548 5341 892 5398 Theodosium
917 5387 928 5398 .
955 5383 969 5398 .
999 5384 1011 5397 .
1041 5387 1054 5400 .
1079 5347 1351 5401 subsecuta
1371 5357 1510 5402 sunt.
1537 5341 1819 5403 Fabricius
1842 5357 2023 5402 autent

432 5422 487 5466 ct
511 5413 749 5482 Scottus,
781 5415 1124 5472 Theodosium
1151 5459 1163 5471 .
1194 5457 1206 5470 .
1236 5459 1250 5474 .
1283 5459 1296 5474 .
1320 5419 1592 5474 subsecuta
1616 5429 1753 5474 sunt.

509 5486 604 5563 lii;
629 5484 948 5563 Reliquerat.
980 5489 1381 5563 Mss.quidam_._
1403 5491 1740 5563 prtefererat:
1772 5490 1892 5545 Mox
1923 5504 2026 5560 pro

435 5559 675 5638 transivit
701 5572 834 5614 mss.
863 5559 1038 5631 Lugd.
1092 5559 1235 5616 Ball.
1266 5570 1318 5618 el
1344 5559 1482 5619 con.
1517 5559 1767 5618 Gronov.
1820 5559 2029 5617 malunt

434 5636 664 5682 transiit.

510 5700 942 5776 l_6._»l'.‘ugenium.
981 5703 1113 5760 Mss.
1166 5705 1392 5776 aliquot,
1439 5716 1547 5759 tum
1594 5703 1926 5776 Eugenium;
1972 5717 2024 5763 Ct

432 5772 552 5826 cod.
589 5771 860 5844 l’crizou.,
893 5774 1166 5847 etegitque,
1199 5771 1299 5848 pro
1329 5771 1570 5849 legitque.

2199 3989 2287 4044 17.
2317 3985 2583 4042 Minimus.
2604 3984 2740 4041 Edd.
2774 3983 3018 4054 quaedam
3042 3991 3200 4049 vett.,
3235 3981 3484 4048 minimis;
3510 3979 3608 4038 sed
3638 3989 3718 4038 est

2125 4060 2324 4114 allusio
2347 4060 2412 4113 ad
2443 4073 2630 4113 vocem
2654 4057 2935 4120 Maximus,
2970 4072 3090 4126 qua:
3112 4055 3416 4125 praecessit.

2201 4133 2288 4185 18.
2326 4130 2520 4184 Nixus.
2555 4129 2724 4199 Lugd.
2759 4128 2876 4182 Bal.
2915 4137 3062 4190 tert.,
3096 4129 3260 4199 nisus.

2201 4201 2288 4258 19.
2324 4195 2830 4256 Ιεάεἱιὶιιιιε.’111ἰιιιιε
2868 4210 3096 4265 rectum,
3125 4198 3266 4269 quod
3299 4198 3350 4252 in
3385 4195 3714 4268 quibusdam

2127 4288 2257 4329 mss.
2294 4274 2511 4341 legitur,
2550 4273 2810 4340 felicitate.

2199 4345 2290 4401 ‘20.
2324 4347 2450 4400 Arta
2499 4346 2705 4416 Alpium
2727 4345 2936 4416 Alatera.
2984 4343 3109 4397 Mss.
3153 4341 3322 4416 Lugd.
3382 4341 3715 4416 Batt.,_cum

2125 4415 2377 4472 Perizon.
2414 4412 2574 4474 Ullr.'
2603 4424 2659 4470 et
2713 4413 2852 4468 Coll.
2885 4414 3148 4476 Gronov.,
3202 4413 3333 4479 atto,
3379 4413 3525 4482 quod
3574 4412 3714 4465 haud

2129 4489 2362 4557 pra-fero
2391 4489 2621 4559 vulgatae
2654 4487 2894 4553 lectioni,
2922 4487 3046 4557 quia
3087 4484 3365 4550 transitus,
3417 4483 3506 4539 ubi
3561 4492 3715 4538 erant

2126 4562 2282 4624 arcti,
2307 4559 2631 4614 occluserat.

2199 4631 2291 4685 9.].
2329 4630 2420 4694 Ut,
2449 4632 2666 4685 etiamsi.
2694 4628 2862 4696 Lugd.
2891 4629 3030 4683 Batt.
3066 4637 3195 4692 tres,
3221 4629 3375 4682 etiam
3399 4628 3466 4682 si.

2195 4703 2287 4757 ‘22.
2316 4703 2481 4774 Signo
2531 4703 2696 4755 crucis
2733 4701 2953 4774 signum
2985 4699 3192 4774 prtulio
3215 4700 3376 4753 dedit.
3413 4699 3562 4767 Ejeci
3614 4698 3716 4754 hoc

2125 4773 2245 4828 loco
2278 4771 2665 4843 ineptissimam
2695 4773 2954 4840 glossam,
2985 4777 3121 4843 bene
3183 4771 3417 4839 longam,
3451 4786 3574 4843 qum
3601 4787 3716 4824 om-

2047 4849 2104 4909 D
2130 4862 2228 4900 nes
2245 4842 2618 4913 edd.cxcepla
2636 4844 2972 4912 Augustana,
2996 4842 3345 4911 deturpabat,
3362 4853 3522 4913 atque
3549 4842 3717 4896 inter-

2131 4912 2617 4986 pttticlatiOItemin
2653 4914 3084 4986 pra-cedentibus
3129 4916 3352 4968 mutavi.
3401 4912 3492 4967 Sic
3553 4913 3714 4981 vulgo

2132 4984 2411 5055 legebatur
2440 5006 2451 5040 :
2477 4984 2816 5039 Fiducialiter
2844 5003 2988 5039 arma
3036 4986 3290 5052 corripuit
3335 4988 3501 5050 solus,
3554 4986 3717 5038 sciens

2129 5077 2182 5115 se
2203 5075 2312 5113 esse
2336 5075 2434 5112 non
2462 5057 2631 5112 solum
2657 5057 2808 5127 signo
2839 5060 3004 5110 cruris
3033 5058 3297 5122 luendum,
3337 5057 3428 5110 sed
3469 5065 3518 5109 et
3557 5057 3714 5109 victo-

2131 5132 2264 5186 riam
2311 5131 2638 5199 adepturum,
2687 5132 2836 5199 signa
2885 5129 3054 5181 crucis
3105 5145 3160 5182 se
3201 5129 3457 5192 muniens,
3507 5128 3710 5195 signum

2130 5203 2359 5256 victoria:
2421 5201 2560 5254 dedit
2597 5243 2641 5272 ,_
2681 5216 2743 5251 ac
2815 5201 2972 5272 signo
3026 5201 3193 5272 crucis
3249 5201 3456 5272 signum
3538 5199 3714 5268 pra-lio

2130 5275 2291 5338 dedit,
2353 5282 2458 5327 etc.
2513 5272 2575 5324 Et
2631 5270 2766 5337 haec,
2821 5269 3008 5325 invitis
3049 5271 3203 5324 libris
3253 5269 3506 5324 omnibus
3559 5285 3713 5332 mss...

2131 5345 2274 5413 quod
2304 5359 2331 5397 a
2375 5343 2621 5397 Fabricio
2671 5357 2777 5396 non
2811 5343 2976 5398 fuisse
3038 5341 3474 5413 animadversum
3527 5342 3714 5413 miror.

2129 5411 2312 5486 Neque
2341 5414 2588 5486 Fabricio
2622 5414 2738 5482 plus
2756 5415 2888 5486 vidit
2915 5413 3161 5486 Lautius,
3190 5413 3316 5467 dum
3347 5411 3413 5464 ad
3465 5411 3613 5486 hunc
3640 5411 3716 5464 lo-

2128 5483 2252 5544 cutu
2287 5489 2354 5542 ita
2384 5485 2607 5540 scribit:
2649 5502 2667 5534 ‹
2706 5485 2924 5539 Addidit
2977 5485 3406 5539 Marcodutanus
3436 5499 3446 5532 :
3481 5499 3544 5534 ac
3570 5483 3716 5552 signa

2129 5561 2295 5614 crucis
2321 5561 2523 5628 signant
2549 5556 2726 5628 prwlio
2755 5557 2916 5625 dedit,
2951 5556 3093 5627 quod
3127 5571 3228 5612 nec
3268 5555 3322 5610 in
3349 5554 3544 5610 Colon.
3580 5564 3714 5618 erat,

2131 5647 2229 5686 nec
2259 5633 2307 5683 in
2332 5630 2558 5684 Materni
2589 5627 2884 5684 codicibus.
2929 5649 2945 5679 ι

2200 5704 2287 5755 2.3.
2314 5700 2558 5754 Arbitrio.
2623 5698 2762 5756 Edd.
2822 5707 2958 5770 Aug.
3017 5707 3071 5754 et
3113 5699 3235 5754 aliae
3283 5696 3714 5770 qumdarn_velt.

2130 5789 2250 5827 eum
2270 5787 2404 5827 mss.
2434 5771 2711 5843 Perizon.,
2745 5768 3072 5843 Lttng'Bal.
3109 5783 3258 5840 tert.,
3285 5769 3512 5834 Arbitio;
3548 5768 3713 5840 Lugd.

2132 5845 2246 5899 Bal.
2269 5859 2405 5916 scc.,
2441 5841 2667 5898 Arbitio.
