4076 6352
312 258 453 319 H53

1280 260 1755 324 HISTORIARUM
1798 261 2005 321 LIBER
2044 261 2161 322 VII.
2200 262 2354 322 CAP.
2400 264 2623 323 XXXV.

3465 266 3606 329 1154

308 376 545 446 partium
574 386 790 432 comes:
825 374 916 447 qui
947 387 1069 433 eum
1117 376 1362 449 ignarum
1393 381 1779 452 imperatorem
1803 382 1910 438 cir-
1934 392 1989 453 Α
2014 378 2323 435 Gothorum
2350 418 2366 444 ,
2408 394 2577 450 quos,
2615 373 2926 449 praemissos
2982 389 3013 431 a
3065 375 3392 449 Theodosio,
3426 380 3607 438 Arbo-

307 470 626 541 cumpositis
654 470 965 542 excepiswt
1012 471 1252 538 insidiis,
1301 489 1603 531 conversus
1631 475 1699 530 ad
1750 489 1904 531 reve-

309 562 545 620 rentiam
572 565 859 634 praesentis
882 563 1132 636 Augussi,
1159 580 1266 621 non
1296 566 1473 622 solum
1504 568 1747 638 periculo
1768 567 1907 623 libe-

311 658 474 729 ravit,
506 672 696 714 verum
722 658 886 714 etiam
931 657 1192 715 instruxit
1223 659 1449 717 auxilio.
1501 664 1570 717 At
1619 661 1709 717 ubi
1742 660 1788 693 "
1837 660 1904 716 ad

309 753 561 824 contigua
616 751 919 809 miscenda:
970 768 1164 824 pugnae
1208 754 1379 823 spatia
1413 764 1741 825 perventum
1798 764 1904 821 est,

309 846 573 903 continuo
593 860 821 917 magnus
841 844 932 901 ille
960 854 1016 901 et
1041 845 1331 925 ineffabilis
1353 846 1513 931 turbo
1536 857 1821 904 ventorum
1850 848 1905 904 in

310 954 408 997 ora
432 938 671 996 hostium
688 939 818 994 ruit.
839 937 1177 996 Ferebantur
1197 940 1244 971 ³³
1262 954 1357 1010 per
1373 955 1498 997 aera
1519 939 1724 1010 spicula
1740 942 1902 995 missa

309 1033 358 1067 "
381 1042 694 1089 nostrorum
726 1047 910 1099 manu,
957 1040 1120 1103 atque
1162 1032 1302 1088 ultra
1345 1047 1650 1088 mensuram
1683 1031 1903 1087 humani

307 1126 353 1159 ³⁷
364 1124 544 1197 jactus
562 1126 608 1158 ’⁸
627 1139 722 1196 per
751 1139 1006 1197 magnum
1035 1124 1195 1181 inane
1220 1135 1453 1195 portata,
1483 1140 1747 1197 nusquam
1782 1139 1906 1195 pro-

307 1218 602 1291 pemodum
630 1219 848 1287 cadere,
890 1220 1204 1291 priusquam
1238 1219 1623 1292 impingerent,
1655 1220 1905 1277 sineban-

304 1322 417 1372 tur.
448 1313 625 1370 Porro
667 1322 846 1370 autem
898 1314 1057 1370 turbo
1094 1315 1380 1370 continuus
1434 1329 1528 1370 ora
1576 1322 1905 1386 pectoraque

307 1404 547 1462 hostium
562 1408 605 1441 '9
635 1422 779 1462 nunc
804 1405 962 1462 illisis
990 1407 1227 1473 graviter
1256 1405 1429 1461 scutis
1455 1405 1500 1437 ³⁰
1522 1406 1902 1472 everberabat,

306 1497 467 1571 561
496 1513 640 1555 nunc
661 1497 943 1568 impressis
968 1498 1321 1568 pertinaciter
1341 1498 1384 1530 ³¹
1399 1497 1670 1553 obstructa
1688 1498 1906 1554 claude-

305 1591 472 1658 bat,“
498 1606 641 1647 nunc
652 1589 854 1647 avulsis
867 1589 1137 1646 violenter
1149 1590 1404 1646 destituta
1420 1588 1680 1657 nudabat,
1701 1589 1746 1620 ³³
1762 1606 1903 1648 nunc

304 1681 574 1753 oppositis
589 1682 793 1754 jugiter
821 1682 874 1738 in
908 1690 1061 1754 terga
1089 1682 1344 1739 trudebat
1374 1699 1387 1737 :
1419 1683 1525 1739 tela
1548 1683 1711 1739 etiam
1736 1727 1749 1751 ,
1783 1700 1904 1752 qua:

305 1774 413 1848 ipsi
434 1774 787 1833 vehementer
807 1774 1161 1841 intorserant,
1185 1784 1411 1846 excepta
1435 1777 1609 1831 ventis
1629 1775 1675 1807 ³³
1699 1777 1902 1848 impetu

305 1873 585 1943 supinata,
615 1887 679 1928 ae
707 1879 1008 1929 retrorsum
1037 1881 1224 1928 coacta
1255 1872 1402 1942 ipsos
1433 1870 1725 1929 infeliciter
1762 1887 1899 1929 con-

306 1963 570 2036 ﬁgebant.
605 1964 894 2036 Prospein
920 1963 1026 2020 sibi
1053 1964 1303 2019 humanae
1324 1960 1675 2020 conscientiae
1700 1981 1897 2036 pavor:

304 2075 432 2116 nam
455 2058 717 2116 continuo
737 2075 891 2128 sese,
918 2074 1080 2130 parva
1108 2074 1329 2116 suorum
1356 2074 1519 2115 manu
1544 2059 1682 2125 fusa,
1704 2059 1900 2117 victori

305 2152 617 2211 Theodosio
668 2151 884 2208 hostilis
929 2153 1225 2221 prostravit
1279 2153 1579 2208 exercitus.
1629 2153 1900 2224 Eugenius

304 2256 497 2318 captus
539 2256 705 2318 atque
754 2247 1076 2305 interfectus
1110 2255 1216 2304 est.
1266 2246 1596 2319 Arbogastes
1625 2248 1672 2281 ³⁵
1696 2264 1793 2305 sua
1841 2267 1900 2309 se

303 2355 470 2396 manu
504 2340 756 2411 perculit.
798 2340 873 2396 lla
914 2349 969 2396 et
1006 2340 1095 2396 hic
1120 2341 1350 2397 duorum
1392 2342 1657 2413 sanguine
1697 2342 1901 2399 bellum

303 2432 468 2490 civile
495 2433 543 2466 ³⁸
572 2436 895 2491 restinctum
923 2441 1037 2506 est,
1071 2434 1277 2507 absque
1313 2435 1420 2493 illis
1441 2435 1631 2495 decem
1664 2439 1903 2498 millibus

1934 1801 1982 1863 B

2011 483 2195 546 gastes
2222 473 2439 530 delesse
2485 472 2727 532 funditus
2774 472 2964 541 fertur,
3017 488 3157 544 quos
3206 473 3391 547 utique
3428 476 3610 546 perdi-

2015 565 2163 621 disse
2192 566 2404 621 lucrum
2433 573 2491 622 et
2520 564 2663 621 vinci
2697 562 2919 622 vincere
2954 564 3078 621 fuit.
3108 561 3225 621 Non
3275 566 3475 623 insulto
3504 568 3609 623 oh-
3668 584 3673 589 -

2010 659 2394 715 trectatoribus
2428 660 2648 715 nostris.
2675 658 2853 715 Unum
2884 658 3105 731 aliquod
3148 659 3219 715 ab
3264 658 3422 716 initio
3450 659 3609 718 llrbis

2007 753 2244 809 condita:
2281 753 2488 811 bellum
2520 753 2835 823 proferant,
2868 760 2974 808 tam
3002 753 3088 823 pia
3116 753 3444 811 necessitate
3478 769 3605 810 sus«

2008 854 2259 917 ceptum,
2303 855 2412 902 tam
2453 847 2636 903 divina
2668 847 2925 903 felicitate
2954 847 3298 914 conlectum,
3344 857 3454 903 tam
3493 848 3606 905 cle-

2008 937 2179 993 menti
2209 939 2542 1011 benignitate
2582 939 2851 1011 sopitum,
2902 939 2990 995 ubi
3033 954 3134 996 nec
3182 954 3355 1012 pugna
3386 954 3607 1011 gravem

2008 1032 2246 1099 cmdem',
2284 1048 2386 1090 nec
2430 1033 2662 1090 victoria
2698 1041 2980 1091 cruentam
3026 1034 3268 1105 exegerit
3294 1033 3558 1091 ultionem
3590 1053 3607 1091 :

2010 1133 2068 1183 et
2093 1126 2325 1183 fortasse
2373 1127 2671 1185 concedam
2699 1170 2714 1196 ,
2742 1136 2803 1184 ut
2846 1144 2953 1184 non
3002 1128 3121 1184 lure
3152 1128 3279 1186 fidei
3302 1129 3605 1187 Christiani

2009 1218 2165 1275 ducis
2194 1234 2453 1277 concessa
2505 1220 2815 1289 videantur,
2862 1220 3108 1293 quamvis
3149 1236 3250 1293 ego
3294 1220 3401 1278 hoc
3449 1224 3608 1279 testi-

2011 1300 2195 1368 monio
2240 1328 2350 1368 non
2396 1312 2663 1382 laborem,
2694 1313 2912 1384 quando
2957 1329 3096 1370 unus
3123 1328 3190 1370 ex
3236 1314 3370 1386 ipsis
3397 1357 3413 1383 ,
3446 1323 3607 1387 poeta

2009 1403 2228 1474 quidem
2264 1405 2531 1472 eximius,
2583 1406 2679 1463 sed
2738 1421 2979 1478 paganus
3016 1405 3488 1477 pervicacissimus
3513 1451 3529 1476 ,
3560 1406 3604 1438 ³⁷

2008 1495 2320 1568 hujusmodi
2372 1498 2622 1556 versibus
2655 1508 2711 1557 et
2746 1502 2860 1557 Deo
2886 1507 2945 1556 et
2985 1498 3195 1556 homini
3234 1501 3608 1558 testimonium

2012 1588 2165 1661 tulit,
2198 1589 2395 1662 quibus
2421 1592 2538 1648 ait:
3260 1621 3310 1665 ετ..

2135 1769 2176 1838 ρ
2197 1771 2395 1838 nimium
2421 1771 2606 1838 dilecte
2631 1772 2768 1838 Deo!
2797 1772 2842 1838 ³9
2868 1772 2957 1824 tibi
2983 1773 3160 1826 militat
3183 1771 3362 1838 aether,

2132 1832 2198 1884 Et
2219 1833 2456 1898 eonjurati
2477 1837 2683 1886 veniunt
2706 1836 2767 1885 ad
2789 1835 2992 1889 classica
3015 1838 3168 1889 venti.

2012 1980 2174 2054 562
2203 1981 2282 2039 lta
2303 1983 2518 2041 coalitus
2540 1983 2839 2056 judicatum
2869 1994 2955 2044 est
2992 1986 3137 2043 inter
3166 1995 3372 2060 partem
3393 2028 3408 2051 ,
3439 1987 3602 2045 etiam

2010 2079 2131 2130 sine
2163 2076 2419 2147 praesidio
2453 2077 2734 2134 hominum
2767 2079 2837 2136 de
2869 2080 2988 2136 solo
3018 2082 3129 2137 Deo
3158 2080 3435 2139 humiliter
3475 2097 3603 2153 spe—

2011 2177 2219 2226 rantem
2244 2210 2259 2237 ,
2288 2180 2345 2227 et
2378 2180 2589 2243 partem
2631 2175 3077 2246 arrogantissime
3123 2175 3193 2231 de
3223 2175 3433 2231 viribus
3471 2176 3607 2242 suis,

2012 2270 2069 2318 et
2116 2262 2187 2319 de
2232 2262 2393 2321 idolis
2445 2274 2891 2334 praesumentem.
2917 2267 2961 2301 ³³
2989 2267 3331 2324 Theodosius
3376 2276 3557 2323 autem
3586 2307 3601 2334 ,

2004 2355 2308 2425 composita
2336 2356 2796 2430 tranquillataque
2834 2358 3138 2430 republica,
3163 2359 3305 2431 apud
3347 2359 3605 2417 Mediola-

2005 2464 2135 2506 num
2162 2450 2495 2532 constitutus
2515 2494 2532 2522 ,
2569 2453 2715 2511 diem
2745 2453 2906 2511 obiit.

1586 2621 2040 2687 HAVERCAMPI
2079 2630 2313 2691 NOTAE.

373 2782 470 2839 24.
503 2779 601 2854 Ad
636 2782 880 2853 contigua
927 2781 1205 2837 miscenda:
1233 2797 1421 2854 pugna:
1473 2785 1664 2854 spatia.
1696 2784 1771 2840 ita
1803 2786 1903 2844 Pe-

302 2856 478 2932 rizon.
510 2853 761 2932 et_Lug_d_.
796 2855 914 2908 Bat.
940 2862 1066 2909 tert.
1087 2870 1210 2932 cum
1232 2853 1374 2932 Coll.
1400 2853 1642 2932 Gronov.
1679 2856 1897 2932 Vu_lgg.,

300 2927 656 2991 inmiscendaz;
690 2924 934 2980 Florent.
959 2939 1098 2994 sec.,
1131 2927 1184 2980 in
1205 2927 1449 2980 continua
1480 2924 1823 2984 inmiscendd.

371 2997 465 3052 25.
498 2996 603 3051 Per
628 3013 776 3054 aera.
808 2997 903 3052 Sic
930 2998 1138 3052 malunt
1166 3012 1298 3053 mss.
1329 3013 1487 3067 quam
1520 3014 1711 3055 aerem.

372 3069 465 3125 26.
501 3068 815 3123 Nostrorum
866 3084 1085 3141 manu._
1119 3068 1270 3124 llaud
1322 3069 1585 3127 inutiliter
1622 3080 1895 3141 postrema

302 3155 438 3214 voce
460 3155 687 3214 sensum
718 3148 881 3214 auget
906 3138 1028 3194 eod.
1064 3139 1339 3214 Perizon.,
1370 3155 1403 3194 a
1427 3138 1820 3214 vulgg.’ahest.

372 3212 466 3267 27.
488 3211 697 3266 lactus.
726 3211 954 3277 Quidam
985 3225 1145 3276 mss.,
1167 3212 1320 3269 ictus.

371 3284 467 3339 28.
498 3281 605 3356 Per
625 3299 872 3356 magnum
920 3283 1079 3337 inane
1107 3293 1334 3354 portata.
1362 3283 1558 3340 Colon.
1616 3295 1672 3342 et
1721 3288 1889 3344 editi:

300 3370 461 3430 ιιιρηιι
503 3355 1012 3430 irraere’reportata,
1040 3370 1109 3430 ex
1133 3356 1335 3423 quibus
1382 3356 1567 3430 verbis
1605 3356 1895 3430 legendum

305 3426 441 3482 illud
470 3426 663 3496 collegi
695 3444 709 3479 :
741 3426 787 3481 si
811 3426 969 3495 male,
1003 3425 1236 3482 aliorum
1262 3435 1381 3484 esto
1402 3425 1690 3497 judicium:
1719 3431 1895 3488 Laur.

302 3528 377 3541 -—
398 3497 540 3554 Editi
573 3505 703 3554 vett.
732 3512 1412 3572 omnes,0tnnesquequos
1436 3499 1708 3572 consului,
1738 3519 1895 3572 mss.,

303 3585 411 3643 per
437 3585 684 3643 mugitum
735 3569 890 3643 inane
929 3576 1138 3643 portatu
1175 3569 1462 3643 exhibent.
1508 3569 1661 3643 unde
1702 3569 1894 3643 miror,

305 3640 449 3716 unde
472 3640 749 3716 Fabricius
775 3651 833 3716 e_t
855 3640 1078 3716 Scottus
1118 3642 1354 3697 habeant
1377 3657 1533 3696 manu
1560 3641 1614 3695 in
1638 3658 1756 3701 aere
1785 3640 1900 3716 (sic

301 3714 449 3769 enim
479 3713 618 3783 apud
646 3713 768 3767 illus
796 3710 1017 3782 legitur)
1050 3722 1280 3783 portata.

372 3783 647 3859 29._N‘unc
696 3783 845 3839 illitis
894 3784 1117 3859 graviter
1165 3786 1339 3840 scutis.
1376 3784 1457 3859 Ita
1502 3800 1717 3855 omnes,
1762 3803 1899 3859 quos

302 3853 738 3932 cons_ului_,_ms_s.
756 3864 867 3932 ,_ut
890 3853 946 3910 et
974 3853 1064 3910 ed.
1090 3856 1264 3928 Aug.;
1293 3866 1348 3914 at
1369 3857 1577 3929 vulgg.,
1607 3853 1742 3915 nunc
1766 3853 1895 3932 illis,

299 3925 446 3998 quod
476 3926 635 3998 valde
661 3926 933 3998 disulicet.

373 3999 465 4054 50.
497 3995 870 4071 Euerberabat.
902 3997 1031 4071 Mss.
1057 3998 1301 4071 quidam,
1326 4002 1644 4058 verberabat.

373 4072 465 4128 5|.
495 4069 778 4144 Obstructa
807 4069 1098 4144 claudebat.
1142 4071 1351 4128 Sensus
1379 4085 1461 4129 est
1484 4117 1500 4144 ,
1536 4073 1749 4131 turbine
1790 4075 1899 4131 isto

299 4142 582 4198 nonnullis
612 4158 678 4197 ex
728 4141 965 4197 hostium
999 4158 1226 4200 numero
1270 4153 1424 4201 scuta
1473 4141 1582 4201 tam
1626 4146 1900 4202 violenter

298 4214 366 4269 ad
393 4222 609 4290 pectora
639 4222 803 4290 atque
848 4228 941 4290 ora
985 4214 1252 4283 impressa
1282 4217 1470 4286 fuisse,
1508 4225 1568 4273 ut
1592 4217 1679 4273 vix
1711 4218 1895 4290 respi-

298 4284 460 4342 randi
487 4284 743 4340 dederint
774 4284 1109 4342 facultatem.

372 4357 465 4412 52.
509 4355 668 4412 Nunc
714 4356 925 4410 avulsis.
957 4356 1092 4413 Cum
1146 4357 1358 4415 scilicet
1399 4359 1615 4417 turbine
1665 4376 1811 4417 saevo
1865 4374 1898 4417 e

297 4428 560 4501 manibus
583 4428 946 4501 eriperentur,
975 4428 1061 4484 vel
1091 4428 1166 4484 ita
1196 4430 1638 4501 relleeterentur,
1668 4444 1726 4489 ut
1754 4431 1896 4490 nuda

297 4500 489 4557 hostes
513 4499 825 4556 vulneribus
855 4514 950 4555 ora
981 4504 1311 4569 prmberent.

370 4575 461 4647 55.
490 4570 646 4647 Nunc
668 4571 940 4643 oppositis.
966 4571 1191 4647 Quando
1212 4588 1402 4631 arcere
1422 4574 1527 4647 vim
1551 4576 1894 4647 tempestatis

296 4659 329 4700 a
356 4644 500 4699 faeie
523 4642 759 4711 vellent,
785 4642 1114 4714 opponendo
1142 4654 1297 4700 scuta
1315 4685 1331 4711 ,
1359 4646 1550 4703 eadem
1580 4650 1633 4702 vi
1666 4642 1894 4704 turbinis

294 4716 354 4846 in
389 4725 544 4844 terga
574 4716 1060 4787 prosternebantur
1090 4714 1285 4773 iisdem
1316 4717 1518 4775 milites
1540 4761 1557 4786 ,
1590 4720 1681 4791 qui
1710 4730 1898 4792 gesta-

335 4802 406 4843 an
437 4828 453 4843 .

335 4795 453 4844 ant.

368 4860 462 4916 54.
501 4859 716 4933 Impetu
755 4859 1021 4932 supinata.
1054 4859 1300 4918 Florent.
1344 4858 1486 4930 duo,
1518 4861 1714 4933 impetu
1752 4864 1902 4934 supi-

297 4941 441 4987 nato.

368 5003 460 5077 55.
495 5002 609 5061 Sua
652 5021 707 5060 se
744 5019 923 5061 manu.
967 5003 1100 5062 Mss.
1130 5005 1367 5077 aliquot,
1413 5022 1510 5061 sua
1560 5021 1670 5062 sese
1695 5022 1857 5062 manu
1881 5046 1900 5075 ,

292 5075 380 5132 vel
407 5092 515 5132 sese
538 5092 633 5130 sua
657 5091 838 5130 manu.

366 5147 460 5205 56.
485 5145 809 5223 Restitit-tum
833 5157 926 5223 est.
954 5147 1126 5219 Lugd.
1150 5148 1272 5207 Bat.
1295 5163 1407 5223 pr.,
1430 5150 1743 5223 exstinctum
1769 5149 1892 5223 (sed

294 5219 721 5294 superscribitur
746 5219 1081 5284 restinctum)
1122 5230 1218 5277 est.
1263 5219 1401 5279 Edd.
1451 5220 1701 5294 quaedam
1727 5219 1890 5290 vett.,
1974 5240 1981 5249 ·

294 5291 596 5346 restrictum
624 5300 720 5346 est.

492 5360 816 5437 Hujusmodi
864 5363 1116 5421 versibus.
1164 5364 1297 5422 Mss.
1340 5364 1581 5439 aliquot,
1631 5366 1890 5439 ejusmodi

294 5434 608 5635 ΞεὲιξζΤὶὺὶ
639 5506 828 5563 militat
856 5508 1037 5565 wther.
1070 5508 1129 5565 ln
1156 5510 1290 5568 edit.
1320 5509 1634 5583 Augustana
1664 5509 1785 5569 hate
1811 5510 1888 5568 le-

329 5595 400 5635 un
429 5595 464 5635 ιι
508 5595 524 5635 :

291 5594 524 5652 guntur:

418 5694 706 5759 Qnimirum
722 5694 906 5746 dilecte
928 5694 1056 5759 Deo,
1083 5698 1162 5749 eul
1182 5696 1305 5751 fudit
1324 5699 1387 5749 ab
1410 5698 1555 5749 astris

419 5758 820 5824 /_Eolus_armatas
842 5758 1055 5824 hiemes,
1080 5760 1168 5824 tibi
1192 5761 1368 5812 militat
1391 5760 1571 5824 aether,

416 5820 480 5877 Et
500 5821 736 5886 eonjnrati
758 5822 966 5876 veniunt
986 5824 1048 5875 ad
1069 5822 1268 5876 classica
1291 5825 1446 5876 venti.

2008 2790 2076 2873 Et
2108 2792 2179 2850 ita
2204 2794 2427 2873 quidem
2456 2795 2711 2873 leguntur
2735 2798 2807 2873 hi
2836 2815 3028 2857 versus
3071 2786 3597 2873 apud'Claudianum

2006 2863 2187 2949 dein.
2209 2863 2493 2949 consulatu
2510 2863 2769 2949 'llonorii
2813 2888 2895 2949 vs.
2929 2873 2999 2930 96
3021 2915 3036 2942 ,
3067 2863 3174 2930 nisi
3202 2876 3349 2947 quod
3387 2876 3458 2934 ibi
3500 2893 3599 2949 pro

1960 2972 1975 2983 .
2005 2936 2142 3006 fudit
2170 2936 2228 2994 in
2257 2939 2366 2996 line
2390 2955 2581 2998 versus
2607 2944 2767 3014 primi
2793 2988 2809 3015 ,
2841 2946 2912 3000 sit
2936 2961 2953 3003 :

2658 3125 2744 3179 Cui
2768 3125 2926 3179 fundit
2951 3127 3013 3179 ab
3034 3129 3205 3191 antris,
3231 3133 3331 3181 etc.

2000 3292 2228 3349 Orosius
2261 3302 2441 3372 tamen
2472 3295 2618 3372 mihi
2634 3297 3131 3372 videturgnoluisse
3164 3299 3454 3358 admittere
3478 3316 3604 3372 pro-

2001 3374 2140 3449 pter.
2163 3368 2496 3449 mentionem
2514 3368 2741 3449 _:Eoli,
2786 3370 2875 3449 dei
2925 3374 3150 3449 pagani,
3176 3373 3441 3449 adeoque
3468 3368 3605 3449 eon-

2002 3440 2481 3514 tra_x__isse'versus.
2513 3440 2653 3514 Sunt
2680 3456 2819 3498 mss.
2848 3443 2903 3514 in
2927 3440 3139 3514 quibus
3172 3440 3371 3513 legitur
3408 3446 3478 3500 ad
3506 3446 3606 3500 Im-

2000 3508 2222 3591 millima
2246 3509 2464 3565 classica
2491 3513 2626 3567 venti
2643 3553 2658 3583 ,
2693 3528 2759 3569 ex
2801 3508 2998 3586 quibus
3028 3529 3133 3571 vox
3162 3508 3320 3587 prior
3349 3531 3418 3573 ex
3450 3517 3599 3572 varia

2001 3578 2239 3635 lectione
2272 3593 2402 3636 nata
2432 3591 2536 3638 est.

2073 3650 2536 3729 59;_T_heodo§iu_s
2575 3664 2773 3729 autem.
2836 3656 3287 3715 Victoriosissimi
3337 3658 3500 3729 hujus
3547 3668 3605 3717 et

2000 3736 2129 3778 vere
2141 3720 2592 3781 Christianissimi
2613 3728 2962 3798 imperatoris
2984 3728 3254 3799 subjicere
3274 3720 3429 3786 lubet
3444 3748 3602 3787 nume

2001 3808 2150 3870 mum
2180 3809 2408 3870 aureum
2432 3836 2448 3862 ,
2480 3798 2568 3870 qui
2600 3800 2873 3870 quondam
2901 3801 3112 3856 exstitit
3138 3799 3191 3855 in
3213 3816 3403 3857 musco
3426 3802 3598 3859 Mare-

2001 3862 2186 3948 lgiano.
2213 3865 2454 3948 lnparte
2475 3862 2595 3938 ejus
2617 3862 2897 3948 anteriore
2930 3870 3174 3927 cernitur
3206 3872 3388 3948 imago
3417 3873 3595 3948 Theo-

2000 3936 2143 4013 dosii
2175 3936 2399 4006 pectere
2442 3936 2628 4013 tenus,
2663 3940 2853 4013 dextra
2903 3957 3099 3999 manus
3138 3936 3430 4013 spiculum,
3462 3945 3596 4001 laeva

2001 4007 2252 4079 clypeum
2273 4050 2289 4076 ,
2319 4012 2587 4086 equestris
2615 4007 2996 4080 'exueditionis
3025 4024 3154 4085 typo
3172 4007 3477 4086 signatum,
3514 4027 3598 4073 te-

2002 4090 2127 4145 net;
2159 4091 2350 4158 pec_t_u_s
2380 4083 2605 4158 thorace
2626 4125 2641 4149 ,
2692 4083 3171 4158 caput_gemmata
3191 4083 3425 4158 casside
3463 4089 3600 4158 tegi-

2003 4158 2112 4214 tur,
2164 4152 2422 4207 scribitur
2458 4156 2512 4208 in
2552 4154 2824 4211 circuitu:
2858 4152 3111 4210 Dbminus
3158 4156 3344 4212 Noster
3382 4152 3600 4216 ΤΗΕὉ-

2001 4220 2247 4298 9051ρὸ
2273 4224 2395 4278 l’ius
2424 4224 2575 4298 Felix
2596 4223 2915 4283 AVGustus.
2943 4228 3026 4283 Ab
3053 4228 3224 4284 altera
3253 4237 3410 4298 parte
3443 4231 3602 4288 sedet

1998 4293 2147 4374 μονα
2178 4293 2350 4350 Roma
2380 4313 2391 4347 :
2418 4295 2487 4374 ad
2518 4298 2704 4366 pedes,
2747 4297 3041 4374 maritima:
3087 4293 3349 4374 potentiae
3375 4303 3599 4374 symbo-

2001 4363 2147 4442 lum,
2167 4379 2327 4435 prora
2352 4368 2489 4442 ratis
2515 4363 2649 4442 cum
2671 4369 3045 4439 gubernaculo
3069 4363 3438 4442 conspicitur}
3468 4374 3602 4430 dex-

2001 4446 2082 4490 tra
2134 4436 2378 4514 hastam,
2418 4436 2989 4514 lreva_vietoriolam,
3029 4436 3589 4514 globo'impositam,

2000 4517 2173 4564 tenet.
2223 4506 2529 4566 Concordia
2560 4510 2852 4569 Theodosii
2882 4522 2940 4570 et
2964 4506 3201 4571 'Areadii
3249 4506 3355 4571 hac
3396 4506 3597 4573 inseri:-

1923 4608 1974 4670 ι)
1998 4578 2509 4670 Ψῗῆηίῖμνῐίωίξΐτ
2539 4582 2935 4670 ςίξδαοιωυλ
2977 4584 3382 4670 ὲνβιιειοτειηεο
3430 4587 3599 4670 Ii"!!!-

1999 4666 2151 4780 musl,
2176 4661 2232 4707 ut
2260 4667 2327 4778 etv
2356 4653 2758 4726 subscriptione
2784 4668 2974 4729 patet,
3005 4656 3486 4732 Constantinopoli
3518 4659 3594 4717 si-

2002 4738 2104 4780 gna
2133 4739 2195 4780 us
2225 4738 2285 4780 es
2314 4764 2329 4780 .

2002 4738 2195 4795 gnatus
2225 4738 2329 4781 est.
