4076 6352
284 263 438 322 ηδτ

1261 264 1736 325 HISTORIARUM
1777 260 1984 324 LIBER
2023 259 2133 324 VII.
2175 263 2331 325 CAP.
2374 265 2643 326 XXXVII.

3434 255 3597 328 ms"

281 382 422 436 sinu:
454 384 792 455 episcopum.
828 384 1113 440 ltletliolani
1162 387 1326 456 paulo
1365 397 1490 441 ante
1535 386 1873 446 defunctum.
1911 385 1950 441 Α
1986 399 2090 438 non
2115 384 2378 438 dubitavit
2407 385 2718 440 extrahere.
2752 385 2946 439 Secuta
2979 391 3062 439 cst
3092 395 3246 453 jvmua
3279 369 3322 420 ’θ
3353 387 3577 441 sacrile-

284 489 378 542 per
411 477 682 531 somnium
734 477 836 533 sibi
885 478 1073 534 videre
1122 480 1271 535 visus
1326 489 1432 546 est,
1483 479 1876 551 significantem

286 583 472 631 tlltlttll,
506 579 560 624 et
599 571 834 640 impacto
871 570 936 626 ad
970 570 1194 626 humum
1227 581 1312 628 ter
1343 572 1538 628 bacqu
1567 573 1876 630 dicentem:

287 660 410 726 llic,
433 661 538 730 hic,
563 663 666 719 hic.
695 665 848 733 Quod
874 665 963 720 ille
992 665 1243 737 prudenti
1273 667 1585 738 conjectura
1613 667 1883 724 intellexit

288 757 328 789 ⁸ο
361 757 556 812 merito
585 760 959 815 armuntiantis
984 759 1145 815 ﬁdem
1179 760 1450 827 victoriae,
1476 763 1646 818 verbo
1664 761 1842 818 locum
1861 804 1878 830 ,

285 863 514 904 nurnero
543 848 687 905 diem
734 851 1049 922 significari.
1080 851 1126 884 ¹⁰
1155 852 1437 919 Substitit,
1482 867 1546 908 ac
1580 855 1740 910 tertio
1789 854 1876 908 de-

284 955 432 995 mum
465 941 580 1005 die.
628 954 749 1012 post
780 954 995 1000 noctem
1027 945 1372 1002 orationibus
1399 947 1721 1018 hymnisque
1753 963 1881 1018 per-

284 1032 536 1103 vigilem,
566 1035 610 1066 ²¹
641 1035 713 1089 ab
743 1036 874 1104 ipsis
904 1036 1204 1094 caelestium
1236 1047 1706 1097 sacramentorum
1737 1055 1883 1111 mys-

284 1126 463 1192 teriis,
487 1127 540 1182 in
563 1127 775 1183 hostem
795 1130 1180 1186 circumfusum
1212 1133 1257 1164 “
1285 1133 1579 1202 processit:
1605 1133 1653 1165 ”
1683 1141 1884 1188 etcum

284 1217 352 1274 ad
381 1233 480 1274 eos
505 1221 594 1290 qui
626 1221 788 1290 primi
843 1233 1222 1293 occurrerant,
1255 1225 1342 1294 pia
1377 1226 1524 1295 pacis
1571 1227 1740 1281 verba
1767 1226 1886 1297 jac-

287 1319 446 1378 taret,
503 1312 820 1382 signiferum
858 1313 1148 1382 quemdam
1192 1315 1239 1348 ²⁵
1271 1316 1573 1373 insolenter
1609 1317 1884 1374 obsisten-

286 1410 420 1470 tem,
449 1411 504 1459 et
529 1405 640 1474 jam
659 1404 884 1476 jamque
910 1422 1141 1479 pugnam
1173 1410 1524 1480 oscitantem,
1554 1411 1735 1482 gladio
1764 1425 1888 1481 per-

284 1495 462 1550 cussit
491 1495 545 1550 in
589 1496 813 1552 brachio
839 1516 852 1550 :
887 1513 1118 1570 eumque
1148 1516 1310 1556 manu
1339 1501 1603 1570 debilem,
1629 1503 1746 1573 ipso
1767 1503 1890 1559 vul-

285 1603 418 1644 nere
447 1589 632 1659 coegit
675 1605 905 1660 pronum
957 1593 1224 1650 inclinare
1278 1595 1560 1652 vexillum.
1593 1596 1714 1663 Quo
1746 1597 1885 1664 viso,

287 1679 513 1750 reliqua:
543 1681 800 1738 cohortes
825 1682 1159 1741 deditionem
1186 1687 1297 1756 jam
1325 1688 1441 1743 fieri
1468 1687 1712 1758 priorum
1740 1689 1890 1744 exis-

1980 491 2130 548 gunt.
2164 478 2296 532 Nam
2328 479 2516 533 iisdem
2546 477 2934 547 superstitibus
2975 486 3138 546 atque
3166 478 3574 545 insultantilms,

1982 585 2117 639 quos
2142 570 2452 626 abecclesia
2478 571 2541 624 ad
2566 577 3156 642 pmnamprotraxerat,
3187 578 3309 642 post
3340 572 3580 641 aliquan—

1985 673 2094 718 tum
2139 671 2351 733 tempus
2395 662 2439 695 ³⁰
2470 671 2525 718 et
2547 663 2662 734 ipse
2686 663 2834 720 solus
2865 663 3083 733 punitus
3130 671 3215 720 est
3269 681 3280 716 :
3315 663 3358 695 "
3384 664 3583 732 proba-

1983 759 2165 826 vitquc
2202 762 2254 812 in
2282 769 2342 814 se
2375 771 2504 825 uno,
2547 756 2614 812 ad
2648 765 2934 827 utrumque
2982 756 3028 788 ³¹
3071 770 3290 826 semper
3337 754 3578 810 divinum

1983 853 2205 924 vigilare
2219 851 2480 923 judicium
2509 869 2520 904 :
2544 851 2759 922 quando
2777 860 2832 907 et
2847 865 2969 906 cum
2982 851 3244 922 speravit,
3261 848 3499 919 adjutus,
3527 856 3583 903 et

1985 957 2107 998 cum
2133 943 2494 1014 contempsit,
2525 943 2740 998 occisus
2769 953 2872 996 est.

2421 1037 2582 1110 537
2623 1035 2851 1092 CAPUT
2892 1033 3158 1091 xxxv".

1986 1129 2067 1202 De
2097 1129 2281 1202 Rga/ini
2307 1140 2357 1183 et
2390 1129 2660 1184 Stiliconis
2685 1129 2918 1202 scelere:
2947 1130 3064 1184 item
3095 1129 3416 1200 Rhadagaisi
3450 1132 3587 1202 regis

2023 1200 2317 1257 Gothorum
2340 1219 2356 1268 ,'
2388 1202 2644 1271 quomodo
2673 1200 2897 1256 Romam
2929 1204 3172 1256 terruerit
3199 1211 3247 1256 et
3267 1202 3431 1256 rictus
3459 1200 3547 1256 sit.

2063 1315 2271 1372 Interea
2294 1329 2416 1371 cum
2442 1330 2471 1370 a
2499 1315 2808 1370 Theodosio
2841 1317 3172 1386 imperatore
3205 1316 3442 1385 seniore,
3471 1318 3581 1373 sin-

1989 1407 2132 1480 gulis
2163 1408 2180 1439 ⁸
2211 1407 2511 1478 potissimis
2538 1405 2805 1462 infantum
2831 1421 2958 1462 cura
2990 1416 3048 1463 et
3071 1409 3358 1478 disciplina
3392 1410 3589 1464 utrius-

1989 1515 2096 1572 que
2120 1500 2302 1571 palatii
2327 1500 2622 1555 commissa
2649 1510 2819 1566 esset,
2847 1499 2951 1554 hoc
2979 1508 3084 1566 est,
3118 1499 3313 1556 Rufino
3335 1500 3586 1556 Orienta-

1990 1592 2056 1648 lis
2081 1593 2240 1660 aulat,
2266 1591 2514 1648 Stiliconi
2545 1591 2911 1648 Occidentalis
2937 1591 3171 1663 imperii,
3197 1593 3326 1663 quid
3357 1607 3587 1664 uterque

1992 1689 2195 1758 egerit;
2243 1686 2438 1757 quidve
2467 1700 2630 1757 agere
2659 1693 2885 1740 conatus
2927 1685 3036 1750 sit,
3081 1686 3258 1739 exitus
3310 1686 3590 1756 utriusque

293 1775 574 1844 titnantes,
599 1779 856 1834 certatim
886 1795 1011 1837 sese
1037 1781 1108 1836 ad
1132 1780 1480 1838 Mascezilem
1515 1782 1694 1853 signis
1722 1782 1888 1838 tradi—
1917 1772 1968 1834 Β
1992 1781 2172 1838 docuit
2196 1799 2208 1835 :
2233 1795 2356 1837 cum
2384 1780 2523 1836 alius
2545 1779 2669 1844 sibi,
2695 1779 2840 1835 alius
2863 1779 2975 1834 lilio
3003 1795 3104 1835 suo
3131 1779 3388 1836 aﬂ‘ectans
3412 1780 3590 1850 regale

285 1869 421 1925 dere
451 1872 755 1928 conversis.
790 1871 1046 1940 Barbari,
1075 1889 1305 1945 quorum
1350 1889 1600 1946 magnam
1634 1874 1885 1931 multitu-

286 1962 471 2019 dinem
502 1963 549 1994 ³⁸
580 1963 740 2020 Gildo
780 1964 849 2020 ad
884 1965 1080 2022 bellum
1130 1965 1458 2033 deduxerat,
1490 1965 1704 2024 defectu
1743 1967 1888 2022 mili-

288 2065 402 2113 tum
431 2057 595 2130 566
636 2059 906 2126 destituti,
961 2061 1014 2114 in
1059 2059 1276 2117 diversa
1308 2060 1581 2133 fugerunt.
1632 2061 1794 2118 Gildo
1821 2069 1879 2118 et

287 2150 407 2220 ipse
427 2151 607 2222 fugam
635 2151 855 2208 molitus
883 2161 1101 2223 arrepta
1147 2155 1268 2210 navi
1297 2154 1344 2186 ”
1371 2165 1430 2211 ut
1459 2155 1512 2210 in
1539 2155 1708 2210 altum
1749 2171 1876 2226 pro-

289 2253 506 2310 vectus,
529 2260 592 2301 ac
613 2245 814 2303 deinde
843 2258 1126 2304 revocatus
1161 2250 1216 2304 in
1241 2249 1507 2316 Africam,
1535 2259 1657 2320 post
1679 2250 1891 2321 aliquot

290 2336 411 2394 dies
439 2339 830 2410 strangulatus,
880 2341 1106 2398 interiit.
1142 2343 1583 2400 Periclitaremur
1625 2343 1729 2398 sub
1767 2354 1890 2400 tan-

292 2438 471 2484 torum
518 2431 908 2488 miraculorum
957 2435 1164 2502 relatu,
1215 2450 1544 2507 prmsumpta
1591 2435 1890 2492 mentiendi

293 2521 658 2593 impudentia,
709 2525 813 2582 nisi
843 2526 1022 2584 adhuc
1045 2543 1236 2585 vocem
1283 2538 1526 2584 nostram
1556 2529 1890 2586 conscientia

292 2629 504 2683 eorum,
532 2619 624 2688 qui
652 2619 978 2688 interfuere,
1027 2633 1411 2692 praecurreret.
1445 2621 1618 2678 Nullas
1655 2634 1894 2693 aguntur

294 2707 533 2780 insidia,
567 2711 714 2768 nulla
745 2717 1055 2785 corruptio,
1087 2718 1427 2789 septuaginta
1456 2717 1626 2773 millia
1658 2716 1892 2773 hostium

296 2800 585 2859 vincuntur
614 2819 752 2875 pene
779 2807 900 2864 sine
944 2823 1126 2880 pugna
1155 2828 1167 2863 :
1201 2810 1333 2883 fugit
1361 2811 1536 2866 victus
1561 2810 1628 2866 ad
1658 2819 1891 2881 tempus,

292 2911 364 2953 ne
393 2896 512 2968 plus
542 2899 742 2956 audeat
764 2901 941 2956 victor
966 2902 1157 2959 iratus.
1181 2902 1606 2974 Transportatur
1631 2905 1686 2960 in
1710 2905 1893 2962 diver-

293 3005 414 3046 sum
447 2990 654 3060 locum,
682 2993 726 3025 ’⁷
751 3001 804 3049 ut
838 2995 1048 3050 nesciat
1074 2995 1245 3054 frater
1269 2997 1470 3065 occidi,
1505 2999 1554 3032 ’⁸
1578 3015 1686 3070 quo
1712 3001 1893 3058 vindi-

1992 1875 2290 1946 fastigium,
2325 1883 2383 1930 ut
2413 1873 2576 1930 rebus
2601 1885 2824 1944 repente
2854 1875 3115 1940 turbatis,
3149 1874 3449 1929 necessitas
3480 1875 3587 1928 rei-

1995 1967 2222 2038 publica:
2251 1967 2431 2022 scelus
2459 1966 2698 2022 ambitus
2722 1973 2948 2036 tegeret,
2985 1966 3242 2022 barbaras
3269 1976 3462 2038 gentes
3500 1966 3592 2022 ille

1993 2060 2237 2129 immisit,
2271 2058 2360 2114 hic
2388 2059 2539 2113 fovit.
2571 2058 2748 2114 Taceo
2771 2059 2840 2115 de
2868 2059 3084 2114 Alarico
3110 2074 3235 2130 rege
3251 2075 3371 2115 cum
3399 2059 3592 2116 Gothis

1993 2154 2106 2209 suis
2137 2168 2282 2225 saepe
2301 2153 2469 2218 victo,
2503 2168 2650 2220 saepe
2684 2153 2966 2219 concluso,
2999 2141 3320 2224 semperque
3343 2155 3590 2211 dimisso.

1993 2247 2016 2278 ⁸
2049 2245 2228 2301 Taceo
2269 2244 2338 2299 de
2377 2242 2690 2300 infelicibus
2717 2244 2875 2300 bellis
2907 2247 3047 2313 apud
3077 2247 3098 2277 ³
3125 2247 3442 2302 Pollentiam
3470 2263 3593 2318 ges-

1996 2338 2094 2405 tis,
2119 2351 2243 2394 cum
2285 2336 2517 2393 barbaro
2544 2345 2600 2392 et
2631 2351 2839 2407 pagano
2863 2336 2883 2368 ‘
2913 2338 3038 2393 duci
3067 2379 3080 2401 ,
3115 2337 3220 2395 hoc
3245 2349 3324 2395 est
3350 2383 3365 2408 ,
3407 2340 3550 2398 Sauli
3576 2387 3590 2410 ,

1993 2430 2121 2487 belli
2149 2444 2359 2485 summa
2383 2430 2671 2486 commissa
2700 2440 2813 2484 est:
2841 2432 2998 2500 cujus
3029 2432 3376 2502 improbitate
3399 2435 3421 2466 ⁸
3443 2451 3596 2492 reve-

1995 2525 2308 2584 rendissimi
2339 2525 2460 2582 dies
2483 2535 2534 2581 et
2565 2536 2813 2582 sanctum
2845 2527 3053 2584 Pascha
3084 2530 3340 2586 violatum
3371 2537 3475 2601 est,
3507 2549 3599 2588 ee-

1995 2622 2256 2692 dentique
2287 2621 2428 2677 hosti
2461 2629 2682 2692 prepter
2718 2621 3039 2691 religionem
3069 2665 3085 2690 ,
3119 2631 3178 2678 ut
3207 2633 3468 2693 pugnaret
3496 2639 3596 2680 ex-

1997 2722 2202 2770 tortum
2235 2722 2357 2770 est:
2390 2727 2510 2768 cum
2537 2711 2754 2784 quidem
2780 2713 3102 2770 ostendente
3133 2715 3185 2770 in
3214 2714 3365 2770 brevi
3388 2715 3602 2787 judicio

1997 2809 2130 2880 Dei,
2159 2817 2218 2866 et
2243 2807 2374 2880 quid
2405 2807 2556 2863 favor
2583 2806 2702 2878 ejus
2728 2816 2944 2876 posset,
2973 2816 3028 2863 et
3054 2808 3179 2879 quid
3207 2801 3229 2840 ⁸
3255 2809 3390 2865 ultio
3417 2809 3598 2882 exige-

1999 2915 2120 2973 ret,
2150 2913 2457 2975 pugnantes
2484 2902 2714 2958 vicimus
2733 2943 2746 2968 ,
2771 2901 3006 2958 victores
3027 2903 3155 2957 victi
3178 2917 3385 2958 sumus.
3421 2903 3599 2960 Taceo

2001 3000 2071 3056 dc
2103 2999 2342 3070 ipsorum
2375 2995 2520 3051 inter
2545 3008 2606 3050 se
2634 2994 2996 3049 Barbarorum
3018 2995 3226 3052 crebris
3257 2993 3599 3052 dilaceratio—

296 3092 451 3141 catur
486 3086 693 3144 occiso.
721 3087 864 3144 Sane
906 3089 1050 3146 idem
1080 3091 1352 3155 Mascezil,
1388 3091 1565 3150 elatus
1601 3108 1784 3151 rerum
1809 3110 1897 3153 se—
2001 3093 2184 3158 nibus,
2208 3092 2228 3124 "
2253 3104 2375 3147 cum
2404 3088 2711 3145 seinvicem
2735 3087 3035 3144 Gothorum
3065 3089 3223 3145 cunei
3249 3089 3376 3155 duo,
3404 3089 3601 3146 deinde

306 3178 608 3236 cundarum
655 3181 964 3253 insolentia,
1000 3184 1310 3255 posthabito
1340 3197 1652 3245 sanctorum
1678 3203 1895 3246 consor-
1924 3158 1972 3224 ο
2004 3184 2162 3242 Alani
2215 3192 2376 3253 atque
2427 3180 2606 3236 Hunni
2663 3179 2832 3234 variis
2881 3179 3121 3236 ctedibus
3179 3180 3600 3252 populabantur.

295 3272 396 3341 tio,
425 3288 552 3328 cum
586 3274 786 3345 quibus
827 3286 984 3333 antea
1011 3277 1126 3333 Deo
1169 3279 1410 3335 militans
1467 3280 1701 3350 vicerat,
1731 3285 1894 3339 etiam

296 3367 590 3424 ecclesiam
627 3377 893 3428 temerare
922 3387 1088 3428 ausus
1117 3382 1222 3440 est,
1255 3383 1418 3446 atque
1446 3389 1514 3430 ex
1538 3390 1598 3430 ea
1629 3376 1896 3448 quosdam

2004 3277 2385 3348 Rhadagaisus
2411 3315 2425 3341 ,
2473 3271 2717 3328 omnium
2765 3273 3111 3342 antiquorum
3146 3275 3603 3344 praesentiumque

2005 3373 2172 3446 568
2188 3369 2422 3426 hostium
2441 3368 2598 3438 Iunge
2625 3364 3076 3432 immanissimus,
3099 3367 3381 3436 repentino
3397 3367 3602 3438 impetu

1594 3538 2048 3598 IIAVERCAMPI
2087 3533 2321 3594 ΝΟΤᾸΞ.

300 3669 619 3749 Diaco_nu_m,
665 3671 1098 3749 sed_incurrente
1125 3683 1282 3749 nocte
1290 3677 1510 3749 malunt
1530 3677 1618 3749 ed.
1658 3676 1897 3749 August.

301 3743 503 3822 gtcod.
537 3743 710 3814 Lugd.
761 3745 1033 3822 Qat._sec.
1086 3747 1399 3822 cu_m_‘Ultr.
1455 3748 1670 3822 Reliqui
1722 3743 1896 3820 L'ugd.

302 3813 444 3896 Batt.
478 3824 590 3896 tres
619 3813 743 3871 cum
775 3816 1027 3872 Perizon.
1051 3825 1104 3873 et
1123 3816 1267 3874 Coll.
1296 3817 1537 3876 Gronov.
1585 3813 1768 3892 legunt
1808 3813 1898 3876 in-

301 3895 514 3941 ststenle
551 3897 720 3942 nocte.
1299 3949 1306 3956 ,

338 3984 342 3987 -
378 3957 466 4012 I9.
496 3956 682 4013 Merito
708 3961 1083 4016 annuntiantis.
1116 3959 1481 4031 Quinticasus
1504 3961 1719 4020 videtur
1755 3963 1898 4021 istud

305 4031 508 4101 merito,
542 4031 752 4101 idest,
805 4033 1046 4100 ablativi,
1095 4048 1200 4087 non
1237 4049 1366 4090 vero
1417 4034 1736 4092 adverbium
1779 4051 1795 4101 ;
1828 4039 1903 4091 si-

304 4100 526 4178 gnificat
555 4099 718 4178 igitur
735 4117 830 4178 per
857 4105 1109 4178 meritum
1141 4105 1412 4162 Ambrosii
1433 4147 1448 4173 ,
1466 4107 1578 4178 jam
1609 4109 1750 4164 inter
1778 4099 1906 4164 bea—

308 4180 411 4248 tos‘
425 4171 598 4248 relati.
632 4171 879 4248 Perizon.
910 4218 923 4238 ,
949 4177 1251 4248 meritoque.

330 4253 342 4262 '
379 4243 454 4322 eo
477 4242 773 4322 .Subsistit.
800 4246 877 4301 Ita
903 4242 1218 4322 inpiacojio
1248 4247 1475 4319 legitur,
1502 4259 1556 4306 et
1586 4252 1667 4308 sic
1693 4267 1907 4322 quoque

308 4315 516 4397 habent
535 4315 655 4397 cod.
703 4317 845 4397 _U_ltr.
866 4327 922 4373 et
955 4319 1096 4374 Coll.
1127 4315 1365 4376 Gronov.
1397 4336 1578 4393 neque
1627 4315 1902 4397 displicet.

309 4385 508 4456 Vulgg.
549 4388 796 4442 substitit.

516 4459 592 4540 Ali
616 4461 774 4540 ipsis.
799 4460 932 4540 Edd.
959 4461 1206 4540 quaedam
1239 4471 1368 4520 velt.
1398 4506 1412 4532 ,
1457 4465 1867 4540 munitusiipsis.

381 4528 474 4582 2‘2.
536 4528 818 4588 Processit.
851 4528 1024 4601 Lugd.
1073 4535 1213 4589 Batt.
1267 4543 1376 4591 tres
1400 4528 1534 4593 cum
1588 4528 1914 4596 COIL'Gru-

313 4613 443 4657 nov.
476 4609 532 4656 et
553 4603 674 4656 cod.
704 4602 954 4660 Perizon.
981 4645 996 4668 ,
1038 4607 1293 4668 procedit.

507 4671 574 4748 Et
603 4689 719 4748 cum
743 4677 810 4728 ad
839 4671 1076 4748 eos.Ed.
1101 4678 1266 4748 Aug,
1295 4690 1475 4734 etcum
1504 4682 1612 4746 iam
1637 4684 1708 4738 ad
1731 4700 1838 4740 eos.

387 4742 480 4797 ‘24.
527 4742 836 4800 Insolenter.
859 4746 992 4802 Cod.
1042 4742 1289 4805 Periion.
1315 4792 1330 4814 ,
1364 4742 1630 4807 violenter.

2006 3685 2141 3734 vett.
2161 3719 2175 3744 ,
2205 3690 2306 3746 quo
2334 3671 2664 3728 vindicantur
2686 3669 2878 3736 occisi,
2928 3667 3184 3726 videlicet
3213 3668 3367 3726 liberi
3398 3671 3603 3728 Mascc-

2006 3750 2168 3874 ZHIZSSl.
2204 3815 2551 3886 Sacrilegum.
2580 3811 2746 3882 Lugd.
2779 3809 2920 3866 Batt.
2956 3827 3038 3882 pr.
3064 3820 3119 3867 et
3149 3821 3274 3868 tert.
3301 3827 3422 3868 cum
3462 3813 3604 3870 Coll.

2007 3891 2250 3948 Gronov.
2279 3930 2290 3949 ,
2315 3886 2668 3953 sacrilegium.

2079 3961 2168 4018 50.
2215 3960 2280 4014 Et
2308 3959 2419 4028 ipse
2445 3955 2604 4028 solus.
2638 3954 2712 4010 Ita
2741 3963 3112 4028 transponunt
3133 3953 3248 4011 haec
3274 3955 3436 4028 verba
3471 3971 3604 4012 mss.

2010 4048 2112 4105 pro
2141 4031 2285 4088 solus
2315 4025 2362 4086 et
2390 4031 2519 4102 ipse.
2555 4026 2611 4082 lu
2641 4027 2781 4098 Aug.
2803 4025 2893 4082 ed.
2933 4037 3100 4097 atque
3125 4028 3250 4083 cod.
3287 4027 3427 4084 Ultr.
3459 4028 3610 4084 dele-

2013 4114 2583 4245 wgfflrobavitque.
2616 4169 2803 4232 Recte.
2837 4185 2944 4224 non
2981 4171 3402 4245 proqucavitque,
3428 4171 3621 4245 prouti

2012 4247 2066 4303 in
2091 4247 2259 4332 Lugd.
2315 4241 2584 4314 Batt.’pr.
2616 4250 2671 4297 et
2716 4249 2843 4296 tert.
2875 4252 3040 4312 atque
3083 4241 3226 4308 Coll.
3255 4241 3494 4300 Gronov.
3530 4243 3611 4298 in-

2011 4331 2457 4461 νθὲἓῖπὲεηιρεῖ.
2495 4387 2662 4461 Abest
2703 4399 2736 4461 a
2766 4399 2902 4440 mss.
2935 4384 3105 4457 Lugd.
3152 4387 3343 4454 tribus,
3393 4395 3455 4442 ut
3503 4394 3614 4443 eta

2015 4462 2138 4520 cod.
2169 4457 2416 4518 Perizon.
2443 4469 2498 4516 et
2529 4457 2670 4514 Coll.
2695 4457 2936 4512 Gronov.

1936 4499 1992 4563 Β
2092 4534 2200 4563 Ρ...
2269 4531 2519 4563 νγγνιῐ
2570 4531 2695 4563 -Ι
2767 4527 2934 4563 Dnh'u-

2092 4534 2222 4590 Car.
2269 4531 2540 4589 XXXVII.
2569 4559 2640 4571 —
2674 4531 2724 4584 I.
2760 4527 3075 4585 Potissimis.
3113 4528 3299 4586 Codex
3330 4529 3613 4601 Perizon.,

2017 4607 2406 4679 potentissimis.
2423 4603 2590 4679 .Male.

2087 4680 2144 4735 ‘2.
2185 4677 2354 4733 Taceo
2399 4675 2461 4732 de
2482 4673 2775 4745 infelicibus
2809 4674 2976 4730 bellis.
3019 4673 3111 4729 Sic
3155 4675 3400 4730 scribere
3423 4673 3622 4742 jnbent

2018 4749 2182 4806 codd.
2209 4749 2457 4804 Perizon.
2493 4755 2547 4801 et
2579 4745 2747 4814 Lugd.
2777 4746 2921 4802 Batt.
2949 4761 3032 4815 pr.
3070 4754 3123 4799 et
3150 4753 3278 4800 tert.
3315 4745 3447 4800 Nam
3486 4747 3617 4809 illis,

389 4814 484 4900 g5.
518 4814 696 4900 Gildo.
730 4818 806 4900 ρο
831 4819 1260 4900 hujus-Gildonis
1289 4806 1436 4900 metu
1471 4806 1700 4900 ejusque
1727 4806 1918 4900 erimi-
2017 4821 2237 4893 quodin
2261 4823 2440 4900 vulgg.
2481 4806 2704 4900 legitur,
2736 4830 2802 4900 ex
2839 4806 2990 4900 varia
3022 4817 3261 4900 lectione
3292 4806 3615 4900 prognatum

316 4884 480 4964 nibus
508 4899 684 4942 exstat
724 4890 798 4964 Q.
827 4884 1031 4964 Aurelii
1071 4890 1380 4964 Symmachi
1413 4884 1642 4964 epi'stol'a
1694 4897 1760 4952 ad
1808 4895 1920 4956 Sti-
2019 4884 2140 4964 est,
2176 4901 2236 4964 ut
2262 4884 2884 4964 doc'e't_ed.'_Augustan.
2918 4891 2970 4944 in
3018 4905 3120 4958 qua
3157 4884 3576 4958 utraquc’lectio
3601 4926 3616 4951 ,

320 4956 596 5033 Iicbottem
626 4963 828 5033 scripta
857 4962 948 5016 lib.
983 4979 1055 5030 tv,
1085 4956 1247 5033 c'pist.
1279 4965 1339 5019 4.

520 5029 670 5110 Ut‘in
699 5027 867 5110 a_ltum_
891 5027 1174 5110 provectus.
1204 5033 1408 5091 Vocula
1456 5044 1510 5090 ut
1545 5045 1650 5094 non
1698 5044 1920 5110 compa-

322 5109 422 5175 ret
443 5102 493 5175 in
520 5102 693 5175 tribus
721 5102 891 5175 Lugd.
926 5104 1065 5161 Batt.

396 5171 490 5248 27.
518 5171 602 5248 ‘Ut
632 5171 830 5228 nesciui
857 5176 1018 5248 frater
1057 5178 1251 5233 occidi.
1280 5179 1356 5234 lta
1383 5188 1534 5236 recte
1555 5195 1685 5238 mss.
1715 5191 1770 5238 et
1793 5181 1918 5238 edd.

2021 4963 2171 5040 bellis
2192 4963 2315 5040 illis
2329 4959 2694 5040 conjungitpr-
2730 5029 2742 5040 ,
2910 5033 2924 5040 _
3404 5029 3436 5040 ..
3537 5027 3548 5039 .

2095 5036 2147 5091 5.
2197 5029 2795 5101 Ροιιεηιὶὰηιξιιίςιιτίιῐξ
2841 5033 3032 5088 urbem
3061 5075 3076 5099 ,
3127 5047 3250 5086 nam
3284 5041 3338 5084 et
3368 5029 3474 5084 alia
3501 5029 3622 5101 ejus

2025 5107 2260 5163 nominis
2290 5105 2343 5160 in
2375 5104 2576 5159 Piceno
2614 5100 2736 5156 fuit.
2770 5101 3010 5174 Utraque
3054 5103 3324 5174 geminata
3359 5101 3537 5155 littera
3569 5100 3623 5174 l_,

2027 5179 2293 5234 Pollentia
2322 5219 2336 5240 ,
2390 5187 2447 5231 ut
2497 5174 2699 5229 habent
2756 5191 2886 5231 mss.
2922 5171 3180 5232 meliores
3206 5213 3221 5240 ,
3254 5189 3393 5238 non,
3444 5180 3503 5226 ut
3527 5171 3615 5226 ed.

323 5241 497 5322 Febr.
518 5244 758 5322 Pessime
790 5241 989 5322 in:aliis
1013 5250 1320 5322 legebatur,
1355 5262 1408 5305 ut
1432 5253 1692 5308 nesciamr
1712 5271 1742 5308 a
1765 5253 1925 5322 fratre
2027 5250 2232 5322 vulggi,
2265 5246 2528 5322 Polgutia,
2552 5245 2914 5322 scribebatur.

326 5316 515 5396 occidi.
545 5315 601 5371 In
621 5320 772 5396 _A_ug.
801 5319 888 5375 ed.
924 5315 1142 5396 legitur,
1202 5328 1258 5376 ut
1313 5323 1507 5396 nesciat
1535 5327 1700 5396 frater
1730 5315 1923 5393 occidi,

328 5387 492 5462 frater
521 5389 776 5460 occidere,
801 5408 903 5462 quo
931 5387 1231 5447 vindicatur
1262 5397 1451 5449 occiso.
1482 5387 1589 5450 Séd
1635 5410 1828 5451 sensus
1856 5387 1928 5451 0;

330 5459 462 5512 rosii
489 5467 593 5527 est,
621 5459 908 5531 propterea
939 5465 989 5518 in
1031 5465 1206 5520 locum
1241 5480 1269 5520 a
1302 5465 1467 5521 fratre
1503 5467 1790 5522 Mascezilc
1842 5466 1926 5522 di-

329 5543 548 5608 versum
575 5535 807 5608 ejectum
829 5534 1136 5608 ibidemque
1166 5538 1406 5592 occisum
1434 5537 1924 5603 fnisseGiIdOuem,

330 5614 402 5680 ne
433 5599 842 5680 frat_er_juberct
875 5607 1022 5663 illam
1049 5599 1263 5676 necem,
1310 5624 1414 5680 qua
1445 5624 1540 5666 sua
1587 5609 1820 5665 ﬁliorum
1851 5599 1932 5665 or-

330 5670 473 5726 bitas
500 5673 881 5731 vindicaretur.

404 5741 477 5797 28
543 5745 658 5812 Quo
687 5747 982 5806 vindicatur
1021 5751 1209 5806 occiso.
1247 5749 1319 5806 Ita
1351 5752 1523 5812 Lugd.
1573 5752 1712 5809 Batt.
1744 5765 1935 5808 omnes

332 5826 460 5870 cum
480 5812 622 5872 Coll.
646 5816 886 5878 Gronov.
906 5821 1016 5893 qui,
1043 5830 1148 5879 etc.
1177 5825 1247 5881 At
1276 5836 1410 5881 mss.
1436 5812 1704 5883 Florentt.
1730 5831 1786 5882 et
1806 5823 1933 5882 edd.

2100 5314 2335 5375 lii-Daci.
2363 5318 2500 5374 Edd.
2532 5317 2778 5390 qnzedam
2796 5328 2954 5383 vett.,
2980 5317 3132 5384 duce,
3152 5317 3237 5371 cui
3260 5332 3461 5372 summa
3480 5314 3624 5380 belli,

2030 5403 2171 5458 etc.;
2198 5392 2290 5446 sed
2314 5399 2501 5448 contra
2525 5406 2657 5444 mss.
2688 5398 2742 5444 et
2767 5405 2952 5446 verum
2984 5404 3228 5444 sensum.

2105 5455 2167 5520 5.
2204 5462 2633 5519 Reverendissimi
2679 5460 2792 5516 dies
2817 5472 2865 5516 et
2887 5470 3125 5516 sanctum
3175 5457 3401 5528 Pascha.
3449 5455 3619 5528 Lugd.

2036 5533 2177 5594 Batt.
2213 5544 2323 5591 tres
2355 5551 2474 5590 cum
2504 5534 2646 5589 Coll.
2678 5531 2918 5588 Gronov.
2943 5533 3044 5586 diei
3067 5531 3150 5586 vel
3190 5531 3287 5585 Dci
3319 5529 3552 5596 Pascha.
3626 5551 3630 5556 κ

2107 5609 2160 5663 6.
2207 5606 2374 5662 Ultio.
2399 5605 2629 5662 Additur
2651 5602 2703 5658 in
2726 5603 2852 5658 edd.
2877 5603 3200 5674 quibusdam
3221 5611 3352 5659 vett.
3372 5618 3437 5659 ex
3465 5600 3629 5658 abun-

2037 5677 2186 5737 danti
2217 5679 2410 5732 divina.
3425 5737 3428 5740 ,

2111 5753 2166 5806 7.
2206 5748 2334 5804 Cum
2363 5767 2416 5804 se
2442 5749 2672 5805 invicem.
2711 5746 2990 5812 Perizon.,
3022 5763 3140 5837 cum
3161 5749 3216 5802 in
3239 5765 3293 5802 se
3319 5745 3556 5801 invicem.
3625 5811 3630 5816 δ
