4060 6352
419 289 560 348 1130

1791 273 1997 337 PAULI
2033 269 2262 334 OROSII

3583 256 3723 316 1160

421 413 588 460 totam
645 401 666 433 ⁸
712 396 997 456 inundavit
1043 397 1274 454 Italiam.
1332 393 1464 452 Nam
1511 393 1676 450 fuisse
1721 394 1772 448 in
1819 391 2018 462 populo
2045 392 2091 450 Α
2125 389 2373 444 ﬁciorum
2403 381 3070 455 ohsequiisinvitaret;et
3099 379 3140 440 ’3
3173 375 3590 434 immoderatior
3617 391 3725 430 ear-

417 496 537 568 ejns
556 495 674 566 plus
699 509 858 565 quam
889 492 1122 548 ducenta
1152 489 1317 544 millia
1349 487 1651 544 Gothorum
1682 485 1885 540 ferunt.
1918 485 2016 539 llic

419 603 582 659 supra
605 587 638 641 h
658 604 745 641 tne
769 584 1144 640 incredibilem
1171 581 1568 637 multitudinem
1590 579 2019 648 indomitamque

413 681 672 735 virtutem
697 693 938 748 paganus
957 688 1010 732 et
1034 674 1237 746 Scytha
1255 681 1401 730 erat:
1427 673 1548 743 qui,
1574 681 1632 725 ut
1650 685 1768 725 mos
1784 679 1870 725 est
1898 670 2020 724 bar-

421 775 569 832 baris
593 778 613 807 θ
644 771 948 843 huiusmodi
975 771 1259 842 gentibus,
1285 783 1502 824 omnem
1535 766 1765 822 Romani
1805 765 2021 836 generis

420 868 737 940 sanguinem
769 865 873 920 diis
899 865 1013 920 suis
1040 863 1328 934 pr0pinare
1359 861 1677 916 devoverat.
1713 858 1826 912 lloc
1857 856 2020 928 igitur

424 962 683 1019 Romanis
707 959 924 1016 arcibus
961 959 1302 1024 imminente,
1336 957 1394 1011 ﬁt
1414 956 1655 1011 omnium
1690 967 2021 1024 paganorum

429 1057 471 1089 ¹⁰
503 1056 557 1111 in
591 1054 732 1112 Urbe
761 1067 1092 1120 concursus,
1125 1053 1164 1083 “
1198 1052 1418 1106 llostem
1449 1051 1642 1105 adesse
1669 1063 1792 1104 cum
1840 1046 2024 1114 utique

426 1149 620 1204 virium
643 1147 830 1218 cepia,
874 1155 982 1202 tum
1017 1146 1254 1202 maxime
1282 1144 1538 1216 praesidio
1569 1144 1794 1199 deorutu
1828 1149 2026 1211 poten-

428 1252 537 1298 tem
564 1258 578 1295 :
611 1241 813 1296 Urbem
844 1251 1025 1296 autem
1057 1239 1180 1295 ideo
1222 1239 1535 1294 destitutam
1559 1248 1612 1293 et
1646 1246 1856 1291 mature
1884 1235 2026 1305 peri-

430 1341 630 1400 turam,
663 1332 788 1403 quia
815 1332 950 1388 deos
978 1343 1032 1388 et
1061 1347 1212 1387 sacra
1247 1332 1288 1363 ¹²
1319 1330 1636 1402 perdiderit.
1665 1329 1868 1397 Magnis
1893 1344 2027 1400 qne-

426 1430 556 1487 relis
577 1430 774 1500 ubique
795 1429 995 1500 agitur,
1017 1436 1073 1483 et
1098 1426 1358 1482 continuo
1376 1423 1501 1481 “de
1523 1423 1832 1493 repetendis
1855 1422 2025 1478 sacris

428 1523 880 1594 celebrandisque
904 1529 1191 1576 tractatur.
1219 1519 1456 1574 Fervent
1480 1528 1590 1573 tota
1615 1517 1759 1574 Urbe
1783 1515 2028 1587 blasphe-

429 1617 579 1685 miae,
606 1617 768 1689 vulgo
793 1631 990 1670 nomen
1011 1613 1213 1669 Christi
1246 1624 1515 1683 tamquam
1548 1613 1666 1667 lues
1686 1610 1862 1682 aliqua
1890 1626 2026 1680 prae-

429 1712 670 1766 sentium
729 1718 1033 1778 temporum
1069 1705 1112 1737 ”
1143 1705 1450 1775 opprobriis
1503 1711 1784 1775 gravatur.
1844 1703 2027 1773 itaque

2123 483 2218 536 des
2245 484 2364 535 sine
2390 480 2564 534 fructu
2585 475 2988 532 emendationis
3009 473 3259 536 arsisset,
3285 479 3340 526 et
3359 485 3517 525 error
3539 469 3725 523 novis-

2123 577 2300 632 simus
2349 573 2503 645 pejor
2563 571 2744 642 priore
2794 569 3060 624 crevisset
3111 584 3123 621 :
3179 563 3621 637 quandoquidem
3671 560 3723 616 in

2125 669 2316 742 pagani
2344 677 2398 724 et
2427 665 2734 722 idololatrae
2764 677 2957 717 manus
2989 661 3034 692 ³³
3077 659 3373 724 incidisse,
3411 672 3520 712 non
3551 655 3726 711 solum

2126 762 2350 834 paganis
2375 757 2612 817 residuis
2634 758 2704 812 de
2733 753 3089 811 instaurando
3109 752 3256 807 cultu
3287 750 3555 806 idolorum
3579 756 3729 804 esset

2128 856 2426 914 indubitata
2459 853 2774 926 persuasio,
2807 849 2905 906 sed
2943 849 3111 906 etiam
3153 844 3482 902 Christianis
3513 842 3731 914 pericu-

2128 951 2240 1007 losa
2271 950 2519 1006 conlusio
2539 988 2556 1015 ,
2585 962 2706 1003 cum
2735 953 2793 1002 et
2821 944 2874 999 hi
2921 953 3262 1000 terrerentur
3288 937 3646 1011 praeiudicio,
3681 943 3738 991 et

2130 1045 2206 1102 illi
2253 1044 2713 1099 conﬁrmarentur
2753 1037 3028 1108 exemplo.
3076 1033 3449 1103 Quamobrem
3482 1032 3526 1062 "
3554 1030 3736 1101 justus

2130 1138 2484 1207 dispensator
2520 1133 2746 1190 humani
2781 1130 3004 1203 generis
3040 1131 3185 1186 Deus
3234 1128 3418 1199 perire
3461 1140 3736 1198 paganum

2130 1231 2342 1287 hostem
2372 1229 2578 1293 voluit,
2610 1239 2665 1284 et
2687 1227 3060 1283 Christianum
3105 1223 3406 1294 praevalere
3437 1220 3693 1292 permisit
3719 1261 3735 1286 ,

2131 1335 2190 1379 ut
2212 1323 2403 1394 pagani
2431 1321 2980 1391 blasphemantesque
3010 1315 3269 1384 Romani,
3292 1323 3350 1370 et
3376 1313 3473 1369 illo
3501 1314 3737 1369 confun-

2129 1417 2391 1473 derentur
2423 1413 2637 1486 perdito
2662 1455 2677 1479 ,
2711 1421 2764 1468 et
2803 1411 2907 1467 hoc
2937 1410 3256 1480 punirentur
3287 1407 3532 1462 immisso
3564 1424 3576 1457 :
3613 1419 3733 1459 ma-

2131 1511 2280 1565 xime
2321 1525 2449 1563 cum
2489 1505 2838 1578 imperatoris
2881 1502 3108 1558 Honorii
3148 1497 3475 1555 admiranda
3521 1498 3576 1552 in
3608 1511 3737 1567 rege

2130 1601 2467 1660 continentia
2493 1641 2507 1666 ,
2539 1608 2596 1655 et
2623 1597 2968 1654 sanctissima
3003 1595 3137 1651 ﬁdes
3175 1596 3222 1626 ³⁵
3269 1608 3377 1649 non
3407 1607 3602 1662 parum
3649 1591 3734 1647 di-

2131 1699 2272 1753 vinae
2305 1695 2697 1752 misericordiae
2729 1701 3056 1748 mereretur.
3088 1689 3482 1744 Cnneeduntur
3511 1685 3732 1759 quidem

431 1801 691 1859 ineﬁ'abili
736 1801 942 1870 judicio
988 1799 1080 1855 Dei
1112 1799 1310 1854 factum
1358 1807 1468 1862 est,
1513 1799 1584 1852 uti
1610 1839 1624 1863 ,
1675 1797 1930 1867 quoniam
1967 1797 2020 1851 in
2052 1789 2101 1849 Β
2127 1789 2857 1848 adversusimmanissimum
2880 1786 3033 1840 illum
3058 1783 3270 1839 hostem
3297 1781 3736 1852 Rhadagaisum,

433 1895 712 1965 pertnixto
745 1893 946 1965 popqu
976 1892 1075 1964 piis
1099 1892 1292 1964 gratia,
1323 1891 1506 1962 impiis
1529 1905 1687 1961 paena
1707 1889 2026 1954 debebatur,

437 1990 481 2022 ’³
509 1987 905 2059 oportebatque
931 1983 1168 2056 permitti
1193 1987 1410 2050 hostes,
1439 1984 1528 2054 qui
1564 1982 1944 2038 insuadibilem
1977 1982 2028 2036 in

435 2081 722 2154 plurimis,
762 2089 818 2137 et
851 2080 1310 2136 contradicentem
1351 2079 1623 2134 civitatem
1663 2077 2030 2134 severioribus

437 2176 600 2231 solito
613 2173 795 2246 ﬂagris
815 2182 1197 2245 coarguerent,
1227 2172 1268 2203 ¹⁶
1287 2187 1392 2227 non
1423 2184 1600 2226 tamen
1625 2185 1720 2227 eos
1742 2172 1834 2242 qui
1860 2170 2029 2225 indis-

437 2277 588 2323 crete
614 2277 837 2323 evectos
877 2266 1236 2336 intemperata
1270 2264 1417 2320 caede
1459 2264 1739 2329 delerent,
1769 2263 1875 2318 duo
1904 2270 2034 2318 tunc

437 2359 740 2418 Gothorum
774 2359 957 2430 pOpttli
983 2373 1103 2414 cum
1139 2357 1351 2413 duobus
1385 2356 1777 2427 potentissimis
1818 2355 2034 2425 regibus

438 2455 553 2511 suis
577 2469 674 2526 per
691 2453 964 2510 Romanas
982 2452 1290 2522 provincias
1307 2452 1346 2483 ³⁷
1363 2450 1782 2506 baccharentur:
1802 2463 2032 2520 quorum

437 2562 580 2603 unus
604 2547 944 2602 Christianus
973 2546 1016 2577 ’⁸
1040 2545 1366 2616 propiorque
1395 2543 1642 2598 Romano
1662 2584 1676 2608 ,
1725 2551 1781 2598 et
1812 2542 1830 2612 (
1855 2550 1915 2597 ut
1948 2555 2036 2597 res

438 2637 606 2711 569
633 2637 854 2709 docuit)
883 2637 1077 2692 timore
1110 2635 1206 2692 Dei
1237 2635 1386 2690 mitis
1419 2637 1458 2669 ‘9
1491 2637 1542 2690 in
1573 2635 1744 2700 caede,
1777 2635 1918 2690 alius
1943 2651 2039 2706 pa-

438 2746 631 2801 ganus,
664 2729 709 2761 ²⁰
733 2729 1025 2796 barbarus,
1050 2738 1104 2784 et
1133 2743 1262 2784 vere
1286 2727 1514 2800 Scytha,
1547 2727 1638 2796 qui
1672 2743 1780 2783 non
1829 2735 2036 2783 tantum

438 2823 667 2895 gloriam
694 2832 788 2878 aut
817 2820 1060 2893 praedam
1101 2830 1366 2892 quantum
1404 2820 1821 2876 inexsaturabili
1845 2819 2030 2876 crude-

437 2917 592 2973 litate
616 2916 791 2987 ipsam
817 2915 1023 2971 caedem
1050 2922 1261 2969 amaret
1291 2913 1344 2968 in
1375 2913 1524 2969 caede
1555 2931 1568 2968 :
1597 2923 1650 2969 et
1680 2912 1892 2984 hicjam
1918 2913 2038 2970 sinu

440 3022 692 3082 receptus
724 3009 891 3066 Italiae
918 3051 934 3076 ,
981 3010 1024 3041 ²¹
1068 3008 1298 3064 Romam
1343 3024 1374 3065 e
1414 3008 1672 3078 proximo
1706 3017 2037 3066 trementem

441 3111 654 3160 terrore
700 3102 1016 3174 quassabat.
1051 3100 1238 3172 Itaque
1270 3101 1316 3157 si
1358 3101 1484 3157 huic
1527 3100 1754 3156 ultionis
1794 3110 2039 3175 potestas

2131 1886 2363 1941 aliorum
2396 1882 2636 1939 hostium
2676 1895 2799 1936 cum
2838 1879 3014 1949 cepiis
3051 1878 3166 1934 suis
3202 1876 3448 1932 inclinati
3477 1875 3545 1930 ad
3578 1875 3737 1930 auxi-

2134 1980 2262 2035 lium
2294 1977 2484 2033 animi.
2517 1977 2733 2032 Adsunt
2759 1976 2804 2007 ²⁶
2835 1974 2997 2030 Uldin
3029 1983 3085 2029 et
3113 1975 3156 2005 ³⁷
3185 1972 3378 2038 Sarus,
3415 1971 3736 2026 Hunnorum

2134 2083 2192 2132 et
2217 2073 2520 2130 Gothorum
2553 2072 2745 2138 duces,
2777 2069 3036 2141 praesidio
3064 2067 3437 2123 Romanorum
3471 2082 3485 2118 :
3511 2063 3610 2120 sed
3633 2079 3737 2118 non

2137 2175 2268 2231 sinit
2294 2173 2438 2229 Deus
2455 2187 2581 2242 rem
2614 2168 2874 2242 potentiae
2899 2182 3044 2235 suae,
3076 2167 3331 2222 virtutem
3377 2163 3662 2220 hominum
3690 2173 3743 2219 et

2141 2267 2376 2321 maxime
2407 2263 2641 2319 hostium
2667 2262 2862 2318 videri.
2897 2259 3270 2317 Conterritum
3303 2257 3570 2314 divinitus
3595 2257 3740 2312 Rha-

2137 2363 2420 2433 dagaisum
2451 2359 2570 2415 “in
2620 2358 2941 2414 Faesulanos
2986 2363 3203 2412 montes
3246 2355 3393 2425 cogit
3440 2370 3454 2407 :
3513 2352 3742 2424 ejusque

2138 2455 2479 2530 (secundum
2508 2467 2603 2509 eos
2638 2451 2729 2522 qui
2764 2450 3085 2520 parcissime
3113 2445 3397 2516 referunt)
3436 2448 3481 2480 ²⁹
3510 2445 3743 2501 ducenta

2139 2547 2306 2604 millia
2335 2547 2642 2611 hominum,
2669 2544 2890 2614 inopum
2922 2541 3144 2598 consilii
3172 2549 3226 2596 et
3253 2540 3398 2604 cibi,
3428 2539 3483 2594 in
3511 2538 3669 2594 arido
3692 2547 3748 2594 et

2139 2657 2334 2714 aspero
2365 2642 2568 2696 montis
2603 2639 2760 2710 jugo,
2790 2646 3023 2708 urgente
3052 2635 3291 2706 undique
3335 2634 3500 2706 57o
3536 2633 3740 2690 timore

2140 2735 2417 2792 concludit
2447 2751 2461 2788 :
2495 2734 2845 2804 agminaque,
2873 2730 3074 2802 quibus
3095 2729 3299 2785 dudum
3327 2737 3559 2799 angusta
3591 2727 3745 2784 vide-

2141 2831 2305 2886 batur
2335 2827 2485 2884 ltalia
2505 2868 2521 2895 ,
2555 2826 2758 2883 latendi
2793 2841 2890 2896 spe
2922 2825 2966 2856 ³ο
2998 2825 3051 2880 in
3074 2839 3240 2880 unum
3270 2837 3333 2878 ac
3364 2837 3600 2894 parvum
3624 2837 3748 2878 ver-

2143 2924 2302 2980 ticem
2351 2921 2539 2978 trudit.
2581 2919 2719 2988 Quid
2768 2918 2952 2974 multis
2992 2917 3208 2974 morer?
3237 2916 3353 2971 Non
3395 2914 3660 2986 disposita
3691 2914 3744 2970 in

2142 3016 2347 3073 bellum
2374 3015 2521 3070 acies
2543 3013 2665 3080 iuit,
2685 3027 2795 3068 non
2823 3011 2995 3075 furor,
3019 3009 3288 3080 timorque
3313 3007 3522 3063 incerta
3550 3019 3744 3078 pugnae

2143 3109 2414 3182 praetulit,
2446 3124 2556 3165 non
2588 3107 2766 3164 caedes
2788 3116 2906 3162 acta
2934 3151 2948 3175 ,
2977 3120 3085 3161 non
3117 3102 3346 3177 sanguis
3373 3103 3584 3160 eﬂ‘usus
3620 3107 3742 3168 est,

441 3197 870 3268 permitteretur,
907 3210 1068 3267 quem
1117 3195 1349 3251 Romani
1396 3195 1466 3250 ob
1507 3195 1609 3252 hoc
1651 3197 1926 3269 praecipue
1976 3199 2041 3253 ti-
2067 3181 2112 3246 Ο
2146 3181 2191 3236 5‘
2221 3219 2328 3260 non
2357 3213 2636 3276 postremo
2659 3200 2827 3272 (quod
2853 3197 3129 3255 felicitatis
3159 3197 3284 3254 loco
3310 3196 3560 3268 deputari
3585 3192 3745 3262 solet)

444 3289 701 3346 mendum
733 3288 1160 3356 arbitrabantur,
1185 3287 1309 3360 quia
1336 3287 1564 3344 deorum
1597 3289 1842 3348 favorem
1873 3295 2043 3350 sacri-

2149 3298 2346 3354 damna
2374 3310 2567 3369 pugnae
2593 3295 2638 3328 ⁸³
2662 3301 2860 3352 eventu
2887 3297 3238 3364 compensata
3268 3289 3546 3354 victoriae;
3575 3287 3745 3345 eden-

1729 3408 1916 3466 HAVE
1925 3409 2056 3468 RCA
2065 3413 2108 3469 11
2119 3412 2178 3469 ΡΙ
2217 3410 2449 3470 NOTAE.

515 3501 590 3575 8.,
613 3497 921 3557 Inundavit.
942 3499 1128 3575 Orosii
1158 3510 1242 3558 est
1267 3501 1494 3557 verbum
1514 3544 1527 3570 ,
1559 3501 1713 3574 cujus
1741 3503 1922 3575 glossa
1954 3513 2039 3562 est

445 3575 500 3632 in
531 3573 618 3630 ed.
648 3575 902 3644 August.,
933 3573 1154 3628 invadit.

517 3647 571 3702 9.
617 3645 1236 3720 Hujusmodi.__l’e_rizon.
1257 3686 1272 3711 ,
1305 3645 1532 3720 eisdem;
1567 3645 1736 3717 Lugd.
1773 3647 1916 3704 Batt.
1945 3661 2034 3720 pr.

445 3728 500 3778 ct
528 3715 845 3790 tert.,'cum
869 3716 1012 3790 Coll.
1037 3715 1301 3783 Gronov.,
1331 3716 1563 3790 ejusdem
1582 3715 1741 3790 genti.

483 3861 496 3873 ν
517 3791 607 3874 10.
651 3788 718 3845 1η
749 3787 908 3845 Urbe.
937 3788 1038 3844 Ed.
1076 3793 1246 3861 Aug.,
1279 3792 1332 3844 in
1353 3787 1554 3846 Urbem
1571 3787 1599 3858 ,’
1637 3791 1781 3862 quod
1809 3807 1915 3849 non
1947 3809 2040 3850 rc-

449 3878 497 3920 cr
541 3878 614 3918 ιο.

504 3878 868 4018 ι11.“11ς›ειειη
920 3933 1116 3990 adesse.
1174 3934 1453 4018 Blanditur
1502 3934 1672 4017 magis
1722 3935 1842 4018 haec
1876 3936 2040 4018 lectio

449 4005 572 4062 cod.
608 4005 858 4061 Perizon.
890 4021 1051 4077 quam
1079 4021 1199 4076 quae
1231 4005 1285 4061 in
1330 4007 1558 4078 reliquis
1591 4005 1724 4062 mss.
1754 4017 1808 4062 et
1830 4008 1880 4062 in
1909 4008 2037 4064 edd.

449 4078 747 4150 invenitur,
779 4079 974 4133 hostem
1003 4079 1216 4150 essealn
1247 4078 1371 4133 edd.
1403 4077 1724 4148 quibusdam
1738 4087 1871 4134 vett.
1903 4095 2044 4150 prac-

450 4149 594 4206 cedit
619 4150 974 4216 clamantium,
1002 4149 1157 4220 quasi
1189 4164 1294 4204 non
1324 4151 1714 4220 signiﬁcantior
1745 4149 2042 4208 esset'sen-

450 4235 566 4289 sus,
606 4223 725 4277 sine
749 4222 980 4276 ﬁculneo
1011 4219 1104 4276 illo
1127 4219 1319 4276 fulcro.

527 4294 616 4348 12.
659 4292 976 4348 Perdiderit.
1007 4292 1259 4348 Perizon.
1304 4294 1621 4363 perdiderat.

521 4365 610 4420 15.
655 4365 732 4442 _l)e
758 4364 1068 4442 repetendis.
1099 4364 1158 4418 In
1198 4374 1352 4442 textu
1383 4381 1485 4442 ms.
1515 4365 1687 4442 Lugd.
1724 4365 1843 4442 Bal.
1885 4370 2042 4442 primi

2220 3507 2307 3562 10.
2352 3504 2418 3560 1η
2450 3503 2612 3558 caede.
2645 3501 2780 3559 Tres
2802 3516 2870 3558 ex
2900 3499 3073 3573 Lugd.
3105 3500 3272 3565 Batt.,
3306 3513 3429 3556 cum
3451 3497 3591 3573 Coll.
3612 3498 3749 3573 Gro-

2143 3594 2294 3644 nov.,
2339 3579 2394 3631 in
2426 3577 2608 3631 caedes.
2656 3575 2761 3629 Sed
2811 3574 2948 3627 nihil
2981 3571 3297 3628 mutandum
3328 3579 3453 3644 est,
3490 3571 3622 3642 quia
3651 3571 3748 3626 ali-

2141 3659 2343 3776 quam:
2377 3658 2500 3720 post
2523 3646 2771 3717 sequitur
2801 3645 2869 3701 de
2893 3644 3092 3714 altero,
3118 3646 3291 3716 ipsam
3319 3643 3511 3698 caedem
3539 3653 3747 3698 amaret

2142 3739 2202 3776 ιη
2228 3739 2300 3776 ca:
2341 3738 2386 3775 e.

2142 3739 2202 3778 ιη
2228 3738 2386 3777 carae.

2211 3794 2304 3850 20.
2347 3791 2634 3847 Barbarus.
2690 3787 2910 3846 Excidit
2952 3789 3057 3847 hoc
3098 3803 3164 3846 ex
3193 3785 3365 3859 Lugd.
3395 3786 3538 3844 Batt.
3571 3802 3658 3858 pr.
3687 3795 3745 3844 ct

2144 3874 2272 3922 tert.
2303 3879 2424 3921 cum
2457 3864 2601 3919 Coll.
2633 3861 2877 3918 Gronov.
3227 3911 3231 3914 ,

2213 3938 2305 3992 21.
2353 3937 2570 3991 Romam
2594 3952 2621 3990 ρ
2654 3934 2893 4006 proximo
2925 3973 2938 3999 ,
2963 3941 3072 3989 etc.
3101 3931 3230 3989 Mss.
3272 3929 3485 4006 aliquot
3509 3929 3703 4001 legunt
3727 3976 3743 4002 ,

2145 4010 2379 4079 Romani
2394 4009 2632 4079 proximo
2655 4004 2959 4079 trementem
2983 4016 3175 4079 terrore
3193 4004 3492 4079 quassabat.

2213 4081 2307 4136 22.
2352 4074 2755 4134 Ιίηηιοιιεναιὶοῖ
2787 4077 2974 4132 aedes.
3009 4077 3147 4134 Male
3175 4075 3308 4131 editi
3339 4074 3556 4145 quidam
3580 4117 3596 4142 ,
3631 4074 3745 4129 Im-

2146 4152 2464 4208 moderatior
2492 4151 2654 4205 caede.

2215 4225 2306 4280 25.
2348 4221 2628 4277 lncidisse.
2662 4222 2914 4278 Perizon.
2957 4230 3013 4278 et
3054 4219 3194 4276 Coll.
3239 4219 3486 4275 Gronov.
3530 4217 3752 4274 incidis-

2145 4305 2258 4352 sent
2279 4338 2294 4360 ,
2329 4295 2481 4350 nullo
2509 4309 2644 4348 sano
2668 4311 2856 4350 sensu.

2215 4367 2307 4424 2t.
2348 4365 2555 4421 Justus.
2591 4365 2762 4438 Lugd.
2796 4364 2938 4421 Batt.
2970 4374 3120 4432 tres,
3151 4379 3273 4421 cum
3303 4363 3440 4420 Coll.
3472 4363 3748 4430 Gronov.,

453 4447 602 4512 erat,
633 4435 698 4491 de
742 4437 1024 4508 repentinis
1073 4436 1256 4506 sacris,
1305 4437 1539 4507 ascripta
1567 4435 1621 4491 in
1653 4435 1899 4508 margine
1918 4457 2042 4500 vera
2134 4438 2481 4512 justissimus.

455 4507 711 4564 lectione.

525 4580 613 4634 H.
660 4578 966 4650 Opprobriis
989 4587 1256 4650 gravatur.
1290 4578 1382 4635 Sic
1414 4581 1556 4636 malo
1577 4595 1699 4636 cum
1727 4597 1862 4638 mss.
1892 4585 2044 4641 Peri-

455 4665 574 4732 zonn.
607 4661 661 4732 et
691 4653 859 4732 tribus
881 4650 1049 4721 Lugd.
1083 4651 1223 4732 Batt.
1248 4661 1410 4732 atque
1435 4650 1576 4732 Col_l_.
1607 4651 1850 4732 Gronov.
1881 4672 2040 4727 quam

449 4720 1030 4851 Εὲἶιὲνέἱίηρναυαιαῒ,
1064 4720 1208 4795 quod
1257 4720 1416 4779 codd.
1470 4723 1701 4796 reliqui,
1748 4736 1804 4782 ut
1830 4720 2036 4785 et'edd.

493 4802 675 4851 abent.

524 4867 615 4938 15.
661 4865 1050 4938 onrtebatque.
1076 4865 1188 4924 Cod
1219 4866 1495 4936 Perizon.,
1519 4869 1804 4938 Oportebat.

524 4884 615 4923 ao.
657 4884 1050 4992 xperteoatque.
1076 4884 1188 4924 ιιοα
1219 4884 1495 4936 Perizon.,
1519 4884 1804 4938 Oportebat.

524 4937 613 5011 16.
665 5009 692 5011 ,Α
716 4955 780 4993 οη
808 4947 976 4993 tamen
1005 4938 1241 5011 eosaEd.
1267 4939 1492 5011 August.
1525 4939 1678 4995 addit
1698 4943 1890 4998 hostes.

525 5010 614 5065 17.
654 5009 1058 5066 Baccharentur.
1093 5009 1220 5066 Mss.
1261 5009 1472 5076 omnes,
1505 5027 1643 5079 quos
1669 5014 1734 5068 ad
1783 5015 1926 5070 hunc
1952 5014 2034 5070 lo-

452 5096 576 5138 cum
605 5096 797 5139 novem
823 5082 1093 5148 consului,
1125 5098 1226 5138 una
1254 5099 1378 5139 cum
1399 5080 1538 5138 Coll.
1566 5082 1806 5141 Gronov.
1831 5097 1884 5143 et
1911 5087 2034 5142 cod.

454 5153 594 5229 Aug.
653 5153 853 5229 habent
891 5153 1287 5229 lgaccha‘bantur.
1321 5155 1447 5210 llaec
1493 5156 1652 5229 lectio
1677 5203 1692 5224 ,
1729 5159 1774 5213 si
1829 5160 2034 5229 placet,

448 5224 604 5295 juxta
633 5225 756 5300 cod.
789 5224 1040 5281 Perizon.
1074 5225 1403 5300 lectionem,
1435 5224 1846 5300 oportebatque,
1893 5224 2039 5300 quod

455 5311 618 5366 supra
643 5296 862 5368 legitur,
896 5295 1090 5352 mutari
1121 5297 1303 5363 debet,
1332 5297 1387 5352 in
1413 5295 1831 5366 oportebat,'eta
1855 5295 2040 5357 verbis

454 5368 584 5442 illis,
614 5368 718 5423 duo
745 5376 867 5442 tunc
894 5382 1080 5442 novus
1112 5368 1368 5442 inchoare
1395 5383 1610 5442 sensus,
1639 5372 1814 5442 posita
1843 5372 2040 5429 distin-

455 5440 638 5496 ctione
661 5439 852 5511 majori
876 5450 999 5511 post
1028 5439 1138 5511 illa,
1168 5439 1581 5511 cadegdelereut.

531 5511 619 5567 18.
661 5509 992 5582 Prbpiorque
1023 5509 1280 5567 Romano.
1315 5510 1511 5567 Nescio
1540 5512 1683 5570 unde
1713 5513 1764 5569 in
1793 5514 1957 5571 Fabr.
1991 5523 2048 5572 et

457 5582 781 5658 Scottiedd.
807 5584 1167 5658 propriorque,
1185 5583 1326 5658 quod
1360 5585 1660 5658 nonmagis
1677 5587 1851 5656 placet
1877 5599 2039 5658 quam

497 5653 813 5726 ropitiorqtte
833 5654 1088 5727 Romano,
1110 5655 1259 5727 quod
1287 5655 1341 5727 in
1359 5653 1609 5727 Perizoni
1631 5653 1690 5713 et
1702 5659 1841 5727 Aug.
1875 5653 2039 5714 codd.

479 5725 676 5802 egitur.
725 5726 1004 5796 Signiﬁcat
1050 5725 1230 5802 minus
1283 5725 1606 5798 barbarum,
1638 5738 1694 5785 et
1722 5725 1943 5802 propius
1974 5731 2043 5787 ad

460 5797 737 5859 Romanos
761 5811 946 5855 mores
973 5797 1342 5857 accedentem.

2216 4512 2306 4567 25.
2341 4508 2464 4564 Non
2507 4527 2692 4579 parum
2735 4508 2922 4564 divinae
2962 4507 3331 4563 misericordia:
3356 4549 3371 4572 ,
3417 4516 3529 4564 etc.
3566 4506 3742 4577 Lugd.

2147 4582 2267 4638 Bat.
2299 4598 2381 4653 pr.
2415 4581 2625 4648 scribit,
2659 4591 2706 4636 et
2729 4581 3056 4635 sanctissima
3081 4580 3211 4649 ﬁdes
3239 4579 3430 4635 divina:
3453 4580 3750 4634 misericor-

2145 4656 2247 4710 diae
2274 4653 2532 4708 auxilium
2562 4666 2862 4708 mereretur.

2214 4727 2305 4783 26.
2352 4723 2536 4796 Uldin.
2574 4725 2736 4796 Apud
2787 4723 3085 4780 Diaconum
3136 4724 3331 4796 legitur
3367 4720 3658 4790 Virdinus,
3697 4721 3748 4777 in

2066 4821 2121 4882 D
2144 4797 2284 4882 edd;
2309 4794 2532 4882 venetis
2552 4794 2816 4882 τριαίνης.

2215 4869 2307 4924 27.
2342 4868 2529 4925 Sarus.
2552 4867 2668 4924 Duo
2697 4884 2769 4924 ex
2801 4867 3131 4940 l.ugd.Batt.
3165 4883 3288 4924 cum
3315 4865 3748 4932 Coll.Gronov.,

2146 4940 2341 4997 Parus.

2215 5013 2311 5070 28.
2353 5010 2420 5067 In
2441 5010 2750 5068 Ftesulanos
2782 5023 3003 5068 montes.
3032 5010 3091 5068 In
3116 5009 3363 5066 Floreat.
3389 5024 3475 5080 pr.
3500 5019 3752 5066 extrema

2149 5084 2328 5140 littera
2361 5085 2415 5140 in
2442 5085 2655 5140 duabus
2687 5085 2837 5140 hisce
2866 5085 3089 5139 vocibus
3127 5098 3282 5138 erasa
3314 5089 3561 5152 apparet.

2216 5156 2309 5213 29.
2354 5155 2586 5210 Ducenta
2617 5157 2806 5212 millia.
2839 5155 3010 5226 Lugd.
3041 5154 3161 5210 Bal.
3196 5161 3322 5210 tet't.
3359 5163 3415 5209 et
3438 5153 3581 5209 Coll.
3606 5154 3750 5210 Gro-

2149 5243 2273 5284 nov.
2300 5243 2397 5284 occ
2422 5227 2609 5284 millia.

2218 5299 2309 5356 '50.
2344 5297 2408 5372 In
2437 5316 2596 5352 unum
2640 5316 2700 5353 ac
2731 5316 2945 5372 parvum
2981 5298 3241 5372 uerticem.
3290 5295 3390 5352 Ed.
3429 5295 3753 5368 Augustam

2153 5372 2314 5442 legit,
2345 5371 2408 5442 in,
2421 5387 2614 5437 unum,
2646 5387 2708 5425 ac
2732 5371 2947 5442 parvum
2976 5371 3032 5425 in
3055 5373 3316 5442 verticem.

2225 5438 2314 5499 31.
2358 5441 2483 5497 Non
2513 5438 2774 5511 postremo
2809 5442 2989 5514 (quod
3023 5441 3286 5510 felicitatis
3312 5438 3469 5512 loco)
3495 5438 3752 5496 Perizon.

2154 5523 2262 5571 tres
2289 5514 2462 5584 Lugd.
2496 5514 2635 5569 Batt.
2678 5525 2734 5570 et
2763 5514 2903 5570 Coll.
2955 5513 3198 5569 Gronov.
3229 5551 3244 5577 ,
3293 5527 3398 5566 non
3447 5521 3709 5584 postremo
3735 5553 3753 5579 ,

2149 5587 2292 5658 quod
2337 5582 2395 5640 in
2437 5585 2699 5658 felicitatis
2739 5587 2878 5642 loco.
2914 5584 3103 5641 Veneti
3143 5594 3200 5638 et
3244 5584 3386 5658 Aug.
3435 5582 3539 5658 ed.‘
3569 5584 3756 5658 deleto

2153 5655 2289 5785 uolut,
2335 5655 2557 5730 legunt,
2585 5657 2723 5729 quod
2753 5658 3020 5729 fclicitatis
3049 5666 3306 5729 postremo
3350 5655 3467 5709 loco
3503 5655 3757 5727 deputari

2153 5747 2208 5785 so
2232 5746 2259 5785 e
2287 5773 2300 5785 .

2153 5746 2300 5788 δοιει.

2223 5802 2315 5860 52.
2357 5799 2562 5859 Ειοεηια
2599 5811 2932 5875 compensata
2973 5800 3220 5859 uictoriae.
3263 5797 3439 5872 Lugd.
3473 5799 3618 5858 Batt.
3663 5814 3754 5872 pr.
