4076 6352
323 266 458 329 1161

1258 267 1728 329 IIISTORIARUM
1770 265 1972 328 LIBER
2014 271 2124 329 VII.
2168 267 2323 330 CAP.
2366 272 2657 331 XXXVIII.

3478 275 3618 337 “6?.

323 385 469 441 tibus
497 424 512 450 ,
544 381 857 440 bibentibus
883 424 899 451 ,
940 381 1368 456 Iudentibusquo
1397 389 1600 443 nostris
1625 430 1640 454 ,
1675 389 1811 444 tanti
1842 389 1918 444 illi
1947 401 2000 460 Α
2027 392 2272 462 pendens
2303 382 2455 463 quod
2513 393 2615 449 sub
2661 392 2992 463 imperatore
3023 392 3358 464 imperabat;
3404 397 3623 454 Euche-

321 488 546 550 tamque
577 479 844 534 immanes
874 477 1094 547 hostes,
1123 479 1426 536 esurientes
1455 490 1511 538 et
1531 482 1779 540 sitientes
1803 482 1920 538 lan-

321 580 660 644 guentesque
689 570 922 628 confeCti
950 581 1097 627 sunt.
1133 573 1327 628 Parum
1368 573 1472 630 hoc
1513 583 1631 644 est,
1672 575 1776 631 nisi
1825 591 1918 632 ca-

320 677 473 740 ptum
505 667 550 700 ³³
573 676 628 724 et
657 675 970 724 catenatum
1009 682 1075 724 ac
1109 667 1455 740 subjugatum
1497 669 1676 726 sciant
1709 690 1722 724 :
1755 685 1917 742 quem

318 749 554 820 timuere
585 763 819 819 Romani
849 781 862 817 :
897 761 1160 835 illumque
1191 762 1538 821 idololalram
1585 780 1744 823 suum
1772 807 1786 834 ,
1819 781 1918 823 cu-

301 909 304 911 λ
317 857 408 930 jus
432 858 703 915 sacriﬁcia
733 874 796 915 se
819 859 992 930 magis
1032 858 1420 929 pertimescere
1449 875 1612 932 quam
1637 876 1789 916 arma
1822 862 1919 915 ﬁn-

319 953 542 1024 gebant,
575 953 696 1010 sine
720 952 909 1024 prmlio
935 951 1138 1008 victum
1158 948 1234 1008 ac
1261 953 1506 1008 vinctum
1538 954 1641 1011 sub
1667 954 1800 1026 jugo
1831 969 1922 1010 ca-

321 1045 570 1114 tenisque
601 1044 928 1116 despiciant.
971 1043 1142 1116 Igitur
1183 1059 1281 1100 rex
1324 1044 1700 1116 Rhadagaisus
1724 1088 1738 1114 ,
1774 1045 1922 1101 solus

320 1155 476 1210 spem
507 1140 651 1210 fuga:
679 1154 905 1196 sumens
929 1183 943 1207 ,
995 1139 1134 1194 clam
1167 1153 1298 1195 suos
1330 1139 1615 1208 deseruit,
1669 1149 1834 1211 atque
1867 1142 1919 1195 in

321 1241 547 1288 nostros
576 1231 769 1288 incidit
796 1273 810 1299 ,
843 1246 872 1286 a
903 1231 1099 1303 quibus
1131 1231 1176 1262 ³³
1202 1241 1419 1302 captus,
1446 1248 1510 1288 ac
1539 1233 1813 1304 paulisper
1837 1247 1924 1289 re-

326 1333 530 1392 tentus,
561 1324 760 1381 deinde
788 1324 1112 1381 interfectus
1136 1333 1240 1380 est.
1267 1325 1441 1381 Tanta
1468 1341 1601 1382 vero
1632 1324 1923 1381 multitudo

320 1418 666 1490 captivorum
694 1417 1000 1474 Gothorum
1027 1417 1194 1473 fuisse
1224 1416 1416 1488 fertur,
1436 1416 1923 1487 ut,vilissimarum

319 1512 591 1586 pecudum
624 1510 785 1568 modo
810 1553 825 1578 ,
858 1511 1089 1582 singulis
1131 1509 1316 1567 aureis
1357 1497 1560 1580 passim
1589 1526 1793 1583 greges,
1823 1509 1924 1566 ho-

321 1606 534 1663 minum
565 1604 954 1662 venderentur.
1008 1603 1118 1661 Sed
1152 1603 1286 1658 nihil
1332 1617 1621 1674 superesse
1662 1603 1806 1659 Deus
1855 1602 1924 1658 de

321 1700 516 1758 eodem
543 1698 744 1770 populo
771 1697 926 1754 sinit.
955 1695 1087 1752 Nam
1134 1696 1528 1751 illico'cunctis
1550 1695 1638 1766 qui
1666 1694 1925 1750 emeban-

2027 485 2192 553 rium,
2237 485 2404 542 ﬁlium
2445 501 2636 555 suum,
2667 486 2812 543 sicut
2841 503 2870 542 a
2898 487 3175 558 plerisque
3211 488 3477 558 traditur,
3506 491 3619 561 jam

2021 577 2150 635 inde
2167 579 2605 636 Christianorum
2635 582 3072 651 persecutionem
3096 596 3126 636 a
3157 597 3327 651 puero
3371 585 3617 652 privato-

2021 686 2127 742 que
2151 671 2524 739 meditantem,
2547 675 2563 704 ¹
2587 673 2640 730 in
2666 675 2951 745 imperium
2971 692 3190 747 quoquo
3213 677 3373 732 modo
3393 679 3629 735 sustine-

2021 777 2082 818 re
2113 762 2409 820 nitebatur.
2452 767 2828 833 Quamobrem
2874 766 3152 824 Alaricum
3190 811 3204 835 ,
3261 779 3623 841 cunctamque

2023 855 2329 912 Gothorum
2353 865 2597 930 gentem,
2620 874 2718 930 pro
2745 873 2875 930 pace
2893 861 3097 931 optima
3123 869 3177 917 et
3195 861 3625 934 quibuscumque

2023 947 2246 1005 sedibus
2273 949 2594 1020 suppliciter
2623 965 2685 1006 ac
2707 950 3030 1022 simpliciter
3075 961 3322 1009 orantem
3351 996 3365 1020 ,
3405 955 3622 1010 occulto

2023 1037 2234 1096 findere
2262 1039 2476 1108 fovens,
2505 1041 2719 1112 publice
2750 1052 2931 1100 autem
2964 1054 3018 1100 et
3049 1044 3178 1100 belli
3200 1053 3254 1100 et
3287 1049 3437 1116 pacis
3466 1047 3624 1118 copia

2023 1141 2251 1204 negata,
2302 1134 2370 1189 ad
2421 1135 2705 1190 terendam
2765 1137 3184 1207 terrendamque
3235 1138 3628 1209 rempublicam

2025 1225 2351 1282 reservavit.
2382 1227 2652 1283 Praeterea
2682 1236 2874 1299 gentes
2915 1230 3052 1284 alias
3097 1230 3272 1299 copiis
3313 1231 3629 1303 viribusque

2026 1318 2424 1388 intolerabiles,
2450 1319 2651 1390 quibus
2689 1337 2830 1376 nunc
2875 1320 3176 1378 Galliarum
3219 1323 3636 1394 Hispaniarum-

2028 1427 2134 1483 que
2164 1413 2458 1482 provincia:
2489 1423 2832 1484 premuntur,
2865 1415 2968 1470 hoc
2997 1425 3116 1484 est,
3141 1414 3468 1485 Alanorum,
3499 1417 3632 1475 Sue-

2029 1517 2243 1571 vorum,
2274 1504 2671 1573 Vandalorum,
2699 1509 2719 1538 ³
2743 1508 2973 1578 ipsoque
3004 1508 3165 1564 simul
3188 1517 3336 1565 motu
3367 1509 3629 1581 impulso-

2029 1614 2152 1655 rum
2182 1599 2656 1671 Burgundionum,
2687 1602 2829 1656 ultro
2861 1601 2916 1658 in
2939 1616 3090 1658 arma
3121 1603 3448 1672 sollicitans,
3475 1605 3496 1634 ⁸
3527 1607 3624 1661 dc-

2030 1703 2179 1752 terso
2205 1694 2372 1752 semel
2401 1695 2632 1752 Romani
2662 1696 2826 1768 572
2850 1696 3088 1752 nominis
3117 1704 3284 1767 metu,
3315 1698 3624 1754 suscitavit.

322 1801 410 1848 tur
435 1789 826 1859 morientibus,
859 1788 1003 1861 quod
1031 1787 1264 1858 improbi
1291 1796 1565 1858 emptores
1594 1802 1786 1843 eorum
1813 1801 1921 1842 non
1953 1787 2001 1849 B
2028 1788 2050 1820 ⁵
2079 1787 2185 1843 Eas
2208 1788 2425 1844 interim
2446 1788 2593 1859 ripas
2618 1789 2792 1844 Itheni
2818 1798 3066 1860 quatere,
3091 1798 3145 1845 et
3171 1790 3394 1860 pulsare
3420 1790 3630 1847 Gallias
3699 1846 3718 1857 ,

323 1883 712 1956 impenderunt
750 1881 990 1954 turpiter
1021 1879 1255 1954 pretiis,
1286 1880 1668 1951 expenderunt
1705 1881 1921 1937 miseri-
2024 1880 2221 1946 voluit,
2251 1895 2480 1951 sperans
2516 1883 2685 1937 miser
2717 1882 2821 1939 sub
2863 1881 2966 1937 hac
3009 1882 3357 1939 necessitatis
3396 1876 3630 1940 circum-

323 1977 564 2035 corditer
591 1975 910 2049 sepulturis.
935 1974 1107 2047 Igitur
1128 1975 1337 2047 ingrata
1363 1973 1556 2041 Roma,
1574 1974 1621 2007 ³⁵
1639 1991 1761 2046 quae
1781 1975 1923 2031 sicut
2023 1975 2250 2045 stantia,
2281 1977 2301 2006 ⁵
2330 1976 2474 2046 quod
2504 1986 2556 2032 et
2578 1985 2905 2048 extorquere
2931 1977 3219 2048 imperium
3240 1981 3261 2010 ⁸
3283 1994 3488 2050 genero
3511 1995 3630 2050 pos-

323 2088 471 2130 nunc
500 2072 708 2142 sensit,
739 2086 848 2127 non
878 2069 948 2125 ad
971 2067 1377 2134 remittendam,
1402 2067 1498 2124 sed
1529 2067 1596 2122 ad
1623 2068 1925 2138 reprimen-

321 2163 450 2220 dam
479 2162 803 2220 idololatria:
845 2161 1372 2232 praesumptionem,
1421 2159 1624 2230 judicis
1665 2159 1760 2216 Dei
1787 2158 1925 2216 obli-

322 2270 487 2328 quam
561 2252 995 2312 misericordiam
1039 2293 1056 2319 ,
1131 2252 1177 2284 ³⁵
1242 2251 1314 2307 ita
1377 2251 1638 2308 continuo
1700 2258 1927 2323 propter

325 2348 582 2405 vivorum
639 2356 1093 2417 mortuorumque
1160 2344 1203 2377 ³⁷
1256 2353 1573 2401 sanctorum
1633 2343 1782 2415 piam
1839 2359 1928 2401 re-

322 2440 704 2498 cordationem
737 2480 753 2506 ,
823 2438 924 2496 Dei
998 2438 1133 2494 iram
1197 2451 1425 2508 passura
1484 2453 1590 2493 non
1655 2437 1872 2508 plenam
1907 2476 1924 2502 ,

327 2532 490 2607 571
542 2533 588 2589 si
651 2531 793 2589 forte
851 2529 1076 2588 confusa
1128 2529 1438 2602 pteniteat,
1504 2540 1560 2587 et
1613 2546 1710 2600 per
1765 2545 1930 2601 expe-

329 2627 592 2686 rientiam
622 2627 782 2684 ﬁdem
827 2625 1029 2692 discat,
1077 2624 1145 2682 ab
1172 2624 1397 2680 incursu
1445 2623 1652 2680 Alarici
1695 2624 1840 2696 regis
1877 2635 1933 2680 et

330 2720 540 2788 hostis,
564 2719 662 2777 sed
687 2719 1003 2790 Christiani,
1028 2717 1073 2752 ³⁸
1096 2716 1438 2791 aliquantulo
1461 2717 1530 2775 ad
1566 2725 1782 2791 tempus
1803 2732 1931 2790 spa-

330 2814 435 2885 tio,
458 2821 502 2854 "
543 2813 812 2872 differtur.

847 2903 1078 2962 CAPUT
1115 2902 1412 2960 XXXVIII.

333 2999 416 3058 De
439 2998 787 3056 moiitionibus
812 2996 1332 3124 Stiliconis‘cot‘nitis,
1366 2999 1578 3070 ejusque
1611 3002 1661 3052 et
1683 2992 1935 3051 Eucherii

1021 3087 1076 3124 in
1101 3086 1175 3124 ert
1202 3085 1256 3124 ιι.

1021 3085 1256 3125 interitu.

2027 2077 2111 2124 set
2139 2067 2194 2123 in
2221 2067 2417 2137 ﬁlium,
2445 2076 2500 2124 et
2531 2069 2784 2125 barbarae
2815 2080 3004 2142 gentes
3037 2083 3142 2128 tam
3168 2073 3327 2130 facile
3347 2075 3634 2145 comprimi

2027 2175 2190 2230 quam
2226 2163 2561 2218 commoveri
2613 2163 2880 2219 valerent.
2927 2163 3118 2235 Itaque
3163 2165 3254 2221 ubi
3309 2165 3628 2237 imperatori

2028 2251 2274 2310 Honorio
2299 2253 2676 2325 exercituique
2707 2254 2953 2311 Romano
2992 2256 3111 2312 haec
3142 2266 3418 2314 tantorum
3455 2260 3631 2316 scele-

2031 2364 2152 2406 rum
2184 2363 2349 2406 scena
2382 2348 2650 2421 patefacta
2687 2359 2771 2405 est
2793 2391 2807 2416 ,
2841 2360 3116 2407 commoto
3139 2351 3442 2423 justissime
3473 2368 3634 2410 exer-
3682 2335 3692 2349 ’

2031 2445 2164 2510 eitu,
2195 2443 2410 2499 occisus
2437 2451 2523 2499 est
2549 2442 2777 2509 Stilico;
2810 2443 2924 2514 qui,
2948 2451 3006 2500 ut
3031 2460 3194 2499 unum
3219 2449 3485 2516 puerum"
3509 2463 3638 2518 pur-

2029 2552 2165 2610 pura
2207 2537 2492 2605 indueret,
2541 2537 2706 2592 totius
2759 2537 2980 2608 generis
3036 2537 3258 2594 humani
3315 2541 3636 2612 sanguinem

2033 2631 2055 2664 ³
2077 2629 2303 2686 dedidit.
2336 2630 2562 2686 Occisus
2589 2638 2672 2685 est
2696 2639 2750 2685 et
2782 2629 3087 2686 Eucherius
3114 2672 3128 2698 ,
3176 2632 3290 2702 qui,
3321 2633 3389 2689 ad
3439 2638 3634 2691 conci-

2031 2722 2276 2779 liandum
2303 2722 2407 2778 sibi
2439 2721 2678 2778 favorem
2703 2737 3044 2794 paganorum
3067 2764 3083 2792 ,
3111 2724 3461 2801 restitutione
3501 2737 3637 2784 tem-

2031 2817 2247 2889 plorum
2273 2828 2321 2872 et
2357 2817 2650 2873 eversione
2675 2817 3033 2874 ecclesiarum
3079 2819 3416 2877 imbuturum
3452 2838 3512 2880 se
3539 2840 3635 2882 re-

2034 2912 2124 2982 gni
2157 2909 2457 2981 primordia
2487 2909 2820 2978 minabatur,
2851 2911 3120 2983 paucique
3151 2929 3273 2969 cum
3317 2915 3510 2972 iisdem
3542 2931 3635 2974 sa—

2037 3001 2240 3059 tellites
2267 3010 2543 3058 tantarum
2571 3001 2919 3058 molitionum
2940 3005 3118 3074 puniti
3143 3015 3292 3063 sunt.
3310 3006 3384 3061 Ita
3414 3009 3638 3066 minimo

2037 3095 2264 3167 negotio
2293 3096 2314 3128 θ
2343 3109 2744 3165 paucorumque
2777 3109 2959 3165 ptena,
2984 3098 3238 3153 ecclesiae
3277 3099 3484 3156 Christi
3512 3118 3638 3158 cum

404 3190 614 3250 Interea
638 3205 825 3250 comes
850 3189 1065 3262 Stilico,
1101 3189 1474 3248 Vandalorum
1505 3189 1769 3258 imbellis,
1803 3204 1931 3246 ava-
1955 3173 2002 3236 Ο
2037 3189 2369 3260 imperatore
2393 3187 2652 3259 religioso
2683 3195 2738 3242 et
2765 3187 3016 3245 liberatae
3048 3203 3175 3246 sunt
3216 3200 3272 3247 et
3321 3194 3636 3252 vindicattr.

327 3295 429 3354 rae,
464 3284 686 3358 perﬁdae
712 3292 768 3342 et
808 3283 1013 3342 dolosa:
1040 3283 1220 3356 gentis
1245 3299 1450 3357 genere
1487 3285 1668 3343 editus
1693 3325 1708 3354 ,
1737 3283 1927 3355 parvi-

2033 3282 2219 3355 ltaque
2248 3290 2372 3353 post
2397 3280 2514 3337 hznc
2544 3279 2586 3314 ¹⁰
2618 3289 2772 3337 tanta
2799 3296 3095 3355 augmenta
3126 3285 3590 3358 blaSpbemiarum
3609 3331 3625 3358 ,

1354 3472 1378 3504 ο
1631 3437 2088 3499 HAVERCAMPI
2124 3439 2358 3498 NOTAE.
2386 3449 2388 3451 ’

333 3593 394 3640 et
409 3596 528 3666 sec:
561 3596 687 3666 cum
713 3578 855 3639 Coll.
899 3581 1180 3650 Gronov.,
1216 3581 1429 3655 {uerunt
1466 3589 1648 3639 eventu
1686 3598 1932 3655 compen-

330 3664 454 3713 sata
474 3663 723 3710 uictoriae.

333 3734 372 3790 is
407 3726 502 3782 35.
546 3725 615 3781 Et
648 3735 962 3798 catenatum.
1005 3726 1063 3782 In
1095 3725 1258 3783 nullis
1281 3765 1296 3794 ,
1325 3740 1464 3798 quos
1490 3725 1739 3782 consului
1770 3740 1930 3791 mss.,

334 3807 402 3870 ut
426 3811 529 3854 uec
557 3798 614 3854 in
643 3797 733 3854 ed.
753 3801 894 3870 Aug.
920 3807 1162 3869 apparet.
1182 3797 1538 3867 RespOndent
1565 3807 1749 3870 tamen
1781 3799 1935 3854 hisce

334 3869 430 3942 illa
451 3883 579 3942 quae
606 3869 1074 3942 mox-sequentur,
1108 3870 1218 3924 sine
1247 3871 1428 3942 prwtio
1447 3870 1642 3942 rictum
1669 3869 1843 3942 (sive,
1875 3877 1937 3925 ut

334 3939 598 4066 Euripum
622 3941 774 4014 legit)
800 3939 1014 4013 captum
1039 3957 1100 3995 ac
1124 3939 1353 3998 vinctum
1373 3941 1466 3996 sub
1479 3943 1614 4012 jugo
1639 3941 1937 4012 catenisque

377 4026 651 4066 esmciant.

377 4026 651 4068 esmcrant.

410 4030 758 4158 Ξίιῗιὲᾨςηε,
789 4101 852 4141 ac
877 4085 1140 4158 paulisper
1170 4091 1418 4158 retentus,
1448 4083 1654 4158 deinde,
1694 4093 1802 4158 etc.
1837 4082 1938 4140 Pe-

337 4154 538 4227 rizon.,
565 4155 740 4212 codex
786 4154 909 4214 cum
968 4154 1183 4227 duobus
1231 4155 1474 4212 tribusve
1509 4154 1645 4227 Lug.
1692 4155 1834 4211 Batt.
1883 4162 1940 4227 et

337 4226 776 4300 Goll.rGronov.,
802 4238 982 4300 captus
1001 4270 1017 4297 ,
1041 4225 1309 4300 paulisper
1335 4226 1572 4283 detentus
1597 4225 1615 4295 ξ
1657 4235 1704 4283 et
1749 4226 1939 4282 deinde

337 4297 647 4368 interfectus
684 4307 782 4355 est.

413 4370 504 4426 55.
549 4371 677 4438 Qute
695 4370 828 4426 sicut
852 4386 987 4426 nunc
1016 4370 1198 4426 sensit.
1227 4368 1335 4426 Pro
1361 4386 1498 4425 nunc
1527 4383 1658 4425 mss.
1687 4369 1939 4426 Perizon.

337 4455 468 4499 cum
495 4441 662 4497 duob.
697 4441 870 4514 Lugd.
899 4443 1039 4497 Batt.
1069 4442 1412 4514 nonAlegunt;
1441 4451 1499 4514 at
1515 4439 1938 4514 COILCronov”

339 4528 544 4584 quoque
563 4514 696 4568 sicut
722 4512 828 4568 no‘n
855 4514 1036 4567 sensit.
1075 4512 1134 4568 ln
1167 4512 1339 4584 Lugd.
1369 4529 1456 4584 pr.
1490 4512 1674 4569 inveni
1705 4515 1776 4569 ita
1807 4513 1944 4569 scri-

342 4583 524 4655 ptum,
547 4601 750 4655 quoque
771 4586 846 4639 sic
871 4601 976 4639 non
997 4585 1180 4640 sensit.
1213 4583 1567 4640 Nihil'tamen
1595 4594 1749 4641 muto
1771 4629 1786 4652 ,
1816 4586 1944 4641 licet

341 4669 541 4712 sensus
563 4656 907 4727 aliquantum
939 4657 1209 4727 obscurus
1236 4657 1330 4710 sit.

417 4729 509 4784 56.
551 4724 639 4781 Ita
656 4724 923 4782 continuo.
952 4725 1091 4783 Coll.
1119 4725 1362 4784 Gronov.
1385 4769 1403 4799 ,
1437 4726 1510 4782 ita
1535 4729 1782 4783 continuo
1808 4727 1944 4782 sicut

342 4805 558 4873 propter
567 4799 807 4873 triverunt
827 4840 842 4867 ,
874 4807 981 4873 etc.

458 4871 512 4926 7.
556 4869 890 4926 Sanctorum.
922 4869 1024 4925 Ed.
1057 4869 1314 4938 August.,
1346 4885 1582 4926 avorum.

418 4942 511 5013 58.
553 4940 917 5013 Aliquantulp.
945 4940 1121 5013 Lugd.
1153 4940 1275 4997 Bat.
1304 4957 1389 5012 pr.
1408 4984 1424 5010 ,
1459 4941 1751 5006 aliquanto.

419 5012 512 5069 59.
547 5011 823 5080 Di/fertur.
853 5011 1173 5083 Lugdeat.
1227 5021 1434 5083 quart.,
1465 5013 1785 5081 di/l‘erretur.
1834 5011 1942 5068 Sed

349 5084 407 5142 in
429 5083 603 5156 Lugd.
637 5084 754 5156 Dat.
781 5085 958 5156 primo
978 5085 1032 5139 in
1065 5091 1216 5156 textu
1243 5084 1458 5156 quidem
1493 5085 1697 5156 legitur,
1713 5083 1946 5156 defertur

347 5155 535 5227 queat,
560 5155 656 5227 sed
684 5155 980 5227 corrigitur
1002 5155 1206 5224 «ti/ferri
1250 5155 1432 5227 queat,
1473 5155 1748 5224 quomodo
1781 5155 1840 5211 et
1886 5155 1943 5210 in

353 5226 520 5284 tertio
544 5226 763 5298 legitur.
794 5226 991 5283 Verum
1019 5228 1170 5297 vulg.
1208 5226 1368 5283 lcetio
1396 5242 1527 5284 sana
1558 5235 1659 5283 est.
1710 5227 1942 5283 Romam

351 5298 532 5355 innuit
563 5297 816 5367 Orosius,
845 5299 1094 5369 quamvis
1116 5305 1336 5354 aeterna:
1373 5299 1535 5358 Urbis
1572 5299 1852 5367 superbiat
1879 5299 1948 5369 ti:-

354 5369 498 5442 tqu,
528 5379 706 5426 tamen
734 5383 830 5440 per
860 5368 996 5424 iram
1028 5369 1127 5426 Dei
1159 5370 1450 5442 aliquando
1473 5369 1806 5442 perituram,
1848 5368 1946 5426 sed

353 5439 580 5500 diﬁ‘erre
612 5439 781 5497 Deum
814 5442 950 5497 iram
983 5455 1170 5508 suam,
1205 5439 1261 5496 si
1294 5441 1436 5497 forte
1456 5439 1490 5508 ,’
1518 5457 1627 5498 non
1668 5441 1877 5511 perdita
1917 5456 1948 5496 a

353 5512 728 5584 Rhadagaiso,
758 5513 845 5568 cui
875 5512 926 5568 id
959 5526 1062 5567 non
1095 5511 1370 5584 concessit
1389 5514 1512 5582 quia
1539 5527 1781 5584 paganus
1805 5520 1947 5584 erat,

355 5581 655 5658 paenitens,
674 5584 873 5658 mitius
901 5584 1158 5658 puniatur
1186 5584 1255 5640 ab
1283 5581 1523 5658 Alarico,
1541 5581 1772 5658 ‘lio'inine
1793 5581 1952 5658 Chri-

353 5654 561 5724 stiano,
591 5666 651 5712 ut
670 5656 741 5711 ita
771 5654 935 5726 ﬁdem
957 5656 1155 5724 discat,
1184 5663 1241 5712 et
1258 5669 1355 5726 per
1375 5654 1766 5726 ﬁdemdivinis
1785 5655 1950 5711 casti-

357 5727 672 5813 gationibus
686 5724 1008 5813 cumfructu
1021 5741 1080 5784 se
1097 5724 1404 5784 submittat.
1418 5725 1622 5785 Confer
1641 5738 1946 5786 extremum

357 5808 554 5875 capitis
581 5808 871 5874 sequentis.

685 5917 964 5982 Panos.
1011 5913 1259 5985 XXXI.

2113 3580 2246 3664 Cui.
2276 3577 2572 3635 XXXVIII.
2605 3581 2752 3636 -1.
2772 3579 2855 3664 Ἰη
2882 3583 3179 3664 imperium.
3385 3590 3526 3664 Aug.
3582 3604 3640 3652 et

2035 3667 2168 3731 mss.
2203 3652 2315 3731 fere
2342 3666 2556 3731 omnes,
2591 3667 2729 3720 quos
2769 3652 3008 3725 inspexi,
3041 3656 3118 3712 ita
3141 3659 3420 3731 exhibent,
3448 3652 3556 3721 non
3586 3668 3644 3723 in

2035 3724 2275 3794 imperio,
2301 3731 2362 3778 ut
2390 3724 2571 3792 vulgg.

2106 3793 2163 3850 2.
2195 3793 2446 3879 Ipsoque.
2619 3795 2878 3867 August.,
2913 3797 3250 3872 ipsorumque
3287 3805 3444 3861 simul
3473 3817 3643 3879 metu,

2037 3875 2170 3934 etc.,
2196 3866 2339 3933 quod
2373 3881 2480 3922 non
2509 3865 2732 3923 damno.

2112 3939 2167 3995 '5.
2196 3937 2411 4012 Deterso
2438 3938 2738 4003 semel,ete.
2766 3938 2904 3996 Male
2923 3941 3128 3998 excidit
3148 3958 3215 4000 ex
3243 3948 3366 4004 cod.
3389 3949 3640 4012 Perizon.

2038 4009 2349 4096 loxse‘ntel,
2375 4020 2695 4096 nam_attget
2732 4013 3212 4096 signiﬁcationem,
3239 4024 3445 4096 ‘prouti
3495 4009 3642 4096 apud

2038 4081 2437 4154 Tertullianum
2463 4091 2515 4136 et
2544 4081 3100 4154 optimos’scriptores
3133 4081 3360 4149 Lstinos
3388 4109 3455 4150 eo
3473 4081 3642 4152 sensu

2040 4168 2333 4210 occurrere
2360 4152 2522 4208 solet.

2115 4227 2170 4281 4.
2196 4223 2308 4307 Εαῇ
2323 4224 2690 4307 interim,_etc.
2722 4224 2878 4307 Nulla
2904 4237 3030 4307 ante
3061 4227 3177 4286 hate
3192 4233 3364 4307 _verba
3397 4233 3451 4292 in
3483 4239 3637 4307 prio-

2042 4296 2197 4368 ribus
2223 4296 2382 4351 editt.
2415 4296 2721 4368 ponebatur
2749 4298 3063 4368 distinctio,
3094 4304 3241 4360 unde
3273 4296 3519 4365 turbatus
3546 4327 3641 4368 eo-

2045 4367 2295 4448 rumdem
2327 4367 2637 4448 intellectus
2667 4366 2785 4448 fuit.
2815 4369 2921 4426 Pro
2947 4366 3092 4442 ripas
3131 4375 3220 4448 ed.
3268 4378 3496 4448 August.
3547 4366 3643 4440 Ita-

2044 4440 2304 4520 bet‘ipls‘as
2331 4439 2496 4520 ripas,
2529 4448 2585 4520 ut
2611 4448 2667 4496 et
2696 4439 3025 4520 ipsorumque
3048 4459 3149 4520 pro
3177 4439 3426 4519 ipsorum.

2117 4510 2174 4592 5..
2208 4511 2436 4592 Quod}!
2467 4510 2804 4592 extorquere.
2839 4510 3257 4592 Sagpissimeg'in
3299 4536 3433 4577 mss.
3466 4523 3646 4582 Orosii

2048 4582 2268 4654 ponitur
2293 4582 2416 4651 quia
2445 4596 2544 4654 pro
2563 4582 2723 4654 quod,
2758 4582 3127 4642 sicuti—etiam
3169 4588 3275 4646 hoc
3317 4593 3371 4648 in
3424 4594 3549 4652 loco
3586 4597 3645 4652 in

2046 4653 2330 4736 plerisque
2357 4653 2518 4736 codd.
2548 4653 2960 4736 peri'iiutantur;
2987 4658 3084 4736 sed
3113 4674 3226 4736 _nos
3270 4665 3553 4736 sequimur
3578 4669 3647 4725 il-

2049 4725 2154 4804 los:
2185 4726 2278 4804 qui
2303 4725 2445 4795 quod
2469 4725 2733 4804 scribunt.
2753 4727 3017 4804 _Derizon:
3041 4729 3207 4786 habet
3227 4725 3354 4804 qua.

2123 4797 2176 4852 6.
2207 4794 2406 4868 Genera
2437 4807 2606 4868 posset
2637 4797 2691 4851 in
2737 4797 2931 4868 ﬁlium.
2980 4801 3167 4857 Gener
3210 4794 3489 4864 Stiliconis
3520 4821 3644 4868 erat

1971 4897 2029 4961 ι)
2056 4865 2635 4961 ἐξρξξξτὲξλξλξξξιοξὲἐρ
2665 4865 2889 4961 uersa!
2916 4871 3166 4961 ξέξιξεέςηι
3203 4875 3307 4961 ﬁlia
3336 4895 3350 4943 ς
3389 4880 3485 4935 sed
3508 4865 3644 4961 ,(ἕμηὲ

2051 4938 2323 5018 Eucherio
2349 4938 2642 5018 ﬁlio_parat
2661 4955 2894 5018 regnum
2916 4938 3131 5013 Stilico,
3155 4938 3481 5018 extorquere
3508 4953 3645 5010 illud

2052 5025 2254 5094 genero
2279 5009 2522 5094 Honorio
2545 5009 2988 5094 Ostudet.._Nova_m
3020 5009 3151 5072 vero
3194 5009 3484 5076 lectionem
3513 5039 3644 5094 sup-

2054 5079 2260 5164 peditat
2287 5081 2410 5164 cod.
2438 5079 2710 5150 Perizon.,
2737 5082 3110 5164 ita__scriben§,
3145 5105 3251 5164 qua
3272 5099 3319 5164 et
3341 5079 3646 5164 extorquere

2054 5153 2328 5232 imperium
2358 5163 2533 5232 tenero
2558 5163 2728 5232 posset
2757 5155 2891 5232 ﬂio,
2923 5168 3030 5232 etc.
3058 5153 3168 5215 Sed
3196 5161 3351 5232 Vulg.
3383 5153 3514 5219 sana
3538 5179 3645 5223 est.

2130 5222 2182 5279 7.
2215 5222 3141 5302 Purpurainduerete'Sic'ed.Aug.
3184 5243 3240 5288 et
3277 5222 3411 5291 mss.
3453 5222 3646 5296 melim-

2057 5313 2178 5363 res;
2212 5296 2302 5367 a_lii
2314 5335 2328 5360 ,
2345 5312 2640 5367 purpuram
2665 5296 2921 5355 indueret.

2130 5369 2185 5426 8.
2218 5365 2808 5441 Dedidit.'l_ta_res_titui
2844 5386 2910 5427 ex
2956 5387 3090 5428 mss.
3144 5375 3414 5438 Florentt.
3451 5391 3508 5438 et
3550 5383 3638 5441 ed.

2055 5438 2367 5511 Aug.,_nam
2399 5436 2541 5493 dedit
2573 5439 2774 5511 legitur
2797 5440 2850 5496 in
2880 5441 3019 5499 aliis.

2127 5508 2184 5568 9.
2211 5508 2610 5583 Paucorumque
2629 5508 2801 5584 paena.
2835 5514 3026 5573 Plures
3056 5533 3121 5573 ex
3156 5535 3289 5578 mss.
3312 5564 3327 5591 ,
3360 5540 3642 5594 paucorum

2053 5601 2228 5658 paena.

2125 5657 2217 5730 10.
2241 5657 2411 5712 Tanta
2440 5665 2718 5728 augmenta
2741 5657 3202 5730 blasphemiarum.
3232 5662 3367 5721 Cod.
3393 5666 3647 5730 Perizon.

2053 5728 2205 5802 legit,
2233 5737 2379 5785 tanta
2408 5737 2686 5802 augmenta
2717 5738 2765 5785 et
2796 5728 3008 5802 piacula
3033 5734 3495 5808 blasphemiarum.
3538 5810 3544 5820 ,

3019 5923 3181 6011 .37
