4076 6352
445 288 587 347 “63

1840 272 2047 332 PAULI
2083 274 2307 333 OROSII

3603 267 3751 324 1164

444 404 751 471 nullamque
787 394 1187 468 pmnitentiam,
1216 394 1412 448 ultima
1442 391 1531 447 illa
1559 388 1761 459 diuque
1777 403 2041 460 suspensa
2069 392 2117 450 Α
2149 405 2246 460 per
2273 390 2516 461 singulos
2541 388 2775 459 singula,
2806 399 2862 443 et
2882 401 3049 458 super
3069 386 3249 456 capita
3276 383 3419 440 elata
3445 382 3621 455 palam
3649 399 3746 437 au-

449 496 649 554 Urbem
682 505 842 564 poma
872 488 1248 558 consequitur.

888 582 1050 657 573
1087 578 1317 636 carus
1346 576 1588 633 χχχιχ.

449 681 725 749 Quomodo
758 678 922 733 Roma
949 674 1254 749 perAGotftos
1283 677 1489 749 irrupta
1527 671 2043 749 [uerithdeprtedata

584 761 633 808 et
658 752 873 807 incensa
895 791 908 816 ,
949 741 1080 803 satis
1116 742 1427 802 Christianis
1459 741 1584 800 tutis
1621 754 1671 799 et
1701 741 1896 797 liberis.

524 841 692 899 Adest
717 838 966 898 Alaricus
990 879 1005 905 ,
1037 835 1302 906 trepidam
1335 836 1563 892 Rontam
1614 833 1847 900 obsidet,
1883 836 1897 865 ¹
1930 845 2042 889 tur-

451 937 569 1002 bat,
593 934 867 1005 irrumpit.
892 930 1032 988 Dato
1056 939 1232 987 tamen
1259 938 1535 1003 priscepto
1560 930 1581 962 ²
1602 928 1777 1003 prius,
1802 937 1863 984 ut
1882 927 1927 983 si
1948 925 2043 999 qui

445 1031 500 1087 in
530 1038 717 1086 sancta
759 1026 877 1083 loca
909 1026 1288 1098 praecipueque
1318 1026 1339 1059 ³
1372 1026 1425 1081 ἰη
1469 1034 1781 1082 sanctorum
1821 1032 2042 1094 aposto-

447 1122 623 1179 lorum
654 1119 803 1176 Petri
842 1128 897 1175 et
937 1116 1091 1174 Pauli
1144 1114 1403 1174 basilicas
1446 1116 1467 1149 "
1493 1115 1906 1190 confugissent,
1942 1115 2042 1170 ltos

443 1212 715 1285 imprimis
753 1210 1045 1267 inviolatos
1072 1226 1404 1284 securosque
1445 1226 1568 1267 esse
1596 1210 1863 1268 sinerent.
1901 1204 2041 1264 Tum

445 1304 664 1376 deinde,
692 1307 746 1362 iu
774 1313 1039 1378 quantum
1068 1314 1290 1376 possent
1310 1304 1511 1376 praedae
1539 1305 1831 1370 inhiantes,
1856 1318 1886 1358 a
1918 1317 2044 1359 san-

443 1401 606 1474 guine
637 1411 1026 1474 temperarent.
1073 1397 1283 1456 Accidit
1311 1412 1546 1470 quoque,
1594 1412 1704 1468 quo
1739 1395 1907 1469 magis
1949 1395 2041 1454 illa

446 1491 611 1552 Urbis
642 1492 872 1565 irruptio
922 1488 1299 1564 indignatione
1346 1489 1440 1545 Dei
1463 1500 1623 1555 acta,
1657 1504 1818 1561 quam
1869 1488 2043 1544 hostis

445 1586 765 1645 fortitudine
789 1585 1135 1659 probaretur,
1166 1593 1227 1642 ut
1253 1584 1448 1641 beatus
1478 1581 1851 1648 innocentius,
1886 1580 1906 1613 ⁸
1929 1576 2040 1636 Ro-

443 1697 621 1739 manae
643 1680 903 1739 Ecclesiae
924 1681 1233 1753 episcopus,
1265 1687 1544 1750 tamquam
1560 1674 1742 1748 justus
1763 1670 1885 1742 Lot,
1914 1675 2043 1731 sub-

2147 496 2237 536 rca
2268 489 2433 552 atque
2455 491 2712 552 argentea
2747 494 2876 534 vasa
2902 487 3212 550 portantur,
3244 477 3482 534 exsertis
3507 476 3749 547 undique

2104 570 2113 579 ’
2144 574 2209 628 ad
2237 573 2614 630 defensionem
2636 573 2836 645 gladiis
2864 574 2950 643 pia
2985 587 3179 641 pompa
3206 571 3472 627 munitur.
3504 571 3549 603 “‘
3574 572 3748 643 Hym-

2144 665 2230 720 nis
2257 708 2272 731 ,
2309 666 2421 720 Deo
2452 665 2717 720 Romanis
2748 660 3115 735 Barbarisque
3151 662 3592 728 concinentibus,
3644 678 3745 732 pu-

2146 758 2283 813 blice
2311 758 2542 813 canitur.
2575 758 2837 814 Personat
2879 757 2989 813 late
3017 756 3072 811 io
3112 757 3327 812 excidio
3358 755 3522 814 Urbis
3550 755 3748 812 salutis

2146 853 2303 921 tuba,
2342 867 2641 923 omnesque
2684 854 2846 909 etiam
2894 853 2945 906 in
2995 850 3192 906 abditis
3250 851 3505 918 latentes,
3554 848 3750 905 invitat

2143 960 2209 1003 ac
2250 946 2448 1014 pulsat.
2492 947 2834 1002 Concurrunt
2875 944 3115 1015 undique
3151 944 3219 1000 ad
3258 959 3385 1000 vasa
3421 943 3566 1000 Petri
3618 960 3748 1000 vasa

2143 1036 2347 1094 ChriSti
2367 1054 2383 1103 ;
2404 1037 2624 1109 plurimi
2638 1039 2799 1093 etiam
2826 1038 3015 1107 pagani
3032 1037 3360 1093 Christianis
3378 1035 3751 1108 professione,

2148 1131 2191 1162 "
2215 1131 2317 1186 etsi
2350 1146 2457 1186 non
2489 1129 2596 1186 tide
2617 1171 2632 1197 ,
2676 1130 3046 1185 admiscentur
3077 1146 3092 1195 ;
3125 1141 3181 1184 et.
3211 1145 3304 1200 per
3335 1133 3438 1185 ltoc
3469 1142 3649 1183 tamen
3675 1127 3750 1183 ad

2146 1231 2364 1293 tempus
2387 1263 2403 1289 ,
2427 1237 2535 1293 quo
2563 1223 2736 1294 magis
2756 1220 3187 1289 confundantur,
3220 1221 3482 1277 evadunt.
3532 1221 3748 1287 Quanto

2144 1313 2420 1384 copiosius
2450 1312 2493 1344 ¹⁶
2522 1320 2883 1385 aggregantur
2904 1312 3135 1368 Romani
3164 1312 3565 1384 confugientes,
3595 1321 3749 1367 tanto

2146 1406 2359 1463 avidius
2403 1406 2907 1463 circumfunduntur
2932 1405 3154 1463 Barbari
3207 1405 3546 1462 defensores.
3593 1408 3745 1476 Osse

2146 1517 2237 1559 cra
2262 1511 2316 1558 et
2346 1499 2637 1559 ineffabilis
2659 1500 2832 1556 divini
2865 1498 3055 1570 judicii
3075 1498 3332 1555 discretio
3360 1500 3373 1554 l
3415 1499 3459 1554 Ο
3496 1508 3748 1555 sanctum

2146 1582 2299 1649 istud
2315 1602 2376 1650 et
2402 1595 2640 1649 salutare
2667 1592 2895 1661 ﬂumen,
2921 1590 3063 1663 quod
3086 1607 3253 1663 parva
3273 1601 3527 1649 exortum
3552 1590 3751 1661 domo,

2146 1684 2275 1740 dum
2340 1685 2502 1742 beato
2565 1686 2725 1743 alveo
2790 1686 2843 1741 in
2908 1693 3220 1741 sanctorum
3288 1684 3447 1741 sedes
3515 1684 3690 1741 tendit
3725 1726 3740 1752 ,

447 1784 652 1832 tractus
677 1790 706 1830 a
735 1770 1008 1842 Sodomis,
1041 1771 1250 1830 occulta
1273 1769 1616 1843 providentia
1642 1768 1737 1825 Dei
1769 1768 1911 1840 apud
1935 1764 2043 1824 Ra-
2072 1784 2120 1845 B
2146 1776 2462 1835 aberrantes
2525 1779 3004 1850 perielitantesque
3051 1777 3262 1832 animas
3314 1777 3367 1833 in
3419 1777 3616 1850 salutis
3673 1778 3756 1832 si-

455 1884 683 1924 vennam
714 1877 841 1923 tunc
872 1868 1081 1936 positus
1104 1907 1119 1932 ,
1153 1864 1455 1936 peccatoris
1480 1861 1661 1936 populi
1700 1877 1806 1919 non
1834 1860 2044 1918 videret

444 1958 736 2016 excidium.
769 1958 1210 2016 Discurrentibus
1239 1957 1422 2028 itaque
1452 1972 1545 2026 per
1589 1953 1787 2013 Urbem
1832 1953 2041 2010 Barba-

446 2053 522 2109 ris
547 2094 562 2119 ,
594 2048 737 2107 forte
766 2064 906 2107 unus
933 2050 1262 2116 Gothorum,
1300 2048 1554 2119 idemque
1581 2057 1776 2118 potens
1805 2055 1859 2102 et
1884 2044 2038 2101 Chri-

440 2148 652 2204 stianus
677 2190 692 2214 ,
720 2162 928 2203 sacram
976 2144 1084 2201 Deo
1115 2144 1381 2217 virginem
1432 2144 1452 2175 ⁶
1496 2142 1608 2213 jam
1642 2154 1803 2198 mtate
1848 2156 2043 2213 prove-

442 2240 679 2307 ctam,in
705 2239 941 2312 quadam
963 2236 1336 2295 ecclesiastica
1361 2235 1523 2293 domo
1549 2236 1785 2306 reperit:
1812 2244 2043 2305 cumque

441 2333 510 2389 ab
554 2348 618 2389 ea
666 2346 856 2389 aurum
897 2338 1300 2402 argentumque
1338 2324 1570 2384 honeste
1613 2335 1979 2399 exposceret,
2022 2324 2041 2358 ⁷

440 2427 532 2484 illa
561 2421 711 2483 ﬁdeli
739 2424 1049 2482 constantia
1076 2437 1197 2479 esse
1217 2419 1361 2493 apud
1401 2437 1461 2479 se
1491 2418 1808 2493 plurimum,
1838 2430 1892 2476 et
1917 2436 2044 2475 mox

438 2518 826 2593 proferendum
884 2510 1231 2590 spopondit,
1287 2531 1353 2571 ac
1411 2510 1657 2586 protulit.
1713 2513 1735 2547 ³
1775 2513 2041 2585 Dumque,

440 2610 709 2684 expositis
737 2610 956 2681 opibus,
997 2607 1291 2665 attonitum
1322 2607 1624 2663 Barbarum
1670 2602 2046 2679 magnitudine

435 2712 495 2763 et
519 2705 762 2775 pondere
790 2718 855 2760 ac
883 2700 1050 2777 574
1079 2699 1509 2772 pulchritudine,
1538 2701 1720 2773 ignota
1750 2701 1915 2757 etiam
1945 2715 2042 2754 va-

435 2813 622 2854 sorum
653 2796 916 2867 qualitate
941 2799 961 2829 ⁹
989 2794 1323 2866 intelligeret
1349 2835 1365 2860 ,
1399 2793 1551 2866 virgo
1580 2790 1781 2850 Christi
1811 2788 1878 2849 ad
1910 2788 2042 2848 Bar-

437 2891 633 2953 barum
666 2890 743 2945 ait
774 2908 786 2941 :
816 2886 948 2944 Haec
976 2885 1127 2943 Petri
1148 2887 1377 2961 apostoli
1404 2903 1557 2942 sacra
1581 2887 1874 2942 ministeria
1899 2895 2040 2941 sunt.

436 2978 727 3049 Praesume,
748 2981 794 3036 si
818 2980 1004 3050 audes,
1026 2979 1090 3036 de
1117 2980 1261 3052 facto
1286 2989 1341 3035 tu
1362 2979 1574 3035 uideris.
1610 2979 1652 3011 ¹⁰
1667 2972 1784 3051 Ego
1805 2979 1927 3048 quia
1953 2976 2043 3033 de-

2146 1871 2425 1942 nunt'pia
2475 1871 2773 1941 rapacitate
2839 1869 3083 1940 pervexit
3153 1872 3167 1924 ι
3235 1867 3281 1925 Ο
3338 1869 3600 1940 praeclara
3650 1868 3745 1924 illa

2145 1965 2469 2021 Christianas
2525 1964 2733 2018 militia:
2800 1961 2928 2018 tuba
2963 2004 2978 2030 ,
3043 1976 3164 2032 qum
3216 1962 3551 2033 generaliter
3614 1977 3747 2017 cun-

2145 2070 2265 2117 ctos
2318 2058 2633 2115 dulcissimo
2693 2055 2760 2111 ad
2820 2057 2984 2111 vitam
3027 2054 3396 2112 modulamine
3464 2052 3704 2109 invitatis
3736 2095 3753 2121 ,

2146 2164 2284 2221 quos
2349 2146 2393 2180 ¹⁷
2432 2147 2501 2203 ad
2551 2147 2784 2203 salutem
2834 2146 3212 2202 inobedientes
3263 2161 3367 2201 non
3425 2148 3745 2209 suscitavit,

2148 2242 2310 2316 575
2339 2243 2382 2275 ¹⁸
2412 2240 2809 2298 ἰιιθχουδεώίιθε
2834 2240 3057 2312 reliquit
3085 2239 3151 2296 ad
3198 2250 3451 2297 mortem.
3494 2241 3535 2273 ⁸⁵
3563 2241 3757 2312 Myste-

2148 2337 2288 2392 rium
2319 2337 2453 2405 ltoc,
2501 2335 2647 2406 quod
2691 2336 2743 2390 in
2781 2332 3183 2403 transferendis
3216 2333 3395 2401 vasis,
3430 2335 3474 2365 ²⁰
3507 2332 3758 2390 dicendis

2148 2429 2401 2500 hymnis,
2445 2426 2713 2484 ducendis
2756 2426 2970 2498 pupulis
3007 2425 3145 2492 fuit,
3178 2435 3454 2498 tamquam
3498 2443 3757 2499 magnum

2149 2521 2396 2578 cribrum
2432 2521 2597 2576 fuisse
2625 2520 2895 2589 arbitror,
2938 2537 3038 2592 per
3067 2522 3211 2593 quod
3240 2538 3307 2578 ex
3332 2523 3762 2594 congregatione

2148 2613 2334 2686 pepuli
2358 2613 2613 2680 Romani,
2645 2620 2918 2683 tamquam
2951 2630 3016 2671 ex
3042 2629 3230 2686 magna
3265 2630 3442 2671 massa
3472 2614 3757 2685 frumenti,

2148 2723 2247 2780 per
2287 2708 2468 2764 omnia
2513 2724 2577 2763 ex
2619 2708 2877 2765 universo
2918 2709 3125 2765 ambitu
3156 2709 3392 2766 cititatis
3424 2711 3760 2767 latebrarum

2150 2803 2417 2857 foramina
2442 2843 2455 2867 ,
2488 2800 2754 2857 efﬂuxere
2782 2816 2947 2872 grana
2975 2803 3094 2858 viva
3118 2843 3135 2871 ,
3163 2804 3282 2860 sive
3303 2804 3617 2872 occasione,
3641 2805 3760 2861 sive

2136 2894 2379 2948 ~veritate
2405 2902 2674 2948 commota
2703 2932 2718 2960 ,
2751 2894 2934 2949 omnia
2968 2902 3149 2950 tamen
3183 2896 3251 2951 de
3281 2908 3555 2967 praesente
3584 2897 3759 2954 salute

2146 2987 2424 3042 credentia
2453 3026 2468 3053 ,
2498 2987 2540 3017 ²¹
2571 3002 2642 3042 ex
2670 2986 2870 3043 ltorreo
2887 2986 3187 3044 Dominica:
3219 2990 3636 3061 prmparationis
3667 3006 3787 3064 πο,

443 3070 655 3143 {cudere
684 3089 786 3127 ηοη
816 3071 984 3140 valeo:
1013 3087 1181 3142 neque
1202 3082 1372 3127 ιεηετε
1394 3068 1588 3126 Midea-
1612 3069 1883 3127 Barbal'us
1909 3084 2044 3126 vero
2087 3154 2116 3158 __
2149 3090 2309 3150 cepta
2342 3089 2469 3135 sunt
2496 3100 2507 3135 :
2537 3080 2750 3152 reliqua
2767 3097 2929 3158 .vero,
2960 3083 3007 3114 “
3038 3083 3176 3139 sicut
3206 3096 3451 3139 stercora
3477 3125 3492 3152 ,
3527 3094 3584 3140 et
3610 3085 3760 3140 velut

439 3166 509 3223 ad
554 3166 918 3224 τενθτθηιίθῐη
948 3163 1235 3237 τθιῑείοηῑε
1261 3209 1277 3235 ν
1309 3166 1504 3222 "more
1536 3162 1630 3222 θεῖ
1660 3173 1715 3221 ει
1745 3163 1851 3220 “de
1875 3161 2040 3235 νὶνεῖ-
2070 3154 2118 3219 C
2151 3174 2321 3243 palea:
2343 3216 2358 3239 ,
2390 3177 2503 3244 ipsa
2541 3175 2625 3230 vel
2657 3154 3038 3232 incredulitate
3075 3175 3164 3232 vel
3203 3177 3571 3233 inobctlieutia
3614 3191 3755 3246 pra:-

440 3260 526 3317 ῐιίε
550 3268 753 3328 minus.
778 3258 846 3316 ad
874 3254 1151 3316 Αιίιΐίθυῐη
1176 3274 1273 3330 Per
1291 3256 1670 3316 ηυηιίυωδτεο
1698 3256 1886 3314 fetum
1910 3276 1922 3310 ε
1949 3252 2042 3329 qui
2143 3266 2383 3337 iudicata
2410 3310 2424 3334 ,
2471 3265 2538 3323 ad
2570 3247 2954 3323 exterminium
2996 3279 3161 3340 atque
3191 3268 3502 3324 incendium
3534 3285 3753 3324 reman-

440 3352 705 3411 continuo
728 3354 1000 3425 reportari
1031 3352 1099 3409 ad
1126 3350 1357 3424 apostoli
1384 3352 1661 3409 basilicam
1688 3346 1729 3383 ¹¹
1761 3352 2036 3421 universa,

440 3456 500 3502 ut
529 3456 712 3513 erant,
743 3461 870 3502 vasa
894 3446 1185 3517 imperavit
1215 3463 1230 3512 ;
1257 3444 1525 3517 virginem
1554 3446 1738 3511 etiam,
1770 3445 2041 3516 simulque

434 3553 627 3595 omnes
652 3538 745 3610 qui
789 3554 849 3595 se
876 3537 1239 3608 adiungerent
1283 3537 1650 3606 Chrisdanos,
1679 3539 1871 3595 eodem
1914 3554 2039 3595 cum

439 3632 757 3690 defensione
796 3628 1017 3687 deduci.
1095 3628 1171 3686 Ea
1236 3631 1431 3687 domus
1460 3631 1503 3663 ι’
1546 3642 1575 3685 a
1635 3633 1837 3687 sanctis
1896 3632 2039 3689 sedi-

439 3722 541 3781 bus
566 3722 610 3757 "
638 3723 801 3796 lange
826 3766 842 3793 ,
892 3733 952 3779 ut
982 3722 1209 3792 ferunt,
1238 3733 1293 3779 et
1324 3722 1503 3780 medio
1548 3723 1839 3795 interjeetu
1873 3723 2039 3783 Urbis

439 3819 654 3876 aberat.
701 3817 887 3889 itaque
927 3833 1125 3890 magno
1154 3818 1468 3889 spectaculo
1497 3820 1743 3875 omnium
1772 3819 2035 3892 disposita

2146 3370 2361 3418 serunt.
2394 3361 2529 3430 Quis
2553 3360 2669 3418 haec
2693 3362 2738 3393 ’³
2762 3361 3100 3433 perpendere
3125 3362 3298 3434 plenis
3330 3363 3610 3418 miraculis
3630 3362 3753 3434 quis

2146 3454 2447 3524 praedicare
2475 3454 2651 3525 dignis
2678 3454 2927 3511 laudibus
2953 3456 3159 3527 queat?
3189 3456 3368 3512 Tertia
3391 3457 3480 3512 die
3503 3456 3750 3524 Barbari,

2145 3562 2307 3616 quam
2357 3546 2593 3618 ingressi
2645 3547 2862 3603 fuerant
2907 3547 3142 3616 Urbem,
3194 3557 3389 3619 sponte
3426 3548 3746 3615 discedunt,

2146 3637 2193 3671 ’⁵
2226 3638 2366 3695 facto
2392 3638 2609 3711 quidem
2656 3639 3059 3710 aliquantarum
3093 3639 3288 3696 :edium
3321 3640 3603 3709 incendio,
3646 3641 3745 3697 sed

2146 3745 2215 3787 ne
2245 3741 2392 3787 tanto
2418 3731 2641 3803 quidem
2665 3773 2680 3800 ,
2710 3731 2759 3764 "
2788 3744 3058 3804 quantum
3087 3735 3576 3806 septingentesimo
3616 3749 3750 3791 con-

2146 3824 2368 3881 ditionis
2395 3826 2518 3894 ejus
2546 3839 2692 3885 anno
2717 3838 2879 3884 casus
2904 3826 3182 3886 eﬂ‘ecerat.
3216 3828 3349 3885 Nam
3377 3832 3420 3886 si
3451 3828 3750 3889 exhibitam'

1734 3955 2190 4015 HAVERCAMPI
2228 3960 2455 4018 NOTAE.

515 4096 643 4153 Car.
692 4088 938 4151 XXXIX.
968 4122 1040 4135 --
1074 4094 1122 4148 1.
1170 4091 1396 4159 Turbat,
1442 4095 1702 4164 irrumpit.
1750 4095 2029 4162 Peritum,

362 4222 375 4233 ,
443 4184 566 4226 cum
604 4164 748 4224 Ultr.
782 4177 837 4222 et
865 4165 1079 4223 duobus
1107 4164 1278 4236 Lugd.
1315 4166 1481 4235 Batt.,
1518 4165 1778 4221 turbatam
1808 4168 1892 4223 vel
1925 4175 2034 4223 tur-

445 4243 715 4309 batamque
744 4238 1009 4309 irrumpit.

515 4256 715 4364 tamlque
744 4256 1009 4309 irrumptt.

515 4311 572 4388 ἓ.
617 4376 637 4388 _
658 4326 787 4365 rtus.
822 4309 990 4365 Abest
1017 4308 1086 4388 ab
1111 4307 1459 4388 e_d._Au_gust.

517 4380 573 4440 ὅ.
607 4376 675 4436 In
700 4392 1017 4436 sanctorum.
1040 4379 1174 4437 Cod.
1206 4376 1459 4435 Perizon.
1495 4395 1602 4434 non
1626 4380 1788 4438 habet
1812 4383 1891 4438 in.

517 4450 574 4508 4.
607 4450 1005 4525 Confugiugtt.
1031 4451 1278 4525 Perizgn.
1312 4451 1476 4525 idem,
1502 4452 1856 4525 conﬁgerent.

524 4526 580 4581 5.
610 4522 861 4579 Romanis
883 4522 1151 4578 Ecclesia.
1177 4522 1280 4577 Ed.
1304 4523 1564 4591 August.,
1585 4522 1837 4580 Romanis
1871 4527 2035 4583 urbis.

453 4594 510 4652 ln
538 4597 725 4651 eadem
751 4593 893 4668 Lotis
913 4593 1278 4663 desideratur,
1325 4601 1382 4649 et
1410 4607 1535 4648 mox
1575 4596 2039 4668 mavultpeccato-

448 4667 523 4723 ris
562 4677 683 4722 tunc
713 4664 916 4737 populi,
949 4674 1056 4720 etc.

2214 4100 2301 4178 ig.
2320 4102 2371 4178 A_
2380 4107 2571 4161 sanctis
2585 4105 2818 4161 sedibus.
2844 4106 2982 4163 Edd.
2999 4109 3272 4178 quaedam,
3296 4110 3490 4165 sanctis
3512 4113 3741 4170 sedibus.

2332 4171 2519 4261 Longe
2543 4217 2559 4242 ,
2592 4177 2978 4261 ut.[ernnt._l'ta_
3003 4171 3468 4261 scribere'jubent
3507 4183 3599 4239 ed.
3632 4188 3747 4240 Atto

2144 4253 2291 4323 gust.
2319 4256 2540 4323 et_mss.
2564 4248 2845 4323 meliores.
2878 4248 3097 4323 Vulggv
3129 4248 3286 4323 longo
3314 4262 3368 4307 ut
3399 4254 3593 4323 ferunt.

2219 4315 2587 4399 .14.H_ymnis.
2624 4320 2721 4376 Ed.
2758 4315 3328 4394 Augustfllymnum,
3362 4315 3494 4380 sunt
3520 4336 3578 4381 et
3617 4338 3747 4399 quas

2146 4383 2634 4461 habentgHymnus.

2064 4491 2119 4553 D
2144 4459 2728 4553 “Aisbii‘ts‘ilnon’ﬁde.
2752 4464 2847 4521 Sic
2875 4466 2993 4536 lege
3020 4478 3086 4520 ex
3114 4476 3247 4521 mss.
3281 4475 3337 4521 et
3360 4465 3450 4522 ed.
3481 4470 3618 4541 Aug.
3651 4508 3668 4537 ,
3696 4472 3746 4526 si

2144 4544 2247 4607 non
2277 4532 2381 4607 ﬁde
2409 4534 2533 4607 edd.
2564 4534 2765 4607 Vulgg:

2216 4603 2307 4680 i9.
2339 4602 2739 4680 Adgregantu'r:
2758 4607 3035 4680 Perizon.,
3069 4617 3469 4680 congreqantur.

2216 4675 2302 4728 i7.
2337 4674 2420 4728 Ad
2456 4674 2695 4732 salutent.
2723 4679 2973 4735 Perizon.
3004 4688 3063 4735 et
3086 4674 3401 4752 l.u'gd.'Bat.
3430 4692 3636 4752 quart.,
3667 4684 3744 4738 ad

526 4739 579 4793 6.
628 4734 753 4792 lant
784 4734 949 4792 ’ϐιαιο
1000 4744 1314 4808 provectam.
1365 4734 1509 4791 Edit.
1563 4736 1825 4809 Attgust.,
1880 4744 2039 4798 etiam
2140 4745 2319 4798 vitam.

451 4818 605 4866 aetate
632 4818 926 4866 provectam
935 4846 950 4862 ο

522 4881 574 4934 7.
606 4878 735 4935 Ιιια.
756 4879 1031 4944 Perizon.,
1062 4878 1162 4933 illi.

520 4953 574 5008 8.
606 4949 847 5025 Dumque
868 4990 883 5015 ,
907 4950 1154 5025 expositis
1181 4949 1384 5025 opibus,
1416 4960 1524 5006 etc.
1557 4952 1782 5025 Aliquot
1801 4969 1866 5010 ex
1899 4970 2029 5012 mss.

2342 4816 2755 4895 _l_ite:t:cusobifes.
2787 4822 2958 4895 Lugd.
2989 4781 3346 4895 Batiquartq
3386 4824 3741 4885 intricabiks.

2211 4890 2239 4968 i_
2247 4888 2300 4944 9.
2331 4887 2639 4968 Mysteristm
2658 4887 2967 4968 hoc,quod,
2992 4906 3098 4950 etc.
3121 4887 3180 4950 In
3204 4887 3376 4968 Lugd.
3402 4896 3524 4968 But.
3542 4910 3742 4968 quarto

2136 4957 2359 5033 legitur,
2375 4957 2675 5032 mysterium
2700 4957 3014 5033 miserabile,
3041 4976 3173 5033 etc.;
3204 4957 3347 5033 quiid
3371 4967 3511 5022 viam
3539 4957 3743 5025 sternit

444 5032 501 5080 et
522 5022 743 5150 quidem
761 5021 1003 5105 numero
1034 5021 1241 5090 plures,
1276 5021 1482 5091 legunt,
1504 5021 1752 5108 euntque,
1786 5028 2035 5099 expositis
2136 5021 2217 5085 ad
2236 5021 2525 5089 lectiott'em
2550 5036 2673 5090 cod.
2702 5035 2954 5092 Perizon.
2975 5021 3329 5110 {sipisim
3348 5021 3447 5094 hoc
3473 5021 3736 5105 atii-abite,

446 5111 531 5164 opt
570 5111 630 5151 us
653 5136 669 5156 .
712 5102 989 5149 attonitum
1033 5091 1310 5148 barbarum
1338 5095 1696 5164 magnitudine
1718 5136 1734 5164 ,
1785 5099 2026 5164 pondere,
2133 5103 2302 5164 quod,
2330 5113 2437 5159 etc.

570 5111 630 5151 us
648 5136 669 5166 ν.
712 5095 989 5149 attonitum
1033 5091 1310 5148 barbarum
1338 5091 1696 5166 magnitudine
1718 5136 1734 5165 ,
1785 5091 2026 5165 pondere,

450 5165 857 5237 pulchritudine,
889 5176 998 5237 etc2

516 5236 568 5294 9.
603 5234 959 5307 Intelligeret.
978 5234 1118 5291 Edd.
1150 5235 1428 5306 quaedam,
1459 5238 1667 5294 videret.

515 5308 607 5382 10.
636 5306 753 5382 Ego
777 5306 900 5379 quia
926 5306 1330 5382 defenderentur
1351 5309 1525 5382 galea,
1557 5327 1717 5382 neque
1737 5321 1905 5366 tenere
1932 5329 2028 5369 au-

443 5382 561 5437 deo.
587 5380 662 5437 Ita
687 5378 754 5436 es
788 5378 921 5435 mss.
949 5378 1065 5435 suis
1090 5379 1327 5434 restituit
1350 5378 1672 5449 Fabricius,
1713 5397 1836 5437 eum
1868 5394 2023 5441 antea

442 5454 717 5530 legeretur
768 5466 865 5530 p_ro
893 5461 1084 5530 genere
1139 5451 1523 5530 (praeterquam
1572 5452 1627 5530 in
1672 5453 1806 5530 edit.
1859 5454 2024 5530 Aug.)

435 5522 851 5597 contendet-eain
889 5522 1142 5597 Petjzon.
1174 5531 1355 5597 autem
1384 5531 1440 5597 et
1465 5522 1644 5597 Lugd.
1678 5525 1799 5580 Bat.
1828 5522 2024 5596 quarto

434 5606 488 5652 et
517 5592 655 5671 Ultr.
691 5593 885 5665 legitur
909 5637 923 5660 ,
960 5590 1074 5664 Ego
1099 5635 1114 5661 ,
1134 5594 1265 5671 quia
1309 5590 1585 5666 defendere
1620 5613 1724 5651 non
1754 5590 1884 5668 queo
1913 5597 2022 5671 (vel

434 5665 674 5731 nequeo),
706 5675 880 5721 tenere
907 5680 1009 5719 non
1038 5665 1229 5720 audeo.

497 5684 676 5793 quae";
706 5684 880 5749 ξεηενε
907 5684 1009 5719 non
1038 5684 1229 5720 auaso.
1586 5736 1597 5750 .

517 5736 586 5812 Δ1.
678 5752 900 5812 uicorsa.
929 5735 1105 5812 Abest
1125 5736 1232 5812 liae
1262 5751 1295 5792 a
1323 5735 1447 5794 cod.
1478 5737 1755 5809 Pernam,
1781 5740 1871 5812 qui
1893 5754 2020 5800 mox

428 5806 778 5880 legitneadnn
804 5822 921 5864 cunt
941 5802 1264 5878 defensione.

2133 5103 2302 5172 quod,
2330 5113 2437 5159 etc.

2204 5173 2595 5267 39.:‘Dicendis
2624 5178 2849 5251 hymnis.
2885 5177 3022 5236 Cod.
3070 5179 3352 5249 Perison.,
3394 5182 3739 5254 dicendique

2133 5244 2360 5317 hymnis.

2202 5317 2295 5391 21.
2330 5317 2415 5391 Ex
2442 5318 2651 5379 horreo.
2681 5321 2926 5378 Florent.
2957 5322 3088 5391 duo,
3116 5334 3167 5380 et
3198 5325 3401 5381 horreo.

2199 5389 2288 5444 '22.
2322 5390 2469 5445 Sicut
2488 5401 2737 5449 stercora.
2763 5393 2865 5450 Ed.
2884 5397 3022 5466 Aug.
3041 5389 3099 5450 et
3118 5410 3249 5452 mss.
3298 5395 3562 5465 Florent.,
3589 5397 3737 5454 velut

2127 5468 2377 5516 stercora.

2322 5533 2672 5614 (inpendere.
2703 5535 2851 5614 Ed_i_t.
2881 5537 3071 5614 eadem
3091 5578 3106 5606 ,
3135 5541 3442 5614 perpatdet.

2197 5603 2290 5682 at.
2321 5602 2490 5682 [facto
2512 5608 2908 5682 quidemsi“.
2940 5602 3184 5682 aliquoi,
3217 5602 3355 5682 facta
3382 5621 3578 5668 tamen.

2330 5676 2600 5757 Quantum
2641 5676 3123 5757 septingentesimo.
3162 5676 3315 5741 Idem
3337 5721 3352 5752 ,
3380 5695 3635 5756 quantum
3668 5685 3733 5740 its

2123 5747 2589 5820 septingsrussinso.
