4060 6352
266 360 408 420 1165

1298 360 1769 424 HISTORIARUM
1805 358 2012 422 LIBER
2056 362 2167 421 VII.
2209 362 2363 422 CAP.
2405 364 2516 422 XL.

3427 373 3566 432 H66

260 482 491 540 Neronis
519 482 865 553 imperatoris
903 482 987 538 sui
1018 483 1344 552 spectaculis
1374 483 1857 540 inﬂammationem
1882 494 1941 565 Α
1967 497 2089 538 cum
2115 480 2198 537 his
2219 482 2361 551 aliae,
2388 482 2629 539 Francos
2653 488 2956 553 proterunt,
2985 482 3234 540 Rhenum
3260 495 3561 555 transeunt,

261 589 580 631 recenseam
606 615 623 641 ,
657 574 1013 646 proculdubio
1057 574 1204 630 nulla
1247 578 1657 646 comparatione
1697 575 1860 646 aqui-

1966 575 2171 633 Gallias
2202 575 2496 646 invadunt,
2531 575 2851 648 directoque
2882 577 3084 649 impetu
3115 577 3433 650 Pyrenaeum
3477 598 3565 637 us-

263 668 544 740 parabitur
586 668 885 725 secuttdum
934 668 984 723 id
1011 710 1026 735 ,
1070 668 1213 740 quod
1264 668 1594 725 excitaverat
1642 667 1860 724 lascivia
1965 683 2071 740 que
2103 667 2467 739 perveniunt:
2498 668 2653 741 cujus
2677 670 2833 727 obice
2860 671 2927 726 ad
2955 680 3168 742 tempus
3191 674 3441 744 repulsae,
3471 690 3566 745 per

264 762 548 834 principis,
575 762 678 817 hoc
698 762 839 833 quod
872 775 1015 817 nunc
1045 761 1290 817 intulerit
1319 762 1394 831 ira
1422 761 1666 817 victoris.
1690 759 1863 816 “Ne—
1965 762 2424 832 circumjacentes
2456 762 2765 832 provincias
2797 763 3179 821 rcfunduntur.
3210 766 3303 821 llis
3327 782 3421 837 per
3443 768 3567 823 Gal-

262 870 365 924 qne.
387 869 519 911 vero
535 854 813 911 Gallorum
837 853 1149 909 meminisse
1171 854 1222 907 in
1245 852 1554 925 bujusmodi
1576 853 1864 910 collatione

263 948 459 1013 debeo,
480 948 572 1019 qui
594 947 639 980 "
661 948 919 1003 continuo
942 962 1080 1017 pene
1104 947 1230 1001 anni
1255 946 1431 1017 spatio
1454 946 1691 1001 incensae
1709 958 1865 1001 ever-

264 1056 450 1113 sosque
496 1041 660 1098 Urbis
711 1042 927 1098 attritos
978 1042 1193 1097 cineres
1245 1039 1627 1111 possederunt.
1689 1039 1750 1093 Et
1797 1052 1865 1093 ne

265 1137 548 1205 quisquam
593 1135 734 1191 forte
762 1134 1031 1190 dubitaret
1070 1134 1136 1189 ad
1166 1134 1569 1204 correptioncm
1600 1133 1647 1167 ³⁸
1676 1146 1866 1202 snper-

263 1229 347 1283 ba:
387 1228 663 1295 lascivire,
703 1236 761 1285 et
791 1229 1123 1299 blaspheme
1148 1228 1385 1284 civitatis
1416 1227 1667 1285 hostibus
1697 1227 1867 1284 fuisse

263 1324 597 1395 permissum
624 1366 639 1390 ,
683 1323 877 1381 eodem
918 1332 1164 1395 tempore
1202 1323 1505 1380 clarissima
1547 1322 1710 1381 Urbis
1750 1322 1867 1379 loca

264 1417 582 1473 fulminibus
610 1419 656 1452 η
684 1416 867 1473 diruta
897 1425 1063 1483 sunt,
1098 1431 1220 1490 quae
1244 1417 1569 1474 inﬂammari
1601 1418 1670 1474 ab
1699 1418 1868 1474 hosti-

264 1511 369 1569 bus
400 1513 780 1585 nequiverunt.

785 1627 949 1701 576
984 1625 1214 1686 CAPUT
1249 1624 1366 1684 XL.

262 1718 346 1778 De
381 1721 691 1792 irruptione,
730 1722 1110 1792 vastationeque
1146 1723 1469 1787 Alanorum,
1503 1722 1795 1779 Sueuorum
1819 1732 1868 1778 ct

345 1793 722 1850 Vandalorum.
752 1792 887 1849 Item
916 1795 981 1848 de
1000 1792 1256 1865 Gratiano
1284 1804 1508 1865 tyranno
1539 1805 1587 1849 et
1613 1792 1869 1849 Constan-

1966 857 2067 912 lias
2100 858 2494 914 bacchantibus
2515 901 2527 920 .
2572 859 2711 931 apud
2742 859 3057 917 Britannias
3084 859 3406 926 Gratianus,
3453 878 3571 916 mu-

1969 948 2156 1021 niceps
2194 952 2438 1020 ejusdem
2478 952 2704 1022 insulae,
2748 963 3010 1024 tyrannus
3037 955 3255 1010 creatur
3284 966 3337 1012 et
3367 955 3568 1011 occidi-

1970 1049 2078 1098 tur.
2131 1041 2301 1114 Hujus
2348 1044 2469 1100 loco
2515 1043 2942 1111 Constantinus,
2974 1061 3043 1103 ex
3098 1047 3279 1103 intima
3337 1048 3563 1112 militia,

1970 1150 2192 1212 propter
2212 1143 2384 1198 solam
2407 1158 2559 1214 spem
2586 1144 2841 1210 nominis,
2867 1145 2989 1200 sine
3011 1146 3207 1200 merito
3231 1144 3449 1201 virtutis
3472 1146 3569 1201 cli-

1967 1232 2131 1303 gitur,
2168 1234 2328 1308 577
2360 1235 2448 1306 qui
2497 1236 2760 1290 continuo
2798 1244 2857 1290 ut
2908 1237 3102 1292 invasit
3156 1238 3465 1308 imperium,
3514 1236 3566 1290 in

1968 1324 2174 1382 Gallias
2206 1327 2444 1383 transiit.
2470 1336 2493 1369 ι
2518 1326 2593 1385 lhi
2629 1343 2777 1398 smpe
2801 1344 2830 1383 a
2862 1328 3122 1384 Barbaris
3148 1330 3371 1386 incertis
3395 1329 3567 1387 foede-

1971 1417 2122 1475 ribus
2146 1419 2365 1486 illusus,
2385 1421 2715 1477 detrimento
2744 1420 2919 1491 magis
2948 1421 3264 1490 reipublicae
3292 1421 3414 1478 fuit.
3433 1430 3453 1460 ο
3471 1423 3569 1479 Μία

1971 1517 2041 1572 sit
2096 1516 2148 1570 in
2205 1515 2492 1585 Hispanias
2518 1514 2751 1586 judices,
2780 1531 2919 1587 quos
2949 1531 3073 1572 cum
3107 1517 3404 1586 provinciae
3432 1517 3573 1573 οδε-⁷

1971 1608 2188 1664 dientes
2206 1608 2252 1649 ¹ο
2275 1608 2642 1679 accepissent,
2664 1606 2774 1664 duo
2805 1609 3002 1666 fratres
3018 1608 3252 1680 juvenes
3276 1611 3489 1667 nobiles
3512 1619 3570 1667 et

1973 1700 2299 1772 locupletes,
2333 1700 2598 1771 Didymus
2619 1708 2675 1757 et
2700 1700 3024 1757 Verinianus
3046 1703 3088 1734 ¹¹
3123 1717 3230 1759 non
3258 1719 3573 1772 assumpse-

1971 1801 2130 1859 runt;
2183 1806 2250 1847 ne
2307 1792 2569 1846 adversus
2624 1800 2918 1864 tyrannum
2949 1792 3168 1862 quidem
3202 1794 3569 1866 tyrannidem,

336 1867 786 1958 tinojmpeoratore
825 1864 1326 1958 apud‘Br‘itannos,‘
1363 1866 1525 1937 deque
1567 1866 1780 1938 Didymi
1816 1874 1868 1922 et

1976 1885 2071 1942 sed
2102 1883 2415 1955 imperatori
2441 1884 2593 1955 justo
2619 1884 2883 1941 adversus
2916 1864 3570 1958 tyrannumetBarharos

350 1936 619 1992 Veriniani
649 1937 805 2009 gestis
832 1936 880 1992 et
912 1938 1145 1993 interitu.

340 2074 355 2107 ¹
380 2074 542 2130 Anno
564 2074 746 2144 itaque
764 2073 834 2128 ab
852 2072 1002 2129 Urbe
1023 2072 1242 2129 condita
1265 2086 1483 2138 uchtv,
1514 2072 1745 2144 irruptio
1766 2072 1869 2130 Ur-

262 2169 350 2226 bis
380 2184 476 2239 per
499 2166 772 2224 Alaricutn
805 2166 944 2223 facta
974 2175 1097 2223 est:
1131 2165 1285 2237 cujus
1306 2166 1385 2222 rei
1407 2166 1657 2237 quamvis
1679 2179 1871 2223 recens

263 2265 527 2322 memoria
560 2266 583 2297 ⁸
609 2264 722 2333 sit,
766 2270 881 2318 tum
913 2262 959 2316 si
990 2262 1111 2334 quis
1143 2261 1315 2333 ipsius
1347 2262 1526 2331 populi
1557 2260 1784 2315 Romani
1816 2269 1871 2316 et

264 2356 667 2413 multitudinem
696 2354 910 2419 videat,
939 2364 996 2410 et
1014 2369 1203 2411 vocem
1227 2354 1449 2422 audiat,
1482 2353 1615 2411 nihil
1644 2354 1867 2422 factum,

262 2449 409 2506 sicut
431 2449 596 2504 etiam
629 2448 733 2518 ipsi
765 2448 1033 2514 fatentur,
1065 2447 1455 2516 arbitrabitur,
1490 2447 1595 2504 nisi
1628 2448 1873 2519 aliquan-

264 2541 336 2597 tis
364 2541 544 2598 adhuc
565 2540 587 2573 ³
608 2540 998 2598 exsistentibus
1028 2554 1097 2596 ex
1127 2537 1381 2596 incendio
1411 2539 1586 2595 ruinis
1612 2537 1751 2595 forte
1774 2538 1873 2594 do-

262 2645 475 2691 ceatur.
513 2634 568 2690 In
599 2648 663 2690 ea
694 2634 998 2705 irruptione
1022 2632 1262 2688 Placidia
1286 2673 1303 2701 ,
1335 2629 1633 2687 Theodosii
1662 2629 1871 2702 princi-

263 2728 353 2799 pis
380 2727 515 2793 ﬁlia,
549 2724 762 2782 Arcadii
791 2736 846 2782 et
878 2726 1102 2782 llouorii
1128 2725 1150 2757 ⁸
1178 2726 1568 2795 imperatorum
1595 2738 1774 2791 soror,
1803 2723 1874 2781 ab

262 2820 542 2891 Ataulpho
564 2860 579 2885 ,
612 2819 813 2874 Alarici
848 2820 1165 2889 propinquo
1186 2862 1201 2884 ,
1231 2817 1254 2850 ⁸
1281 2826 1436 2888 capta
1470 2826 1555 2873 est
1581 2862 1596 2887 ,
1630 2826 1791 2886 atque
1817 2815 1870 2870 in

263 2929 495 2970 uxorem
530 2920 812 2981 assumpta
835 2954 850 2980 ,
885 2912 1040 2981 quasi
1071 2910 1092 2942 °
1120 2925 1241 2966 eam
1267 2910 1456 2966 divino
1485 2909 1692 2978 judicio
1720 2908 1875 2964 velut

264 3005 504 3079 speciale
537 3004 728 3076 pignus
754 3001 999 3058 obsidem
1028 3000 1198 3057 Roma
1231 3001 1553 3068 tradiderit,
1588 3000 1659 3056 ita
1685 3000 1873 3072 juncta

266 3099 287 3131 ⁷
320 3097 702 3169 potentissimo
730 3095 956 3151 Barbari
991 3095 1132 3165 regis
1165 3093 1453 3165 conjugio,
1489 3092 1660 3148 multo
1689 3093 1875 3164 reipu-

264 3191 423 3248 blicae
452 3190 742 3247 commodo
774 3190 891 3244 fuit.
922 3188 1132 3243 [nterea
1165 3197 1292 3243 ante
1317 3186 1591 3242 biennium
1618 3186 1875 3241 Romana

1978 1975 2116 2032 tueri
2147 1990 2272 2031 sese
2301 1973 2642 2048 patriamque
2670 1990 2822 2031 suam
2880 1976 3053 2032 moliti
3092 1988 3239 2033 sunt.
3270 1977 3423 2047 Quod
3457 1979 3575 2049 ipso

1975 2066 2055 2122 rei
2082 2075 2253 2139 gesta:
2277 2067 2472 2123 ordine
2499 2066 2693 2140 patuit.
2723 2067 2857 2124 Nam
2905 2070 3249 2141 tyrannidem
3277 2087 3437 2127 nemo
3468 2071 3573 2127 nisi

1974 2160 2232 2217 celeriter
2254 2169 2579 2216 maturatam
2605 2160 2649 2193 ¹¹
2681 2169 2897 2217 secreto
2919 2162 3146 2230 invadit,
3163 2171 3217 2219 et
3241 2164 3458 2233 publica
3489 2180 3575 2218 ar-

1976 2264 2110 2322 mat,
2167 2253 2324 2323 cujus
2381 2267 2589 2308 summa
2630 2262 2736 2317 est,
2787 2264 3070 2324 assumpto
3103 2254 3414 2312 diademate
3445 2256 3489 2287 ¹³
3510 2272 3573 2311 ac

1976 2363 2242 2421 purpura,
2284 2347 2453 2403 videri
2498 2358 2791 2421 antequam
2843 2349 2990 2406 sciri.
3020 2350 3086 2406 lli
3114 2367 3247 2407 vero
3267 2351 3311 2383 “
3336 2352 3573 2424 plurimo

1977 2452 2230 2514 tempore
2258 2443 2512 2499 servulos
2540 2451 2750 2499 tantum
2778 2444 2970 2499 suos”
2992 2461 3060 2501 ex
3090 2445 3326 2517 propriis
3359 2445 3574 2517 pra-diis

1977 2536 2305 2608 eulligentes
2336 2550 2400 2592 ac
2425 2537 2737 2592 vernaculis
2763 2538 2974 2593 alentes
3002 2539 3328 2607 sumptibus,
3350 2555 3450 2596 nec
3470 2540 3578 2596 dis-

1972 2633 2229 2687 simulato
2261 2630 2792 2702 proposito,absque
2833 2632 3155 2703 cujusquam
3186 2634 3569 2705 inquietudine

1975 2727 2041 2783 ad
2071 2727 2318 2800 Pyreumi
2346 2727 2586 2808 claustra
2617 2725 2932 2782 tendebaut.
2951 2726 3285 2783 “Adversus
3309 2728 3411 2784 hos
3431 2727 3576 2786 Cou-

1977 2827 2255 2878 statttinus
2281 2820 2637 2877 Constantem
2680 2819 2852 2875 ﬁlium
2885 2834 3067 2885 suum,
3097 2821 3236 2890 proh
3262 2821 3454 2879 dolor!
3506 2840 3570 2879 ex

1974 2916 2246 2971 monacho
2271 2913 2548 2971 Caesarem
2577 2912 2800 2981 factum,
2834 2929 2959 2968 cum
2990 2913 3243 2970 Barbaris
3271 2916 3313 2947 ι’
3344 2917 3570 2987 quibus:

1974 3007 2121 3074 dam,
2157 3007 2246 3077 qui
2276 3005 2547 3076 quondam
2582 3004 2635 3060 iu
2668 3005 2845 3061 tmdus
2878 3005 3086 3076 recepti
3136 3015 3300 3077 atque
3351 3008 3401 3062 in
3434 3008 3574 3063 mili-

1979 3098 2107 3153 tiam
2138 3097 2345 3165 allecti,
2399 3097 2445 3129 ¹⁸
2477 3096 2768 3155 Honoriaci
2794 3096 3149 3165 vocabantur,
3186 3098 3237 3153 in
3282 3098 3571 3170 Hispanias

1978 3192 2149 3249 misit.
2170 3193 2308 3248 llinc
2331 3191 2471 3263 apud
2499 3191 2791 3263 Hispanias
2813 3194 2987 3263 prima
3014 3192 3141 3247 mali
3172 3193 3215 3227 "
3235 3193 3413 3259 labes;
3450 3210 3570 3249 nam

264 3283 617 3356 irruptionis,
660 3285 911 3338 excitata:
953 3297 1049 3353 per
1089 3281 1406 3337 Stilicnnem
1447 3288 1639 3353 gentes
1674 3280 1870 3335 Alano-
1897 3259 1945 3325 (ἶ
1978 3283 2276 3341 interfectis
2296 3259 2402 3339 illis
2433 3259 2719 3353 fratribus,
2745 3259 2838 3355 qui
2874 3285 3033 3339 tutari
3066 3285 3279 3356 privato
3312 3288 3569 3355 praesidio

265 3393 391 3436 rum
418 3421 433 3448 ,
481 3388 538 3434 ut
563 3378 672 3435 dixi
702 3391 717 3447 ;
757 3378 1057 3433 Suevorum
1083 3416 1099 3443 ,
1129 3375 1496 3432 Vandalorum
1524 3418 1538 3444 ,
1574 3375 1869 3447 multasque

1977 3374 2229 3449 Pyrenaei
2251 3375 2419 3448 Alpes
2442 3375 2833 3443 moliebantur,
2852 3375 2937 3432 bis
2957 3376 3213 3435 Barbaris
3234 3379 3400 3453 578
3420 3383 3576 3453 quasi

1528 3511 1981 3572 HAVERCAMPI
2018 3512 2251 3570 NOTAE.

341 3638 433 3693 26.
476 3634 657 3704 Neque
694 3649 813 3688 vero
853 3632 1144 3689 Gallorum.
1190 3632 1442 3688 Perizon.
1472 3640 1528 3687 et
1556 3640 1666 3687 tres
1698 3632 1869 3701 Lugd.

271 3710 416 3766 Batt.
441 3752 456 3777 ,
494 3704 577 3760 Ne
601 3704 873 3777 Gallorum
891 3747 906 3770 ,
936 3716 1047 3777 etc.

342 3774 451 3836 27(
467 3777 748 3832 Continuo.
770 3775 909 3831 Tres
934 3774 1106 3846 Lugd.
1135 3774 1275 3830 Batt.
1296 3815 1311 3842 ,
1340 3774 1575 3847 continui
1597 3790 1725 3847 pene
1749 3775 1874 3847 anni

270 3851 447 3919 spatio
485 3850 693 3904 attritos
733 3848 931 3901 cineres
966 3843 1306 3918 possederunt
1334 3887 1348 3910 ,
1394 3843 1872 3919 deletis‘rcliquis.

272 3916 382 3978 Per
433 3921 660 3976 continui
702 3935 830 3993 pene
876 3916 1003 3973 anni
1043 3919 1274 3988 spatium
1314 3916 1563 3987 quaedam
1605 3916 1692 3971 ed.
1740 3924 1871 3972 vett.

271 3994 501 4050 babenn

346 4065 438 4121 28.
472 4062 740 4135 Superbia.
768 4060 867 4117 Ed.
894 4061 1065 4135 _A_ug.,
1088 4059 1361 4135 superbire.
1382 4058 1556 4135 Lugd.
1579 4058 1716 4114 Batt.
1741 4068 1873 4135 tres,

273 4137 515 4203 superbae
543 4128 591 4189 et
622 4135 823 4189 misera:
857 4128 1098 4187 civitatis.
1130 4128 1266 4187 Cod.
1296 4128 1544 4187 Perizon.
1566 4173 1581 4197 ,
1614 4128 1872 4203 superbae,

273 4201 515 4271 lascivia,
549 4206 895 4275 blasphemas,
936 4214 984 4258 et
1022 4205 1228 4259 misera:
1266 4203 1510 4258 civitatis.
1553 4203 1684 4269 Quae
1715 4201 1876 4257 lectio

273 4293 387 4334 non
416 4277 688 4343 disnlicet.

345 4349 440 4411 29.
485 4348 679 4403 Diruta
706 4356 845 4403 sunt.
875 4344 1052 4418 Lugd.
1080 4344 1201 4401 Bat.
1243 4361 1327 4417 pr.
1362 4352 1417 4401 et
1445 4353 1571 4400 tert.
1593 4388 1609 4412 ,
1657 4344 1880 4415 dirupta

273 4431 401 4493 sunt
423 4465 435 4485 ,
468 4420 611 4493 quod
643 4434 752 4475 non
768 4426 877 4493 _est_
891 4418 1284 4493 spernendum;

348 4485 628 4549 CaerL.
658 4520 730 4533 —-
760 4489 812 4544 l.
844 4485 992 4545 Anno
1018 4491 1215 4560 itaque.
1246 4487 1380 4560 Tres
1407 4504 1470 4544 ex
1497 4486 1674 4558 Lugd.
1705 4485 1872 4560 Batt.,

275 4563 479 4636 quibus
518 4562 800 4627 Perizon.,
841 4560 981 4618 Ultr.
1016 4569 1073 4616 et
1107 4558 1244 4616 Coll.
1285 4558 1524 4617 Gronov.
1574 4558 1871 4628 accedunt,

274 4635 574 4693 secundam
605 4648 796 4689 vocem
826 4648 936 4687 non
966 4639 1285 4703 agnoscunt.

347 4707 407 4763 2.
440 4707 543 4763 Sit.
574 4704 679 4761 Ed.
708 4705 970 4775 August.,
1003 4710 1098 4775 est.

349 4781 405 4835 5.
443 4769 1004 4833 Εωίειεηιὶὺιιίνυὶηὶδ.
1027 4772 1201 4845 Lugd.
1229 4773 1368 4829 Batt.
1406 4783 1545 4840 trcs,
1576 4787 1697 4829 cum
1732 4769 1872 4828 Coll.

274 4850 521 4908 Gronov.
543 4894 557 4918 ,
589 4847 905 4903 exstantibus
935 4847 1123 4918 ruinis.

1978 3635 2270 3688 audissent.
2300 3630 2417 3687 Non
2461 3631 2792 3703 Verinianus,
2824 3631 2920 3688 sed
2952 3632 3279 3703 Virislianus,
3304 3637 3444 3692 alter
3472 3640 3569 3694 lm-

1980 3720 2101 3759 rum
2134 3713 2359 3759 vocatur
2388 3703 2529 3772 apud
2559 3702 2783 3758 Paulum
2818 3704 3138 3759 Diaconuut.

2049 3776 2140 3830 ll.
2176 3774 2299 3829 Non
2327 3789 2675 3844 assumpsere.
2705 3776 2908 3830 Omnes
2936 3773 3053 3830 fere
3085 3791 3218 3832 mss.
3244 3776 3445 3834 habent
3464 3799 3569 3837 non

1977 3862 2263 3913 assumere,
2289 3844 2434 3916 quod
2457 3845 2594 3916 bene
2616 3856 2666 3899 et
2699 3844 2892 3899 Latine
2921 3845 3124 3901 dictum
3151 3857 3253 3916 est,
3280 3851 3375 3904 sed
3406 3869 3473 3907 an
3498 3856 3567 3909 ita

1977 3917 2263 3992 scripserit
2282 3914 2511 3971 Orosius
2541 3914 2701 3992 haud
2719 3916 2907 3983 liquet.
2930 3916 3216 3992 Quzevero
3241 3914 3564 3992 sequuntur,

1977 4004 2008 4043 a
2038 3989 2247 4057 paucis,
2271 3995 2536 4060 utuputu,
2578 3985 2759 4054 facile,
2792 3997 2952 4057 prout
2982 3989 3201 4060 vulgata
3229 3985 3375 4057 sunt,
3411 3985 3567 4052 intel-

1978 4059 2234 4130 ligentur.
2270 4057 2415 4114 Editi
2450 4057 2657 4130 habent
2704 4066 2806 4130 non
2836 4057 3181 4128 assumpsere,
3224 4079 3286 4118 ne
3320 4065 3568 4123 adversus

1977 4127 2280 4207 tyrannum,
2338 4138 2445 4185 etc.
2476 4127 2664 4207 Majori
2693 4129 3044 4207 distinctione
3075 4142 3197 4198 post
3238 4150 3563 4207 assumpsere

1981 4200 2177 4271 posita,
2209 4200 2738 4278 sensusltnagiserit
2763 4201 3019 4278 liquidus,
3063 4207 3366 4278 praesertim
3391 4200 3434 4262 si
3467 4224 3566 4278 pro

1978 4269 2043 4329 ne
2074 4287 2315 4348 reponas
2345 4269 2566 4336 nec,vel
2593 4270 2725 4348 illud
2753 4269 3028 4348 ne’capias
3050 4269 3111 4329 ut
3136 4275 3275 4331 idem
3300 4269 3569 4348 significet

2018 4343 2122 4399 uod
2143 4342 2254 4398 nec.
2280 4344 2627 4420 Sensu_s_es_t:
2654 4342 2818 4420 immo
2832 4342 2892 4420 lii
2919 4342 3161 4420 juvenes
3178 4342 3414 4420 ne_aruia
3445 4353 3565 4420 qui-

1976 4359 2122 4470 ﬂuou
2143 4360 2254 4398 nec.
2280 4359 2484 4398 Densus
2513 4359 2627 4396 est:
2654 4359 2818 4397 Immo
2838 4359 2892 4398 nt
2919 4359 3152 4414 juvenes
3178 4362 3246 4402 ne
3266 4363 3414 4404 arma
3445 4359 3562 4420 qui-

2003 4431 2101 4499 .em
2134 4429 2233 4498 pro
2248 4413 2539 4498 tyrannide
2556 4411 2675 4551 Ssua
2705 4414 3049 4482 videlicet,id
3075 4416 3219 4473 enim
3251 4418 3305 4474 in
3327 4434 3562 4492 sequen-

1977 4488 2126 4543 tibus
2152 4486 2311 4541 dtlutt
2338 4485 2564 4541 Orosms
2616 4495 2805 4541 contra
2859 4494 3151 4551 tyrannum
3190 4504 3562 4551 sumpserunt.

1977 4487 2126 4562 tibus
2152 4485 2311 4562 diluit
2338 4485 2586 4551 Orosius)
2616 4495 2805 4541 contra
2859 4494 3151 4562 tyrannum
3190 4485 3563 4562 sumpserunt,

1977 4557 2078 4614 sed
2132 4572 2229 4627 pro
2283 4560 2619 4627 imperatore
2670 4566 2729 4613 et
2754 4557 2948 4625 patria,
2979 4570 3166 4615 contra
3199 4557 3482 4627 tyrannum
3515 4557 3564 4622 ei

1978 4629 2267 4701 Barbaros.
2298 4628 2428 4683 Mss.
2464 4627 2557 4697 qui
2585 4643 2848 4701 assumere
2879 4630 3102 4698 habent,
3143 4627 3330 4689 delent
3352 4652 3434 4701 ne,
3468 4638 3564 4693 sed

1979 4699 2276 4775 immerito,
2330 4706 2491 4775 prout
2530 4699 2749 4769 quidam
2795 4715 2862 4775 ex
2894 4701 3002 4756 illis
3026 4702 3165 4757 intra
3203 4699 3486 4775 tyrannum
3514 4720 3567 4763 et

1976 4773 2184 4843 quidem
2213 4769 2554 4847 interﬁciunt
2574 4776 2792 4840 quoque
2806 4770 3004 4827 frustra
3030 4789 3160 4843 sese,
3184 4769 3347 4847 alque
3368 4779 3567 4834 deinde

1977 4840 2292 4915 expungunt
2317 4852 2366 4896 et
2392 4840 2677 4915 Barbaros.

352 4926 405 4978 4.
440 4911 828 5007 Imperatorum
857 4933 1037 5007 soror.
1057 4915 1549 5007 LugdraBatLtLtres
1572 4930 1695 4972 cum
1724 4914 1863 4971 Coll.
1895 4944 1948 5007 υ
2009 4911 2406 5007 MlQL'Secreto.
2437 4911 2607 4968 Abest
2632 4926 2661 4965 a
2682 4911 2806 4969 cod.
2825 4916 2960 4984 Aug.
2992 4924 3050 4971 et
3078 4914 3566 4979 Florentt.duobus

275 4985 733 5063 Gronovflegunt
748 4989 1118 5063 ι-ξηῳατναιονὶε
1143 4985 1290 5063 soror
1314 4985 1504 5063 ablata.

352 5066 408 5121 5.
438 5057 732 5134 ϐαρίιιέει.
759 5057 997 5134 Verbum
1034 5060 1325 5134 estgdelent
1361 5067 1469 5114 tres
1500 5057 1672 5129 Lugd.
1700 5057 1864 5126 Batt.,

275 5135 390 5192 duo
413 5130 703 5198 Florentt.,
734 5132 989 5189 Perizon.
1018 5141 1073 5188 et
1104 5131 1243 5187 Coll.
1268 5130 1510 5186 Gronov.

354 5207 411 5263 6.
441 5205 599 5261 Eam.
629 5205 881 5275 Quinque
905 5219 972 5260 ex
996 5202 1187 5259 iisdem
1213 5203 1420 5275 legunt,
1447 5200 1698 5275 eamdem.

356 5281 409 5334 7.
442 5272 815 5333 Potentissimo
838 5273 1064 5347 Barbari
1090 5276 1249 5347 regis.
1276 5272 1368 5347 ’lta
1398 5272 1487 5328 ed.
1521 5276 1871 5347 Augustam;

274 5350 541 5418 reliquie,
587 5348 933 5416 potentissimi
974 5342 1193 5401 Barbari
1224 5344 1403 5418 regis,
1444 5343 1586 5418 quod
1616 5342 1876 5418 displicet

277 5412 535 5480 auribus.
569 5412 741 5489 Lugd.
785 5419 897 5475 Bat.
934 5433 1016 5490 pr.
1048 5419 1183 5492 regis
1206 5412 1557 5486 delet,quod
1588 5423 1646 5471 et
1672 5412 1877 5471 faciunt

273 5494 391 5552 duo
419 5492 686 5548 Florenti.

354 5567 410 5624 8.
463 5561 547 5619 lbi
602 5579 756 5636 sirpe.
804 5560 976 5632 Lugd.
1010 5560 1153 5617 Batt.
1186 5560 1392 5631 primus
1437 5568 1491 5614 et
1546 5558 1764 5624 tertius,
1792 5558 1879 5612 ubi

274 5655 439 5696 sane.

356 5658 590 5768 ngisit
617 5709 671 5777 in
703 5703 1007 5777 Hispanias.
1031 5703 1211 5777 Multm
1235 5701 1503 5777 editiones
1534 5701 1742 5769 legunt,
1771 5698 1875 5754 Mi-

276 5783 353 5839 sit
380 5796 498 5836 vero
526 5780 583 5834 in
608 5774 923 5850 Hispaniam
941 5776 1170 5850 judices,
1203 5774 1297 5829 sed
1331 5783 1551 5850 contra“
1565 5787 1695 5850 mss.

362 5853 451 5910 10.
476 5843 827 5923 Accepissent.
854 5843 1024 5919 Lugd.
1051 5845 1191 5902 Batt.
1225 5855 1339 5901 tres
1362 5860 1483 5900 cum
1511 5843 1650 5899 Coll.
1676 5843 1871 5911 Gron.,

1972 4995 2253 5134 δεῖξε.ρᾳ
2278 5071 2529 5134 purpura.
2563 5054 2683 5109 Duo
2706 5071 2775 5134 ex
2799 5055 2971 5134 Lugd.
2996 5056 3139 5134 Batt.
3162 5069 3253 5115 aut
3272 5078 3523 5134 purpura.

2050 5128 2137 5203 id.
2172 5127 2411 5203 I_’lurimo
2434 5137 2684 5203 tempore.
2697 5127 2993 5203 _P.e_rizon.,
3006 5129 3188 5203 primo
3215 5127 3462 5203 tempore.

2053 5198 2253 5284 15.nEa:
2274 5198 2497 5291 propriis
2521 5198 2752 5269 prwdiis.
2785 5199 2956 5270 Lugd.
3006 5200 3147 5291 Batt.
3203 5218 3285 5272 pr.
3318 5198 3384 5260 'et
3411 5214 3562 5278 tert.,

1981 5272 2205 5345 propriis
2227 5268 2529 5340 prasidiis.
2872 5268 2889 5270 '
3019 5282 3023 5291 ι
3204 5268 3217 5272 -

2058 5341 2144 5425 lg.
2171 5342 2426 5425 Aduersus
2457 5340 2581 5425 nos.
2596 5340 2800 5425 ξεν-ξι,
2822 5345 3069 5425 adactus
3093 5360 3245 5425 ἔμιξε,

2058 5414 2145 5470 l7.
2175 5410 2519 5482 Quibusdam.
2553 5412 2722 5468 Abest
2744 5431 2770 5466 a
2795 5431 2927 5471 mss.
2957 5410 3129 5486 Lugd.
3162 5416 3302 5473 Batt.
3331 5428 3385 5474 et
3426 5422 3574 5481 Coll.

1986 5484 2488 5629 Gl.i)ilil.:_llonoriaci.
2522 5554 2582 5609 In
2616 5569 2749 5611 mss.
2804 5557 3124 5629 quibusdam
3170 5559 3488 5629 Honoriam',
3517 5567 3575 5622 in

1983 5628 2105 5713 aliis
2130 5626 2437 5711 flonoriacti
2475 5635 2736 5681 vocantur
2768 5643 2783 5682 :
2818 5628 2871 5684 in
2908 5627 3085 5685 Periz.
3116 5630 3371 5689 dicuntur
3401 5626 3576 5691 Hono-

1984 5716 2361 5827 racllgf'Labes.
2387 5767 2563 5842 Lugd.
2585 5768 2704 5824 But.
2727 5783 2849 5827 cum
2877 5771 3055 5829 Periz.
3081 5782 3135 5831 et
3161 5774 3303 5832 Coll.
3327 5778 3571 5836 Gronov.

1984 5844 2083 5916 fuit
2103 5841 2333 5898 addunt.
