4060 6352
435 382 574 444 H67

431 507 493 563 in
532 501 773 576 pretium
797 500 1065 570 victorire,
1095 499 1327 570 primum
1359 495 1640 569 praedandi
1667 498 1713 530 ὀ
1745 496 1798 553 in
1829 495 2032 553 Palati-

1830 372 2036 435 PAULI
2074 372 2303 434 OROSII

2057 493 2287 588 Α.ηυίιῖ
2317 494 2338 525 ⁷
2367 491 2498 560 Qum
2526 503 2649 545 eum
2679 489 2753 546 ita
2783 488 2914 553 sint,
2948 484 3081 544 illud
3113 493 3295 543 tamen
3321 484 3617 543 clementia
3643 484 3743 539 Dei

3595 365 3750 425 “68

435 599 524 656 nis
551 600 761 669 campis
791 595 1014 654 licentia
1061 594 1218 660 data;
1260 591 1458 648 dehinc
1498 589 1804 662 supradicti
1833 587 2035 645 montis
2111 577 2328 669 'eadem
2356 583 2557 655 pietate
2580 596 2687 652 qua
2712 579 2913 636 dudum
2941 578 3293 651 praedixerat,
3319 577 3655 648 procuravit,
3686 585 3746 631 ut

437 692 917 761 claustrorumque
940 687 1059 758 ejus
1083 701 1212 743 cura
1244 684 1508 755 permissa
1538 692 1642 751 est,
1675 689 1885 739 remota
1911 694 2034 736 rus-

434 785 743 842 ticanorum
786 781 933 838 lldeli
965 789 1022 838 et
1048 778 1169 835 utili
1199 777 1471 835 custodia.
1508 775 1675 848 Igitur
1713 772 2033 841 Honoriaci,

440 878 637 937 imbuti
663 875 848 949 praeda
875 884 933 931 et
953 876 995 907 “
1022 873 1192 930 illecti
1216 870 1694 941 abundantia,quo
1725 867 1896 939 magis
1917 881 2037 922 sce-

436 974 527 1032 lus
552 971 878 1043 impunitunt
925 969 1090 1034 foret,
1116 969 1161 1000 ²²
1200 976 1365 1036 atque
1396 964 1502 1037 ipsi
1531 961 1729 1020 sceleri
1758 961 1881 1034 plus
1908 960 2045 1016 lice—

437 1077 547 1135 ret,
565 1065 779 1138 prodita
807 1063 1055 1136 Pyremei
1074 1059 1325 1117 custodia
1345 1057 1705 1128 claustrisque
1730 1052 2036 1125 patefactis,

440 1167 670 1216 cunctas
697 1166 887 1229 gentes
913 1171 1036 1226 quae
1088 1169 1185 1225 per
1228 1152 1435 1209 Gallias
1461 1149 1821 1219 vagabantur,
1851 1145 2044 1216 Ilispa-

442 1253 660 1310 niarum
686 1247 987 1321 provinciis
1009 1245 1332 1312 immittunt,
1362 1243 1667 1313 iisdemque
1697 1240 1798 1311 ipsi
1849 1237 2045 1308 adjun-

441 1352 672 1417 guntur,
713 1341 806 1398 ubi
855 1340 991 1397 actis
1036 1337 1374 1410 aliquamdiu
1427 1334 1639 1406 magnis
1688 1330 2046 1401 cruentisque

440 1432 812 1501 discursibus,
862 1437 986 1501 post
1032 1443 1228 1501 graves
1251 1428 1300 1460 ”
1329 1442 1511 1483 rerum
1564 1433 1727 1495 atque
1765 1420 2042 1478 hominum

435 1525 800 1593 vastationes,
820 1520 947 1579 “de
967 1520 1165 1593 quibus
1193 1521 1342 1590 ipsos
1362 1513 1765 1589 quoquelmodo
1790 1512 2043 1584 poenitet,

442 1622 491 1657 ’⁸
519 1620 706 1677 habita
735 1625 886 1676 sorte
917 1627 971 1674 et
994 1614 1281 1674 distributa
1314 1627 1487 1684 usque
1510 1609 1579 1667 ad
1633 1624 1781 1667 nunc
1827 1620 2046 1678 posscs-

448 1715 607 1773 sionc
636 1710 967 1768 consistunt.

1045 1819 1277 1879 CAPUT
1310 1818 1449 1875 XLI.

446 1963 723 2021 Dictorum
749 1961 886 2016 velut
913 1955 1331 2031 epilogussltem
1363 1969 1537 2031 omnes
1559 1952 1736 2031 omnia
1754 1954 1896 2025 juste
1929 1966 2049 2006 sus-

735 2024 972 2098 tinuisse,
1005 2024 1110 2085 siue
1138 2029 1213 2099 pii
1239 2026 1512 2097 siveimpii
1544 2024 1761 2096 fuerint.

520 2173 688 2231 Multa
719 2186 865 2228 nunc
894 2169 1028 2225 mihi
1067 2167 1137 2224 de
1166 2168 1183 2199 ¹
1218 2162 1533 2237 bujusmodi
1573 2162 1743 2220 rebus
1788 2158 2055 2231 loquendi

451 2269 598 2327 foret
620 2263 936 2331 facultas,si
959 2278 1071 2317 non
1093 2258 1395 2317 secundum
1424 2270 1618 2313 omnes
1642 2254 1890 2310 homines
1912 2251 2057 2324 apud

453 2359 883 2430 uniuscujusque
907 2364 1161 2415 mentem,
1178 2350 1516 2410 conscientia
1543 2358 1754 2406 secreta
1798 2347 2058 2417 loquere-

465 2465 575 2512 tur.
627 2452 854 2523 Irruptae
893 2458 1023 2506 sunt
1065 2447 1362 2518 Hispaniae,
1391 2443 1568 2500 caedes
1619 2440 2062 2510 vastationesque

463 2563 645 2621 passa:
672 2547 849 2603 sunt.’
872 2542 1013 2600 Nihil
1041 2540 1261 2613 quidem
1287 2553 1513 2604 novum,
1548 2536 1569 2568 ³
1593 2534 1698 2591 hoc
1722 2534 1870 2590 enim
1918 2547 2064 2590 nunc

457 2640 625 2712 579
674 2653 770 2709 per
818 2635 1099 2692 biennium
1140 2632 1162 2664 "
1204 2629 1368 2700 illud,
1414 2643 1523 2701 quo
1580 2626 1797 2685 hostilis
1847 2625 2066 2697 gladius

458 2733 483 2765 ⁸
514 2731 717 2798 saeviit,
744 2728 1063 2785 sustinuere
1103 2740 1132 2779 a
1165 2721 1445 2788 Barbaris,
1478 2720 1625 2791 quod
1658 2736 1757 2791 per
1796 2719 2066 2776 ducentos

456 2822 737 2896 quondam
784 2834 956 2875 annos
997 2817 1215 2888 passa:6
1246 2815 1464 2871 luerunt
1509 2828 1540 2868 a
1584 2811 1875 2878 Romanis,
1922 2809 2066 2882 quod

464 2917 631 2974 etiam
675 2912 779 2969 sub
806 2910 1056 2969 Gallieno
1081 2909 1417 2979 imperatore
1446 2921 1543 2977 per
1580 2919 1753 2960 annos
1778 2917 2069 2974 propemo-

465 3009 599 3066 dum
644 3005 957 3070 duodecim,
981 3001 1268 3059 Germanis
1307 2998 1689 3058 evertentibus
1713 3006 2065 3069 exceperunt.

462 3103 858 3160 Verumtamen
880 3097 1004 3170 quis
1033 3111 1139 3152 non
1161 3110 1245 3163 se,
1270 3095 1365 3164 qui
1388 3093 1472 3150 sui
1496 3106 1831 3163 suorumque
1851 3100 2068 3148 actuum

460 3197 551 3255 vel
572 3195 738 3253 etiam
767 3190 1160 3264 cogitationum
1187 3186 1461 3254 conscius,
1485 3185 1687 3256 judicia
1715 3186 1815 3242 Dei
1850 3184 2066 3251 metuit,

2139 660 2438 735 secundum
2458 673 2807 746 Evangelinm
2826 687 3008 739 suum,
3022 688 3131 744 quo
3149 670 3546 728 incessabiliter
3560 671 3747 724 “com-

2142 770 2424 835 monebat,
2454 771 2475 803 θ
2507 768 2637 824 Cum
2664 784 2752 823 vos
2777 766 3039 839 persecuti
3077 765 3271 837 fuerint
3300 765 3357 819 in
3386 781 3492 820 una
3515 762 3742 828 ciuitate,

2141 864 2306 936 fugite
2329 863 2383 917 in
2407 862 2593 928 aliaat,
2629 862 2672 894 ¹⁰
2695 860 2948 932 quisquis
2974 859 3162 930 egredi
3188 858 3353 916 vellet
3378 867 3543 930 atque
3570 856 3747 922 abire,

2143 955 2277 1029 ipsis
2303 954 2559 1012 Barbaris
2590 952 2946 1010 mercenariis
2976 952 3245 1008 ministris
3271 966 3335 1008 ac
3364 947 3750 1007 defensoribus

2143 1061 2415 1108 uteretur.
2445 1049 2562 1107 Hoc
2603 1059 2732 1106 tunc
2762 1048 2909 1105 ultro
2938 1046 3042 1120 ipsi
3068 1046 3392 1104 oll'ercbant.
3431 1043 3503 1101 Et
3528 1044 3621 1115 qui
3647 1058 3750 1097 au-

2144 1146 2292 1203 ferre
2321 1145 2523 1207 omnia.
2549 1144 2853 1200 interiectis
2882 1141 3159 1207 omnibus,
3184 1148 3463 1212 poterant,
3509 1138 3750 1210 particu-

2146 1238 2257 1294 lam
2283 1236 2543 1309 stipendii
2593 1236 2665 1292 ob
2693 1236 3002 1292 mercedem
3030 1233 3237 1291 servitii
3278 1233 3361 1287 sui
3404 1239 3461 1287 et
3492 1232 3532 1263 ¹¹
3566 1238 3752 1285 trans-

2146 1329 2290 1387 vecti
2315 1330 2500 1385 oneris
2521 1327 2858 1399 ﬂagitabant.
2884 1326 2954 1383 Et
2984 1325 3087 1383 hoc
3116 1323 3337 1396 quidem
3365 1325 3408 1356 ¹²
3436 1338 3467 1378 a
3495 1320 3755 1393 plurimis

2147 1421 2348 1478 factum
2382 1430 2487 1477 est.
2521 1419 2625 1489 Qui
2673 1427 2854 1477 autem
2904 1433 3012 1474 non
3057 1415 3407 1474 crediderunt
3452 1413 3758 1485 Evangelio

2152 1515 2272 1582 Dei,
2299 1513 2455 1586 quasi
2491 1523 2871 1579 contumaces,
2905 1512 2948 1545 ³³
2981 1511 3065 1568 vel
3115 1510 3163 1566 si
3194 1511 3357 1567 etiam
3403 1525 3511 1564 non
3559 1506 3755 1564 audie-

2148 1615 2299 1676 runt,
2342 1605 2633 1678 dupliciter
2657 1613 3029 1670 contumaces,
3066 1602 3111 1635 “
3142 1619 3247 1659 non
3277 1601 3550 1658 dederunt
3575 1601 3755 1657 locum

2152 1704 2269 1772 iraa,
2294 1701 2440 1775 juste
2466 1717 2498 1758 a
2528 1701 2947 1774 superveniente
2974 1700 3054 1756 ira
3082 1698 3392 1771 comprensi
3422 1708 3476 1755 et
3505 1695 3759 1767 oppressi

2153 1806 2303 1854 sunt.
2329 1798 2673 1870 Quamquam
2703 1806 2759 1854 et
2790 1804 2913 1867 post
2938 1795 3045 1852 hoc
3073 1810 3291 1867 quoque
3327 1793 3590 1850 continuo
3618 1791 3759 1847 Bar—

2082 1885 2131 1947 B
2157 1891 2300 1958 bari,
2328 1889 2597 1947 exsecrati
2616 1888 2832 1961 gladios
2856 1904 3008 1957 suos,
3027 1887 3096 1943 ad
3117 1897 3300 1942 aratra
3324 1884 3579 1942 conversi
3606 1893 3759 1949 sunt,

2156 1983 2521 2055 residuosque
2569 1983 2848 2041 Romanos
2890 1991 2951 2040 ut
2997 1980 3179 2039 socios
3231 1980 3392 2036 modo
3447 1989 3505 2035 et
3553 1977 3765 2034 amicos

2156 2077 2369 2144 fovent,
2413 2083 2474 2130 ut
2519 2074 2873 2132 inveniantur
2915 2072 3029 2144 jam
3067 2073 3210 2129 inter
3255 2085 3352 2129 eos
3391 2068 3617 2141 quidam
3654 2068 3765 2123 Ro-

2160 2171 2334 2242 mani,
2368 2170 2460 2243 qui
2498 2169 2697 2227 malint
2734 2168 2878 2224 inter
2906 2168 3181 2224 Barbaros
3207 2179 3501 2238 pauperem
3540 2163 3767 2219 Iiberta-

2161 2272 2293 2330 tem,
2314 2279 2477 2336 quam
2499 2264 2645 2319 inter
2662 2261 2944 2318 Romanos
2966 2259 3314 2316 tributariam
3332 2256 3766 2315 sollicitudinem

2162 2358 2461 2415 sustinere.
2494 2358 2539 2389 ⁸⁸
2570 2356 2911 2427 Quamquam
2950 2355 3119 2428 580
3139 2353 3208 2423 si,
3255 2354 3301 2386 ¹⁶
3339 2352 3410 2410 ob
3450 2352 3557 2408 hoc
3582 2350 3768 2406 solum

2165 2451 2388 2509 Barbari
2410 2450 2674 2507 Romanis
2703 2448 2902 2505 ﬁnibus
2932 2448 3165 2505 immissi
3195 2447 3401 2517 forent,
3426 2444 3578 2518 quod
3602 2444 3771 2515 vulgo

2166 2560 2267 2616 per
2305 2544 2591 2600 Orientem
2631 2552 2689 2599 et
2712 2541 3070 2599 Occidentem
3101 2540 3353 2599 ecclesia:
3379 2538 3584 2596 Christi
3618 2538 3774 2594 Hun~

2170 2637 2258 2693 nis
2287 2644 2347 2693 et
2369 2636 2603 2705 Suevis,
2649 2634 2911 2692 Vandalis
2949 2644 3007 2692 et
3034 2633 3549 2706 Burgundionibus,
3581 2632 3771 2688 diver-

2167 2729 2354 2801 sisque
2381 2734 2437 2785 et
2467 2729 2771 2785 innumeris
2794 2727 3133 2785 credentium
3161 2727 3377 2799 populis
3399 2727 3442 2758 ¹⁷
3463 2725 3771 2795 replentur,

2169 2821 2440 2879 laudanda
2461 2832 2519 2878 et
2538 2820 2839 2878 attollenda
2865 2821 2963 2878 Dei
2985 2818 3362 2878 misericordia
3385 2820 3430 2852 ¹⁸
3450 2818 3732 2875 videretur
3754 2833 3771 2871 :

2169 2914 2641 2987 quandoquidem,
2682 2915 2787 2973 etsi
2818 2930 2942 2970 cum
2974 2913 3344 2970 labefactione
3375 2910 3572 2981 nostri,
3605 2919 3778 2966 tanta:

2170 3016 2366 3079 gentes
2393 3006 2734 3080 agnitionem
2764 3005 3018 3063 veritatis
3050 3007 3092 3040 ¹⁹
3113 3005 3431 3077 acciperent
3449 3045 3464 3069 ,
3493 3017 3659 3075 quam
3689 3003 3779 3057 in-

2171 3101 2366 3157 venire
2408 3100 2596 3173 utique
2634 3100 2737 3156 nisi
2788 3100 2891 3155 hac
2936 3098 3228 3155 occasione
3275 3112 3384 3152 non
3428 3096 3477 3127 ³⁸
3524 3102 3775 3165 possent.

2173 3191 2314 3261 Quid
2346 3192 2491 3249 enim
2535 3192 2722 3248 damni
2761 3200 2846 3248 est
2867 3191 3181 3248 Christiano
3210 3188 3278 3245 ad
3308 3190 3475 3245 vitam
3511 3196 3774 3243 aeternam

460 3288 613 3360 juste
636 3284 823 3341 omnia
844 3296 1094 3356 passum,
1127 3279 1214 3335 vel
1236 3281 1402 3335 etiam
1434 3292 1602 3348 parva
1623 3275 1956 3333 sustinuisse
1985 3274 2069 3331 fa-
2098 3281 2146 3346 ο
2176 3282 2444 3351 iniriam,
2476 3284 2606 3341 huic
2633 3284 2838 3340 ετρευιο
2874 3283 3121 3356 quolibet
3167 3290 3412 3353 tempore
3452 3288 3512 3337 ει
3551 3294 3779 3351 quoquo

470 3378 692 3436 teatur?
722 3386 815 3432 aut
842 3376 931 3446 qui
961 3388 1023 3430 se
1055 3388 1162 3428 non
1194 3370 1467 3441 intelligit,
1502 3370 1786 3441 Deumque
1815 3384 1924 3426 non
1951 3385 2070 3426 me-

466 3470 598 3542 tuit,
626 3467 899 3544 quomodo
928 3482 1034 3524 non
1060 3466 1207 3539 jnste
1230 3464 1335 3522 ista
1364 3474 1420 3521 et
1447 3463 1668 3537 quidem
1700 3478 1865 3537 parva
1897 3465 2066 3521 susti-

2174 3386 2337 3451 pacto
2367 3379 2651 3435 abstrahi?
2676 3378 2819 3448 Quid
2850 3386 3031 3436 autem
3060 3378 3199 3434 lucri
3230 3386 3316 3434 est
3346 3389 3557 3447 pagano
3578 3373 3633 3431 in
3659 3388 3780 3429 meo

2169 3470 2263 3528 dio
2281 3469 2717 3529 Christianorum
2738 3471 3001 3529 adversus
3024 3469 3186 3528 [idem
3215 3469 3513 3539 obdurato,
3534 3467 3582 3526 si
3606 3465 3780 3539 paulo

1732 3601 2184 3663 HAVLBCAMPI
2220 3606 2454 3666 NOT/E.

541 3747 636 3806 20.
663 3743 731 3803 In
757 3741 1020 3800 Palatinis
1047 3741 1265 3814 campis.
1297 3737 1470 3814 Lugd.
1500 3738 1643 3814 Batt.
1676 3746 1915 3814 quatuor
1945 3754 2069 3814 cum

470 3819 724 3901 Perizon.
757 3825 812 3874 et
835 3815 976 3873 Coll.
1001 3808 1242 3870 Gronov.
1267 3823 1323 3869 et
1349 3808 1438 3868 ed.
1483 3813 1649 3883 Aug,
1682 3808 1737 3864 in
1771 3808 2071 3867 Palaestinis

474 3906 696 3949 camms.

545 3907 868 4019 grfslllecti.
913 3956 1002 4015 ed.
1041 3959 1198 4028 Aug.
1231 3953 1422 4028 allecti.

546 4032 639 4088 2‘2.-
672 4030 963 4104 Atquegipsi
987 4022 1169 4085 sceleri
1198 4028 1316 4101 plus
1337 4027 1572 4104 _liceret_._
1591 4024 1885 4081 Emendavi
1918 4022 2072 4104 hunc

475 4107 661 4165 locum
690 4096 761 4159 ex'
789 4096 1312 4173 ed.'Angust.,_qure
1334 4096 1408 4173 ita
1427 4096 1831 4173 csltibetpnam
1863 4096 2073 4168 vulgati

477 4177 671 4241 edunt,
694 4184 860 4246 atque
898 4167 1043 4246 ipsis
1080 4170 1290 4246 sceleris
1315 4169 1431 4241 plus
1456 4167 1798 4246 liceret.__l_’ro
1828 4167 2077 4246 quotres

475 4239 665 4320 Lugd.
687 4239 831 4320 Batt.
858 4239 1143 4320 cu'm_(loll.
1187 4239 1428 4298 Gronov.
1460 4250 1625 4320 atque
1656 4239 1823 4320 ll_ltr.,
1856 4239 2075 4320 melius,

474 4309 605 4393 ipsis
627 4316 944 4394 sceleribus;
976 4314 1255 4381 Perizon.,
1288 4320 1440 4383 atque
1470 4309 1607 4385 ipsos
1656 4312 1775 4383 plus
1800 4309 1980 4366 sceleri
2008 4311 2046 4367 li
2058 4340 2078 4352 -

481 4400 641 4448 ceret.

553 4462 649 4517 25.
673 4458 872 4513 Rerum
898 4466 1049 4529 atque
1079 4456 1368 4511 hominum.
1400 4452 1535 4510 Tres
1584 4468 1651 4510 ex
1698 4453 1870 4525 Lugd.
1906 4453 2077 4521 Batt.,

486 4545 753 4599 servorum
774 4529 1158 4599 hominumque.

482 4606 533 4641 ιδ
556 4600 650 4657 24.
679 4598 758 4655 De
776 4599 962 4671 quibus
985 4595 1148 4673 ipsos,
1170 4595 1447 4673 etc._Cum
1478 4595 1600 4673 hsce
1622 4595 1784 4652 lectio
1815 4595 1869 4673 in
1903 4595 2083 4673 omni:

483 4674 590 4732 bus
614 4664 919 4729 inveniatur
945 4664 1107 4740 mss.,
1134 4664 1192 4725 ut
1214 4678 1264 4725 et
1284 4669 1339 4724 in
1364 4667 1454 4724 ed.
1484 4667 1653 4737 Aug.,
1676 4667 1931 4724 exsulare
1942 4664 2085 4739 jussi

486 4745 824 4829 illamquam
855 4741 1095 4799 editores
1120 4756 1221 4797 suo
1246 4740 1516 4797 arbitratu
1541 4748 1925 4810 reposuerunt,
1956 4755 2083 4813 qua-

487 4823 1058 4952 τωέὲἱῖρὲῗίὶἓξδηε,
1091 4892 1198 4941 etc.
1226 4882 1424 4940 Paulus
1455 4882 1722 4938 Diaconos
1746 4881 1801 4937 in
1843 4882 1952 4938 line
1983 4881 2079 4938 lib.

484 4975 584 5018 xm
605 4977 621 5039 _:
647 4957 873 5039 Itaq_ue,_
890 4956 1227 5039 post'multg‘s
1253 4964 1489 5039 s‘trages,‘
1506 4953 1746 5039 incendia
1771 4961 1819 5008 et
1847 4955 2083 5039 rapinas,

2172 3754 2374 3873 sunt“;
2387 3744 2461 3828 ita
2488 3747 2616 3815 sint,
2646 3746 2828 3819 inepte
2848 3752 2907 3803 et
2936 3753 3127 3804 contra
3161 3760 3299 3804 mss.
3333 3745 3465 3816 Quae
3484 3747 3627 3820 iusta
3656 3758 3782 3802 cum

2221 3831 2253 3870 δὲ
2294 3860 2308 3873 .
2377 3832 2587 3873 ertzon.

2169 3831 2276 3870 ενδιι
2294 3860 2308 3880 ,
2332 3831 2587 3873 l’el'IZOII.

2246 3890 2301 3960 8.
2334 3888 2721 3960 Commonebat.
2750 3889 2924 3960 Lugd.
2953 3889 3095 3947 Batt.
3124 3898 3261 3960 tres,
3291 3905 3414 3947 cum
3438 3890 3688 3947 Perizon.
3715 3899 3781 3947 et

2175 3956 2316 4032 Coll.
2348 3959 2616 4032 Gronov.,
2654 3956 2908 4032 praxipit.

2248 4030 2474 4105 9._Cum
2514 4049 2624 4101 vos,
2655 4030 2767 4091 etc.
2804 4030 2959 4101 Quod
3009 4035 3054 4089 si
3101 4042 3481 4105 persequantur
3521 4050 3631 4099 vos,
3666 4042 3779 4090 clc.

2178 4100 2350 4174 Lugd.
2384 4103 2505 4159 Bat.
2536 4100 2619 4176 pr.
2648 4115 2704 4162 et
2730 4100 2977 4162 Perizon.
3022 4100 3212 4163 Exstat
3237 4100 3290 4161 in
3333 4105 3542 4177 Evang.
3573 4106 3776 4162 Matth.

2177 4189 2299 4246 cap.
2338 4190 2393 4230 κ.

2254 4246 2341 4304 10.
2388 4246 2619 4321 Quisque
2641 4248 2815 4319 egredi
2840 4248 3013 4321 uellet,
3039 4257 3148 4305 etc.
3178 4247 3279 4303 Ed.
3310 4249 3540 4321 August.
3570 4257 3627 4305 et
3650 4249 3787 4305 Floo

2181 4328 2325 4402 rent.
2359 4334 2443 4402 pr.
2474 4318 2541 4402 et
2561 4318 3002 4402 Ultr.,_‘quisquis.
3026 4320 3202 4394 egredi
3238 4318 3577 4402 atque'abirts
3603 4321 3785 4402 vellet.

2180 4388 2400 4462 Aliqum
2428 4405 2493 4446 ex
2520 4389 2693 4462 Lugd.
2721 4388 3129 4461 Batt.,quisq'ue
3155 4407 3256 4459 quo
3294 4388 3437 4446 abire
3479 4391 3620 4454 velit,
3653 4393 3789 4460 ipsis

2180 4459 2428 4532 Qut-boris
2449 4459 2780 4517 mercenariis
2802 4459 3052 4518 ministris
3064 4478 3128 4516 ac
3141 4463 3494 4532 defensoribus
3515 4463 3782 4519 utebatur.

2182 4530 2447 4608 Florenti.
2478 4541 2631 4599 tert.,
2675 4534 2913 4608 quisque
2936 4530 3233 4608 egrediatur
3262 4550 3377 4608 quo
3417 4535 3562 4608 abire
3602 4536 3785 4589 uellet.

2181 4601 2294 4658 Nos
2327 4604 2615 4675 lectionem
2645 4601 2769 4660 cod.
2797 4601 3047 4660 Perizén.
3081 4601 3309 4675 reliquis
3335 4605 3706 4675 prmtulimus.

2258 4675 2344 4730 Il.
2378 4673 2679 4730 Transvecli
2702 4676 2894 4730 oneris.
2921 4674 3168 4733 Floreat.
3197 4673 3785 4742 Sec.,_transrectionis.

2183 4743 2438 4818 Contenti
2456 4748 2667 4804 scilicet
2686 4756 2837 4803 erant
2857 4748 2985 4802 data
3002 4747 3231 4817 pecunia
3253 4763 3353 4818 pro
3372 4750 3791 4805 transvectione

2186 4817 2401 4873 illarum
2433 4833 2636 4885 rerum,
2672 4832 2809 4886 quas
2851 4817 2906 4874 in
2953 4833 3112 4874 usum
3143 4817 3569 4889 egredientium,
3611 4820 3792 4876 dedu-

2185 4897 2378 4945 centes
2404 4890 2653 4957 eosdem,
2684 4891 2738 4945 in
2768 4889 2934 4945 alium
2963 4889 3143 4946 locum
3174 4894 3646 4959 transportabant.

2260 4961 2350 5033 12.
2380 4961 2430 5033 ᾼΔ
2453 4962 2714 5033 plurimis.
2745 4960 2923 5033 Abest
2948 4961 3017 5033 ab
3046 4961 3137 5033 ed.
3166 4960 3397 5033 August.

487 5031 699 5087 tandem
721 5024 899 5110 divisis
917 5024 1397 5110 sedibus,Barbari_,
1420 5025 1489 5080 ad
1506 5035 1688 5110 aratra
1709 5024 1962 5094 conversi,
1980 5024 2085 5081 Ro-
2108 5049 2161 5110 Ι)
2391 5024 2483 5110 Ye'l
2513 5034 2577 5110 si.
2612 5032 2783 5110 Abest
2813 5031 2890 5110 v_el
2921 5047 2951 5086 a
2972 5032 3189 5110 duphus
3209 5024 3385 5104 Lugd.
3419 5033 3567 5089 Batt.

492 5117 770 5158 manorum
794 5100 1029 5155 residuos
1051 5108 1310 5169 eruperunt
1333 5108 1387 5151 ut
1414 5097 1607 5169 amigos
1634 5096 1826 5169 favere.

563 5174 694 5231 Car.
723 5171 863 5244 XLI.
890 5201 963 5213 -—
985 5172 1035 5226 ι.
1066 5166 1145 5225 De
1163 5167 1487 5244 hujusmodi.
1518 5166 1819 5224 Florentini
1848 5166 1978 5238 duo,
2022 5166 2086 5223 de

490 5242 872 5320 hujuscemodi.

562 5310 621 5373 Ξ.
652 5315 805 5370 Nihil
828 5314 1036 5384 quidem
1060 5329 1266 5369 novum.
1298 5311 1427 5368 Mss.
1456 5310 1696 5384 quidam,
1721 5310 1852 5366 nihil
1875 5327 2082 5367 novum.

561 5390 618 5446 '5.
642 5386 762 5443 Hoc
784 5382 921 5443 enim
938 5401 1095 5443 nunc.
1127 5384 1329 5442 Ultima
1349 5399 1455 5441 vox
1484 5399 1513 5438 a
1543 5382 1712 5454 Lugd.
1746 5384 1885 5438 Batt.
1911 5383 2084 5441 tribus

489 5460 832 5586 ’δῗῑὶιιυφ
858 5528 976 5587 Non
1008 5526 1285 5586 invenitur
1313 5527 1369 5583 in
1392 5527 1585 5584 iisdem
1616 5540 1775 5593 mss.,
1809 5533 1868 5581 ut
1896 5540 1999 5583 nec
2027 5527 2081 5583 in

487 5603 579 5663 ed.
602 5600 834 5675 August.

561 5675 615 5730 5.
660 5668 863 5757 S'teqiit.
1020 5671 1317 5757 malo‘cum
1346 5670 1597 5729 Perizon.
1627 5668 1762 5727 Cod.
1794 5685 1958 5741 quam
1982 5686 2079 5727 ste-

486 5747 559 5803 vit
587 5746 733 5818 quod
767 5745 820 5800 in
849 5743 1076 5869 reliﬁuis
1105 5751 1212 5800 est.

551 5817 614 5897 ρ.
655 5816 916 5897 fuerunt.
986 5814 1593 5897 uss.a.liquolz_[ue_rqut.

551 5886 609 5945 7.
651 5887 781 5956 Qua:
814 5902 934 5940 cum
980 5886 1054 5940 ita
1092 5885 1217 5942 sint.
1253 5885 1389 5943 Edd.
1422 5886 1584 5945 Fabr.
1631 5895 1688 5946 et
1728 5887 1927 5959 Scotti,
1961 5900 2076 5961 qua:

2260 5103 2349 5176 14.
2382 5103 2507 5159 Νοη
2535 5104 2808 5176 dederunt.
2831 5102 3009 5176 Lugd.
3031 5104 3151 5159 Bat.
3171 5120 3284 5176 pr.,
3302 5102 3353 5159 et
3379 5120 3481 5161 non
3503 5106 3793 5163 dederunt.

2187 5173 2463 5243 Perizon.,
2486 5185 2661 5232 etnon
2688 5173 3040 5231 crediderunt.

2261 5246 2348 5319 l5.
2395 5246 2739 5319 Quamquam.
2772 5245 2874 5302 Ed.
2898 5247 3153 5319 August.,
3185 5257 3470 5319 tamquam.

2246 5316 2464 5443 [lg-Ob
2488 5316 2587 5375 hoc
2610 5318 2800 5375 solum.
2827 5319 2958 5376 Mss.
2982 5318 3152 5391 Lugd.
3176 5316 3320 5376 Batt.
3343 5320 3577 5392 aliquot,
3599 5326 3670 5376 ad
3690 5320 3795 5378 hoc

2183 5404 2378 5446 somni.

2261 5461 2352 5536 ῃ.
2382 5460 3050 5536 -ζίεριειιιιινειυεᾶζθειι,
3080 5477 3193 5533 pr.,
3225 5463 3567 5536 replerentur.

2225 5533 2677 5658 difﬁderetur.
2698 5534 2870 5607 Lugd.
2893 5534 3035 5590 Batt.
3056 5544 3191 5601 tres,
3209 5533 3332 5591 cum
3348 5534 3491 5592 Coll.
3511 5534 3791 5608 Gronov.,

2189 5614 2406 5660 videtur.

2184 5764 2217 5803 α
2261 5676 2347 5733 19.
2392 5677 2715 5804 Acfipereut.
2744 5677 2911 5736 Iidem
2952 5696 3112 5749 mss.,
3141 5680 3466 5752 acceperint;
3501 5679 3794 5752 Perizon.,

2221 5764 2464 5804 creuerat:
2493 5788 2507 5804 .

2221 5764 2507 5817 creperum.

2254 5820 2348 5880 ΞΟ.
2384 5820 2625 5881 Possem.
2659 5822 2943 5895 Perizon.,
2976 5823 3277 5897 potuissent.
