4076 6352
363 245 502 304 1169

1367 249 1840 309 HISTORIARUM
1879 251 2080 310 LIBER
2127 255 2234 313 VII.
2275 255 2430 315 CAP.
2471 259 2632 318 XLII.

3515 268 3656 326 H70

360 362 566 418 diutius
596 361 737 419 diem
768 362 1087 435 protrahat,
1119 364 1162 396 ’ί
1201 357 1641 436 quandoquidem
1684 369 1950 425 morituro
1978 373 2026 432 A
2056 373 2212 429 vinus
2236 386 2444 445 postea,
2477 379 2560 433 vir
2581 378 2875 435 Galliarum
2908 380 3302 449 nobilissimus,
3329 383 3380 438 in
3415 386 3662 458 tyranni.

357 458 643 527 deSperata
692 458 979 513 conversio
1023 459 1143 514 est?
1190 459 1256 514 Et
1300 460 1423 530 quia
1476 460 1769 518 ineffabilia
1823 474 1949 521 sunt

349 550 560 623 judicia
591 551 710 618 Dei,
741 566 864 623 quae
894 567 994 609 nec
1029 553 1174 610 scire
1213 555 1418 620 omnia,
1458 570 1560 611 nec
1590 557 1634 586 ²²
1673 557 1951 627 explicare

353 661 476 717 quae
503 645 729 713 scimus,
760 661 1076 718 possumus,
1105 648 1352 704 breviter
1374 648 1740 718 expresserim
1761 649 1807 682 ³³
1828 664 1950 706 cor-

353 738 658 810 reptionem
696 737 903 809 judicis
933 739 1064 808 Dei,
1099 754 1316 812 quoquo
1342 751 1502 812 pacto
1532 741 1774 808 accidat,
1804 741 1952 813 juste

354 831 632 888 sustinere
662 833 751 904 qui
776 832 976 902 sciunt,
1003 832 1218 903 “juste
1246 834 1518 890 sustinere
1548 833 1640 905 qui
1673 835 1944 893 nesciunt.

836 967 996 1041 εει
1036 967 1266 1026 CAPUT
1303 969 1465 1025 XLII.

353 1081 553 1136 Recitat
581 1082 900 1156 catalogumu
926 1083 1204 1154 quemdam
1230 1093 1592 1156 tyrannorum,
1623 1085 1714 1156 qui
1745 1085 1950 1140 tandem

475 1169 651 1208 omnes
677 1171 835 1225 opera
861 1153 1154 1211 Constantii
1181 1153 1385 1210 concitis
1415 1156 1571 1211 deleti
1599 1153 1817 1228 fuerint.

419 1288 580 1344 Anno
611 1288 679 1344 ab
711 1287 854 1346 Urbe
883 1291 1100 1346 condita
1152 1306 1350 1356 uchv,
1397 1291 1669 1348 Honorius
1710 1294 1947 1364 impera-

345 1392 435 1440 tor
464 1384 678 1451 vidcus,
732 1395 810 1442 tot
859 1390 1129 1458 oppositis
1175 1391 1445 1462 tyrannis,
1479 1391 1613 1447 nihil
1661 1392 1950 1449 adversum

347 1477 623 1536 Barbaros
667 1480 751 1552 agi
784 1497 969 1552 posse,
1021 1484 1166 1554 ipsos
1221 1486 1372 1556 prius
1423 1495 1685 1559 tyrannos
1717 1489 1732 1519 ¹
1777 1487 1951 1544 deleri

338 1569 517 1639 jubet.
550 1572 872 1629 Constantio
914 1575 1102 1632 comiti
1147 1577 1308 1647 hujus
1358 1577 1488 1635 belli
1543 1595 1756 1636 summa
1801 1595 1950 1637 com-

344 1665 511 1721 missa
536 1675 640 1721 est.
683 1667 865 1724 Sensit
913 1677 1040 1724 tunc
1070 1670 1290 1726 demum
1337 1673 1645 1746 respublica
1691 1682 1746 1730 et
1788 1690 1948 1746 quam

2055 465 2179 522 dem
2213 467 2234 497 ⁸
2265 483 2387 523 mox
2420 479 2476 525 ut
2499 472 2822 539 assurrexit,
2847 473 3065 529 cecidit.
3105 474 3468 532 Sebastianus
3493 478 3662 536 frater

2054 561 2322 631 ejusdem,
2357 563 2462 620 hoc
2491 566 2689 635 solum,
2734 575 2791 622 ut
2823 577 3085 640 tyrannus
3116 579 3440 639 moreretur,
3471 571 3657 643 elegit.

2055 656 2217 730 582
2245 657 2379 714 Nam
2412 660 2694 729 continuo,
2729 663 2748 692 ⁷
2781 669 2838 716 ut
2867 670 3103 729 creatus,
3136 662 3353 718 occisus
3382 671 3486 718 est.
3518 663 3659 732 Quid

2055 749 2123 806 de
2155 751 2534 810 infelicissimo
2573 754 2756 810 Attalo
2803 755 3013 826 loquar,
3066 755 3160 812 cui
3189 756 3363 812 occidi
3396 757 3542 814 inter
3572 765 3656 829 ty-

2054 859 2256 901 rannos
2282 847 2460 904 honor
2489 857 2544 904 et
2573 850 2709 905 mori
2739 850 2950 906 lucrum
2978 850 3112 906 fuit?
3141 852 3162 884 ⁸
3195 850 3252 907 lu
3279 852 3381 907 hoc
3407 851 3659 908 Alaricus

2054 937 2388 1008 imperatore
2417 940 2590 1012 facto,
2635 942 2861 1016 infecto,
2889 946 3092 1000 relecto
3128 959 3192 1000 ac
3229 943 3465 1012 defecto,
3497 946 3661 1001 citius

2056 1032 2139 1087 his
2169 1033 2420 1090 omnibus
2441 1035 2576 1092 actis
2605 1051 2742 1106 pene
2771 1051 2930 1108 quam
2962 1037 3143 1101 dictis,
3176 1037 3400 1092 mimum
3427 1037 3577 1103 risit,
3604 1046 3663 1094 et

2055 1125 2243 1182 ludum
2282 1129 2548 1198 spectavit
2593 1129 2828 1201 imperii,
2881 1145 2984 1187 nec
3031 1131 3251 1196 mirum,
3280 1134 3301 1164 ⁹
3332 1131 3377 1186 si
3402 1133 3526 1201 jure
3557 1130 3662 1188 hac

2057 1235 2252 1290 pompa
2277 1221 2442 1277 miser
2476 1222 2632 1280 lusus
2659 1232 2764 1292 est,
2796 1224 2953 1294 cujus
2995 1225 3087 1282 ille
3127 1224 3436 1281 umbratilis
3466 1225 3660 1282 consul

2053 1311 2331 1369 Tertullus
2375 1328 2540 1370 ausus
2570 1324 2655 1372 est
2692 1315 2923 1372 incuria
2960 1317 3143 1372 dicere
3166 1335 3186 1372 :
3233 1315 3442 1388 Loquar
3482 1317 3658 1386 vobis,

2057 1405 2245 1463 Patres
2277 1409 2582 1480 conscripti,
2615 1411 2792 1466 consul
2822 1420 2869 1465 et
2908 1411 3162 1482 pontifex,
3191 1427 3409 1482 quorum
3439 1411 3551 1466 alte.
3571 1429 3661 1465 um

2056 1509 2220 1569 teneo,
2249 1501 2292 1531 ¹⁰
2314 1501 2533 1556 alterum
2571 1518 2746 1572 spero,
2779 1517 3007 1573 sperans
3037 1505 3104 1558 ab
3134 1519 3203 1560 eo
3230 1504 3320 1575 qui
3348 1518 3502 1575 spem
3546 1516 3660 1559 non

2056 1591 2308 1663 habebat,
2347 1601 2401 1649 et
2430 1594 2750 1650 maledictus
2799 1595 2986 1666 utique
3040 1598 3078 1628 ¹¹
3123 1596 3248 1664 quia
3297 1611 3453 1667 spem
3499 1611 3658 1653 suam

2055 1694 2317 1755 posuerat
2356 1687 2408 1741 in
2441 1685 2682 1742 homine.
2728 1687 2941 1743 Attalus
2975 1687 3160 1758 itaque
3190 1697 3462 1760 tamquam
3496 1689 3660 1744 inane

344 1759 634 1818 utilitatem
690 1762 742 1818 in
798 1763 1047 1820 Romano
1097 1767 1320 1822 tandem
1371 1768 1510 1824 duce
1552 1769 1840 1840 receperit,
1895 1779 1937 1826 et

2055 1779 2266 1850 imperii
2296 1781 2647 1838 simulacrum
2677 1797 2802 1838 cum
2843 1781 3036 1838 GOthis
3075 1799 3246 1854 usque
3271 1783 3336 1838 ad
3368 1783 3658 1853 Hispanias

339 1870 502 1926 quam
533 1866 759 1914 eatenus
781 1859 1080 1928 perniciem
1105 1875 1200 1930 per
1231 1861 1390 1934 longa
1419 1871 1664 1934 tempora
1695 1862 1948 1920 Barbaris

339 1949 630 2005 comitibus
661 1950 910 2022 subjecta
949 1952 1218 2008 tolerarit.
1253 1953 1424 2026 Igitur
1465 1952 1818 2010 Constantius
1847 1970 1943 2010 co-

341 2055 463 2096 mes
485 2043 538 2097 in
564 2041 794 2098 Galliam
844 2057 968 2099 cum
1013 2046 1256 2102 exercitu
1303 2046 1604 2118 prolectus,
1636 2046 1943 2106 Constanti-

340 2153 469 2193 num
503 2139 889 2210 imperatorem
913 2141 1053 2212 apud
1086 2144 1106 2172 ¹
1135 2142 1406 2198 Arelatem
1432 2142 1710 2198 civitatem
1732 2143 1948 2211 clausit,

339 2231 484 2300 cepit
527 2240 582 2286 et
613 2231 830 2287 occidit.
872 2233 991 2288 Jam
1036 2234 1184 2300 hinc,
1221 2246 1278 2289 ut
1308 2235 1376 2292 de
1410 2235 1661 2306 catalogo
1692 2247 1948 2308 tyranno-

337 2337 456 2377 rum
486 2338 646 2392 quam
678 2323 1004 2380 brevissime
1031 2323 1244 2396 loquar,
1279 2326 1638 2383 Constantem
1675 2326 1944 2385 Constan-

337 2416 436 2471 tini
466 2415 656 2483 lilium,
703 2417 996 2473 Gerontius
1027 2433 1213 2474 comes
1242 2435 1395 2488 suus,
1422 2420 1442 2450 ³
1487 2421 1568 2476 vir
1615 2435 1844 2492 nequam
1881 2437 1943 2476 ac

339 2509 638 2581 improbus,
666 2511 807 2582 apud
838 2511 1099 2568 Viennam
1128 2513 1420 2585 interfecit,
1447 2525 1607 2587 atque
1638 2515 1688 2570 in
1719 2516 1839 2586 ejus
1867 2516 1944 2572 lo-

336 2618 459 2657 cum
504 2604 794 2659 Maxiuuun
831 2606 1118 2676 quemdam
1148 2606 1169 2637 ⁴
1195 2607 1494 2664 substituit.
1530 2609 1646 2678 Ipse
1679 2623 1806 2665 vero
1833 2608 1938 2666 Ge-

336 2698 550 2753 rontius
580 2712 610 2753 a
638 2700 754 2754 suis
781 2699 1039 2756 militibus
1077 2703 1292 2756 occisus
1333 2713 1438 2758 est.
1478 2703 1762 2774 Maximus,
1796 2721 1931 2762 exu-

335 2798 422 2844 tus
451 2805 711 2861 purpura,
741 2791 1146 2865 destitutusque
1169 2811 1198 2850 a
1231 2796 1487 2853 militibus
1505 2797 1822 2868 Gallicanis,
1847 2800 1939 2870 qui

336 2885 389 2938 in
422 2885 662 2942 Africam
695 2889 932 2958 trajecti,
957 2890 1154 2946 deinde
1194 2893 1244 2947 in
1280 2892 1485 2950 Italiam
1517 2895 1756 2950 revocati
1785 2906 1937 2966 sunt,

336 2994 484 3039 nttnc
504 2981 646 3038 inter
668 2981 937 3042 Barbaros
967 2985 986 3016 ⁵
1013 2986 1066 3042 in
1092 2985 1349 3059 Hispania
1387 3003 1552 3062 egens
1579 2990 1813 3047 exsulat.
1847 2992 1940 3048 Jo-

2053 1881 2304 1944 portatus
2328 1883 2433 1941 est;
2457 1877 2498 1906 "
2523 1875 2666 1931 unde
2693 1875 2982 1932 discedens
3005 1876 3150 1943 navi,
3173 1876 3380 1933 incerta
3401 1877 3654 1946 moliens,

2049 1968 2102 2024 in
2127 1969 2262 2025 mari
2294 1979 2486 2040 captus
2509 1981 2560 2026 et
2578 1971 2644 2026 ad
2672 1971 3054 2027 Constantium
3078 1973 3333 2027 comitem
3364 1971 3655 2039 deductus,

2049 2060 2247 2118 deinde
2289 2063 2606 2134 imperatori
2652 2063 2893 2120 Honorio
2925 2064 3221 2134 exhibitus,
3263 2073 3510 2121 truncata
3540 2079 3657 2121 ma-

2050 2173 2146 2228 nu,
2168 2158 2294 2214 vita:
2322 2159 2546 2216 relictus
2572 2167 2675 2216 est.
2703 2158 3058 2215 Heracliauus
3095 2160 3302 2216 interea
3338 2143 3658 2216 Africae'co-

2049 2265 2166 2306 mes
2191 2251 2413 2316 missus,
2440 2265 2564 2307 cum
2597 2250 2739 2306 idem
2767 2250 2980 2306 Attalus
3008 2252 3254 2308 umbram
3281 2259 3518 2324 gestaret
3546 2251 3652 2306 im-

2049 2345 2208 2416 perii,
2236 2345 2477 2402 Africam
2505 2355 2728 2402 strenue
2758 2345 3048 2401 adversum
3078 2346 3294 2415 judices
3317 2346 3388 2400 ab
3421 2359 3491 2401 eo
3527 2345 3660 2399 mis-

2047 2452 2140 2494 sos
2173 2447 2399 2503 tutatus,
2425 2437 2770 2493 consulatum
2805 2437 2848 2469 ³³
2875 2446 3163 2492 assecutus
3191 2442 3313 2502 est;
3343 2450 3450 2506 quo
3477 2435 3657 2490 elatus

2045 2531 2358 2600 supercilio,
2380 2527 2640 2587 Sabinum
2667 2529 2710 2561 “
2731 2529 3088 2586 domesticum
3109 2543 3288 2596 suum,
3310 2527 3482 2583 virum
3507 2528 3658 2598 inge-

2043 2625 2136 2681 nio
2164 2625 2443 2694 callidum,
2481 2625 2854 2696 industriaque
2878 2626 3135 2680 solertem
3159 2633 3213 2680 et
3233 2625 3530 2694 sapientem
3553 2640 3654 2679 no-

2043 2717 2384 2788 minandum,
2418 2719 2465 2774 si
2501 2719 2668 2774 animi
2694 2718 2839 2775 vires
2875 2718 3178 2789 tranquillis
3208 2717 3404 2774 studiis
3439 2732 3654 2774 accom-

2043 2807 2395 2876 modavisset,
2425 2823 2690 2881 generum
2720 2809 2908 2882 allegit
2942 2829 2953 2864 :
2997 2825 3122 2866 cum
3159 2825 3269 2882 quo
3293 2810 3652 2882 quorumdam

2041 2903 2408 2973 periculorum
2439 2905 2776 2976 suspiciones
2804 2904 2932 2960 dum
2967 2906 3190 2976 patitur,
3208 2905 3359 2976 fecit,
3380 2905 3657 2978 atqueali-

2042 2995 2306 3066 quamdiu
2346 2996 2604 3055 Alricana
2631 3011 2845 3056 annona
2875 3005 3030 3056 extra
3053 2998 3304 3057 ordinem
3330 3000 3373 3036 ⁸³
3403 2999 3652 3073 detenta,

1593 3227 1733 3284 llAV
1743 3226 2048 3290 ERCAMPI
2085 3231 2318 3290 ΝΟΤιΕ.

403 3412 494 3490 21-.
525 3410 956 3490 Quandoquidem
977 3413 1227 3468 morituro
1247 3413 1535 3490 desperatq
1541 3414 1805 3490 conversio
1827 3415 1939 3469 est?
1963 3413 2009 3478 C
2045 3423 2152 3490 tus_,
2181 3415 2237 3490 in
2249 3415 2521 3490 _Hispania
2549 3417 2818 3486 exsulans,
2850 3432 3002 3490 egens
3029 3416 3177 3490 gbiit.

332 3483 506 3553 Lugd.
536 3485 681 3539 Batt.
708 3483 821 3554 νὴ,
856 3493 980 3538 tert.
1016 3494 1072 3539 et
1108 3493 1311 3554 quart.,
1345 3501 1468 3539 eum
1496 3483 1638 3539 Coll.
1666 3484 1931 3552 Gronov.,

331 3556 647 3628 quandoque
665 3557 913 3610 morituro
930 3571 949 3621 ;
977 3555 1072 3611 sed
1102 3571 1238 3621 sec.,
1269 3556 1689 3628 quandoquidem
1713 3558 1934 3611 moritu-

331 3627 442 3682 rus.
480 3627 688 3682 Deinde
731 3628 892 3682 iidem
935 3642 1148 3694 omnes,
1198 3627 1498 3684 accedente
1541 3627 1816 3696 Perizon.,
1849 3631 1934 3683 cui

333 3700 607 3770 desperata
654 3699 916 3755 conversio
956 3709 1050 3754 est.
1102 3699 1209 3756 Sed
1256 3698 1406 3769 vulg.
1439 3713 1566 3754 sese
1605 3698 1738 3754 satis
1789 3702 1932 3755 tueri

374 3778 540 3825 otest.

334 3785 828 3914 poégfth‘xplicare.
864 3841 1038 3912 Lugd.
1073 3842 1216 3896 Batt.
1241 3857 1325 3914 pr.
1356 3850 1413 3897 et
1442 3849 1593 3913 tert.,
1625 3855 1747 3896 cum
1779 3840 1927 3900 Coll.

332 3913 794 3977 Gronov.,habet
819 3914 1046 3983 explere.

403 3986 496 4040 25.
541 3983 950 4054 Correptionem.
987 3985 1124 4042 Edd.
1173 3985 1422 4056 quaedam
1467 3993 1627 4051 vett.,
1655 3985 1933 4040 correctio-

329 4073 469 4112 nem.

401 4131 493 4182 ‘24.
527 4127 674 4182 Iuste
699 4129 980 4194 sustinere,
1001 4136 1108 4184 etc.
1131 4127 1487 4198 Respondent
1513 4127 1631 4184 haec
1656 4127 1785 4197 illis,
1810 4143 1932 4200 quae

329 4214 494 4270 supra
542 4210 980 4268 prtecesserunt:
1026 4200 1412 4272 Verumtamen,
1442 4201 1558 4272 quis
1598 4217 1702 4256 non
1733 4216 1806 4266 se,
1842 4201 1932 4271 qui

327 4275 408 4344 sui
437 4288 751 4344 suorumque
772 4283 1002 4337 actuum,
1030 4284 1136 4326 etc.
1169 4271 1357 4344 Inepte
1386 4272 1550 4342 igitur
1580 4273 1668 4327 ed.
1698 4273 1928 4341 August.

331 4343 494 4416 legit,
517 4343 669 4415 juste
689 4345 934 4399 sustineri
970 4345 1056 4415 qui
1085 4345 1278 4409 sciunt,
1325 4343 1520 4416 injuste
1567 4344 1820 4399 sustinere
1845 4344 1933 4416 qui

329 4415 587 4469 nesciunt.

399 4487 532 4541 Car.
569 4485 814 4542 χιιι-
847 4487 900 4543 1.
942 4486 1117 4558 Deleri
1138 4485 1306 4558 jubet.
1350 4484 1423 4540 lta
1478 4486 1743 4544 Florentt.
1791 4486 1930 4552 duo,

329 4555 604 4624 Perizon.,
634 4558 770 4616 Ultr.
799 4570 850 4614 et
871 4557 1043 4631 Lugd.
1069 4555 1187 4614 Dat.
1207 4567 1332 4614 tert.
1357 4558 1592 4630 Reliqui,
1620 4569 1678 4616 ut
1697 4570 1752 4616 et
1778 4559 1930 4626 edd.,

330 4629 504 4683 delere
533 4630 694 4684 iubet.

368 4639 504 4683 clere
533 4639 694 4684 iubet.

401 4649 783 4758 ξΤεᾸΙιῐὲἱῗιιιξηι.
815 4701 958 4759 ῐσζάἰιὶ
987 4712 1042 4758 et
1071 4717 1205 4758 mss.
1237 4702 1454 4770 quidam
1487 4701 1774 4768 Arelatunt,
1807 4718 1931 4758 nam

330 4779 560 4845 utroque
598 4773 760 4828 modo
786 4773 952 4845 scribi
982 4775 1139 4833 solet.
1187 4774 1282 4828 sed
1313 4774 1570 4828 Arelatem
1603 4773 1764 4828 habet
1793 4790 1930 4845 quo-

328 4843 754 4916 qtteADiacouus,
793 4844 984 4900 delens
1025 4846 1300 4910 civitatem,
1331 4860 1452 4916 qua:
1481 4860 1582 4899 vox
1616 4845 1669 4899 in
1693 4843 1825 4901 mss.
1849 4845 1926 4900 O-

327 4912 460 4969 rosii
492 4929 708 4986 quoque
738 4916 1014 4972 nonnullis
1041 4912 1386 4986 espungitur.

505 4985 597 5039 Vir
622 5003 846 5056 nequam
873 5005 934 5040 ac
965 4987 1252 5056 improbus.
1298 4986 1467 5056 Lugd.
1518 4986 1660 5041 Batt.
1712 5001 1927 5056 omnes,

325 5069 447 5110 cum
481 5056 724 5113 Perizou.
757 5067 814 5113 et
847 5058 984 5115 Coll.

325 5128 539 5198 probus.

397 5201 452 5254 4.
496 5198 801 5256 Substituit.
847 5201 1122 5267 Perizou.,
1169 5202 1456 5256 constituit.

395 5272 450 5326 5.
493 5269 561 5325 In
607 5271 865 5342 Hispania
891 5288 1044 5342 egens
1081 5273 1306 5327 exsulat.
1347 5271 1517 5341 Lugd.
1552 5271 1670 5327 Bat.
1700 5287 1814 5328 sec.
1848 5275 1930 5328 in-

323 5350 401 5416 ter
421 5342 671 5416 barbaros
701 5342 1158 5416 Hispanueegens
1185 5343 1410 5416 exsulat.
1437 5344 1641 5416 Paulus
1651 5343 1923 5416 Diacouus

323 5413 479 5468 initio
518 5415 642 5469 libri
685 5431 774 5469 xxv
807 5413 820 5469 ὲ
854 5413 912 5468 Is
938 5413 1329 5486 (Consmntius)
1358 5431 1480 5469 mox
1506 5423 1561 5468 ut
1601 5414 1806 5470 Gallias
1842 5416 1923 5470 in-

321 5501 533 5558 gressus
578 5495 675 5550 est,
728 5485 975 5558 continuo
1015 5485 1407 5540 Constantinum
1459 5495 1743 5558 tyrannum
1783 5487 1923 5558 apud

323 5555 584 5610 Arelatem
611 5559 879 5613 exstinxit.
915 5556 1190 5629 Constans
1229 5573 1371 5623 vero,
1405 5555 1548 5625 [ilius
1577 5560 1708 5629 ejus,
1754 5573 1786 5611 a
1817 5555 1927 5613 ’ϐε-

321 5629 520 5700 rontio,
549 5645 645 5700 suo
669 5631 877 5700 comite,
903 5628 1117 5684 Vienna:
1159 5630 1498 5700 interemptus
1540 5627 1635 5684 est.
1664 5627 1734 5682 In
1771 5631 1925 5698 cujus

324 5698 498 5752 locum
517 5697 793 5754 Gerontius
827 5699 1117 5756 Maximum
1139 5697 1477 5767 substituens,
1500 5700 1612 5770 ipse
1637 5716 1669 5754 a
1696 5700 1808 5754 suis
1821 5697 1922 5754 nti-

322 5770 502 5828 litibus
523 5771 807 5845 jugulatus
837 5783 932 5829 est.
987 5771 1254 5830 Maximus
1294 5771 1478 5828 deinde
1521 5787 1756 5843 purpura
1798 5787 1926 5827 exu-

1077 5073 1290 5125 ronov.,
1335 5074 1553 5128 nequam
1582 5058 1746 5130 magis
1773 5073 1929 5129 quam

2111 3487 2164 3542 6.
2209 3486 2339 3542 Mox
2361 3486 2421 3544 ut
2447 3492 2756 3556 assurrexit,
2789 3486 2996 3544 cecidit.
3032 3488 3136 3544 Ed.
3167 3488 3333 3558 Aug.,
3364 3495 3411 3540 et
3441 3487 3648 3543 cecidit.

2038 3557 2213 3630 Lugd.
2246 3574 2330 3630 pr.
2365 3568 2418 3614 et
2451 3570 2605 3629 tert.,
2654 3577 2775 3616 cum
2826 3560 2965 3615 Coll.
3018 3557 3283 3626 Gronov.,
3340 3567 3389 3612 et
3433 3560 3646 3613 occidit.

2036 3628 2144 3684 Pro
2171 3628 2455 3686 assurrexit
2486 3628 2764 3700 Periztin.,
2789 3632 3038 3690 surrexit.

2033 3701 2162 3772 a7.
2209 3700 2279 3756 Ut
2327 3711 2553 3764 creatus.
2606 3703 2805 3758 occisus
2857 3712 2952 3758 est.
3007 3702 3179 3772 Lugd.
3225 3701 3370 3757 Batt.
3428 3714 3642 3772 omnes,

2034 3771 2158 3828 eum
2188 3772 2353 3840 Ultr.,
2406 3773 2681 3841 Periz.on.,
2718 3774 2854 3840 Meo,
2902 3773 3044 3830 Coll.
3096 3771 3363 3839 Gronov.,
3397 3771 3645 3842 adeoque

2035 3857 2170 3899 mss.
2200 3844 2477 3908 omnibus,
2529 3845 2716 3900 delent
2760 3857 2856 3909 est,
2908 3845 3054 3915 quod
3107 3845 3358 3915 inserunt
3415 3845 3644 3913 (praeter

2033 3915 2289 3983 August.)
2318 3916 2474 3983 editi,
2505 3917 2770 3986 legentes,
2798 3925 2855 3970 ut
2884 3913 2959 3970 est
2988 3925 3216 3980 creatus,
3249 3913 3448 3969 occisus
3469 3925 3569 3969 est.

2107 3987 2160 4042 8.
2205 3985 2272 4039 In
2301 3987 2400 4046 hoc
2451 3985 2713 4053 Alaricus,
2775 3999 2884 4044 etc.
2933 3987 2988 4044 Id
3017 3997 3122 4052 est,
3177 3986 3305 4040 dum
3360 3986 3632 4051 Alaricus,

2035 4057 2338 4114 Gothorum
2369 4074 2486 4123 rex,
2530 4059 2675 4116 hunc
2716 4059 2954 4114 Attalum
3003 4060 3387 4126 imperatorem
3428 4056 3641 4112 consti-

2035 4131 2138 4185 tuit
2176 4129 2498 4195 Romanum,
2532 4131 2728 4187 iterum
2762 4130 3030 4202 privatum
3078 4127 3395 4202 facit.__dein
3448 4141 3640 4202 rursus

2037 4203 2652 4273 imperatorem,atque
2682 4198 2806 4258 mox
2839 4217 3034 4256 rursus
3064 4202 3115 4254 in
3139 4198 3392 4273 ordinem
3420 4198 3639 4273 redigit.

2037 4268 2200 4343 idque
2252 4268 2578 4350 brevissimo
2608 4274 2874 4350 temporis
2911 4273 3110 4350 spatio,
3156 4269 3298 4350 quid
3322 4268 3470 4324 aliud
3503 4268 3636 4350 agit,

2035 4341 2196 4412 quam
2231 4353 2287 4398 ut
2313 4345 2365 4399 in
2392 4359 2554 4399 scena
2584 4341 2751 4401 vilem
2785 4343 3008 4398 inducat
3047 4341 3496 4412 homuncionem,
3519 4341 3635 4409 qui,

2035 4411 2284 4494 depqsita
2313 4429 2568 4494 persona,
2596 4414 2904 4494 futurus-sit
2932 4415 3193 4494 privatus,
3221 4422 3384 4480 atque
3415 4411 3638 4494 lubente

2036 4485 2257 4543 Alarico
2288 4502 2480 4543 rursus
2503 4487 2858 4558 imperatorio
2885 4486 3072 4558 habitu
3099 4485 3153 4558 in
3180 4497 3402 4539 scenam
3423 4485 3493 4537 sit
3514 4497 3639 4550 pro-

2035 4559 2272 4624 diturus,
2297 4569 2352 4615 ct
2372 4554 2624 4629 deposito
2655 4558 2847 4616 eodem
2873 4557 3090 4613 futurus
3116 4554 3338 4622 iterum,
3363 4563 3423 4609 ut
3451 4563 3633 4619 antea,

2075 4631 2312 4686 rivatus?

2034 4644 2538 4775 l{milimgifj'urehac
2562 4718 2772 4773 pompa.
2814 4700 2988 4772 Lugd.
3012 4699 3155 4755 Batt.
3187 4707 3318 4766 tres,
3342 4707 3466 4753 cum
3493 4693 3639 4750 Coll.

2039 4772 2306 4850 Gronov.,_
2335 4774 2378 4827 si
2409 4774 2641 4844 Itocjure
2668 4772 2963 4850 ac_po_m_pa.
3167 4841 3216 4850 η
3300 4849 3305 4850 7
3571 4838 3606 4850 Δ,

2111 4846 2216 4921 10.-
2241 4845 2476 4921 Alterum
2511 4841 2682 4921 spero.
2723 4841 2992 4921 Videlicet
3031 4841 3442 4921 pontiﬁcatum,_
3473 4841 3644 4921 resti-

2038 4923 2154 4971 tuto
2205 4916 2473 4971 idolorum
2529 4910 2701 4984 cultu,
2754 4916 2799 4969 si
2876 4910 3283 4985 perseverasset
3337 4910 3641 4985 umbratilis

2034 5002 2250 5058 quoque
2282 4987 2577 5058 imperator
2606 4981 2738 5042 suus
2767 4985 2820 5040 itt
2853 4981 3044 5058 regno.
3079 4984 3217 5058 Male
3246 4981 3438 5058 υτοεῇᾕῇ
3454 4981 3634 5035 locum

2036 5052 2251 5126 excepit
2277 5052 2478 5113 Paulus
2507 5058 2798 5125 Diaconus,
2827 5052 3076 5112 scribens
3116 5057 3168 5109 in
3199 5054 3354 5108 initio
3379 5052 3478 5126 lib.
3510 5066 3630 5105 xlv:

2035 5124 2304 5204 Tertullus
2328 5124 2919 5204 consulpquifuturum
2959 5143 3012 5181 se
3036 5128 3336 5204 principem
3369 5124 3428 5204 in
3453 5131 3636 5178 senatu

2035 5199 2292 5273 gloriatus
2318 5210 2414 5273 est,
2447 5200 2561 5273 pari
2580 5197 2937 5273 lniltilominus
2967 5198 3107 5252 exitu
3138 5197 3309 5273 periit.

2112 5272 2197 5326 11.
2247 5271 2406 5338 Quia.
2447 5265 2617 5340 Lugd.
2649 5270 2790 5326 Batt.
2826 5282 2958 5340 tres,
2988 5283 3112 5324 cum
3137 5267 3279 5324 Coll.
3309 5265 3549 5323 Gronov.
3581 5277 3638 5322 et

2036 5343 2159 5399 cod.
2196 5341 2398 5412 Periz.,
2430 5342 2616 5412 legunt
2641 5342 2751 5410 qui.

2105 5413 2192 5468 ω.
2239 5405 2394 5468 Unde
2418 5405 2683 5468 discedens
2712 5412 2848 5468 navi.
2874 5405 3004 5468 Mss.
3029 5410 3255 5481 aliquot,
3286 5408 3624 5476 descendens,

2026 5493 2088 5542 ut
2113 5495 2167 5539 ct
2192 5486 2280 5541 ed.
2307 5486 2449 5555 Aug.
2567 5545 2572 5549 _

2103 5557 2193 5612 15.
2237 5554 2516 5611 Assecutus
2556 5565 2646 5610 est.
2691 5554 2792 5611 Ed.
2824 5555 2987 5622 Aug.,
3029 5564 3332 5609 consecutus
3358 5562 3452 5608 est.

2103 5630 2195 5684 M.
2238 5625 2591 5688 Domesticum
2622 5643 2795 5681 suum.
2838 5625 3082 5682 Florcut.
3106 5639 3245 5695 sec.,
3271 5624 3526 5683 Sabinum
3543 5627 3637 5694 ju-

2030 5700 2220 5765 dicent,
2253 5699 2486 5754 comitem
2513 5715 2684 5754 suum.

2237 5767 2481 5828 Detenta.
2520 5770 2601 5828 lta
2633 5776 2802 5835 mss.;
2835 5775 3034 5827 retenta
3066 5767 3247 5840 vulgg.
