4076 6352
506 252 640 309 ΗΗ

1901 250 2107 309 PAULI
2146 249 2374 307 OHObll

3669 254 3794 312 H79.

505 369 801 443 583ipse
824 367 1041 424 tandem
1071 382 1193 424 cum
1219 366 1737 435 immensa,"certe
1768 366 2107 435 temporibus
2139 369 2183 428 A
2216 364 2510 437 praecipue,
2530 374 2695 438 atque
2718 364 3021 422 intercluso
3046 366 3195 423 omni
3226 374 3536 423 commeatu
3559 367 3792 436 navium,
3890 352 3893 353 ν

506 463 712 519 nostris
739 461 785 493 ¹⁷
827 461 961 517 satis
1008 459 1316 516 incredibili
1363 460 1543 517 classe
1589 461 1827 527 navium,
1875 458 2104 514 Romam

506 546 816 612 contendit.
843 552 979 610 Nam
1004 553 1265 641 habuisse
1296 559 1429 609 tunc
1461 554 1560 609 tria
1584 552 1757 609 millia
1788 552 2103 624 septingen-

505 658 592 703 tas
621 662 788 703 naves
809 646 1010 703 dicitur
1038 666 1053 703 :
1080 661 1242 718 quem
1269 660 1560 702 numerum
1591 662 1661 703 ne
1684 645 1827 717 apud
1861 644 2103 701 Xerxem

505 740 755 812 quidem,
803 739 1123 811 praeclarum
1181 737 1334 793 illum
1386 739 1675 795 Persarum
1729 752 1949 807 regem,
2005 750 2107 793 nec

507 832 882 890 Alexandrum
928 831 1201 903 Magnum,
1227 830 1317 888 vel
1352 846 1682 903 quemquam
1712 831 1881 886 alium
1932 829 2107 886 fuisse

506 943 719 1000 regum,
756 923 1001 982 historiae
1046 923 1251 981 ferunt.
1291 923 1345 983 ls
1392 925 1557 982 simul
1605 933 1667 981 ut
1711 940 1835 981 cum
1890 921 2108 994 agmine

503 1018 743 1073 militum
775 1016 844 1072 ad
875 1014 1082 1072 Urbem
1118 1030 1350 1087 pergens
1380 1015 1567 1072 littore
1596 1028 1853 1088 egressus
1885 1024 1990 1081 est,
2016 1029 2108 1070 oc-

506 1123 667 1164 cursu
700 1108 915 1163 comitis
962 1107 1156 1163 Marini
1190 1109 1416 1165 territus
1446 1117 1501 1165 et
1546 1109 1601 1165 in
1651 1108 1833 1181 fugam
1884 1122 2106 1178 versus,

500 1210 721 1272 arrepta
775 1200 926 1266 navi,
957 1198 1349 1273 Carthaginem
1401 1201 1557 1258 solus
1610 1202 1796 1269 rediit,
1835 1209 2001 1273 atque
2030 1200 2108 1257 ibi

504 1296 767 1352 continuo
810 1295 1038 1351 militari
1101 1310 1265 1351 manu
1328 1295 1653 1353 interfectus
1700 1305 1804 1352 est.
1849 1295 2106 1364 Sabinus,

504 1403 674 1459 gener
705 1389 843 1459 ejus,
869 1387 1399 1460 Constantinopolim
1425 1388 1581 1462 fugit,
1615 1389 1757 1445 unde
1788 1391 1832 1421 ¹⁸
1856 1400 1981 1461 post
2011 1389 2114 1445 ali-

508 1493 772 1554 quantum
815 1483 1080 1554 temporis
1120 1492 1429 1550 retractus,
1460 1483 1773 1555 exsilioque
1819 1483 2113 1539 damnatus

513 1584 621 1631 est.
688 1576 847 1632 Hunc
886 1589 1104 1632 omnem
1143 1576 1474 1648 eatalogum,
1510 1587 1571 1632 ut
1599 1577 1738 1645 dixi,
1766 1577 1853 1632 vel
1888 1576 2119 1634 manife-

458 1737 479 1747 ί
513 1679 726 1725 storum
752 1682 1130 1741 tyrannorum.
1159 1670 1245 1726 vel
1269 1669 1700 1726 inohedientium
1730 1669 1931 1726 ducum
1966 1670 2113 1741 opti-

2209 470 2262 515 et
2282 460 2695 532 peregrinorum
2715 476 2817 516 usu
2845 460 3327 517 commerciorum.
3353 461 3654 518 Gothorum
3678 471 3793 520 tunc

2206 542 2427 625 populis
2449 553 2752 622 Ataulphus
2771 569 2865 609 rex
2883 562 3145 624 praeerat:
3165 553 3279 623 qui,
3298 561 3424 625 post
3440 554 3795 625 irruptiouem

2211 641 2381 701 Urbis
2411 659 2475 699 ac
2500 656 2731 700 mortem
2761 643 2989 713 Alarici,
3018 643 3284 713 Placidia,
3313 653 3374 700 ut
3403 644 3538 713 dixi,
3565 646 3791 717 captiva,

2210 752 2402 793 sorore
2433 737 2803 808 imperatoris,
2837 738 2888 794 in
2920 752 3146 794 uxorem
3173 747 3476 808 assumpta,
3502 738 3721 794 Alarico
3749 739 3799 797 in

2210 843 2442 900 regnum
2494 838 2859 886 successerat.
2896 832 2971 895 ls,
3019 839 3078 885 ut
3126 846 3275 901 saepe
3325 826 3609 899 auditum,
3650 840 3800 903 atque

2215 922 2231 952 ¹
2251 920 2443 977 ultimo
2465 922 2617 978 exitu
2635 919 2753 992 ejus
2775 921 3063 992 probatum
3085 932 3194 993 est,
3215 924 3347 979 satis
3368 924 3615 979 studiose
3636 932 3800 980 secta-

2214 1016 2538 1085 torpacis,
2585 1016 2818 1071 militare
2874 1016 3108 1073 ﬁdeliter
3153 1016 3396 1074 Honorio
3449 1019 3801 1090 imperatori,

2211 1123 2277 1163 ac
2334 1122 2435 1179 pro
2484 1108 2826 1166 defendenda
2882 1109 3126 1167 Romana
3181 1112 3464 1183 republica
3531 1113 3804 1184 impende-

2214 1216 2274 1255 re
2304 1201 2448 1257 vires
2502 1200 2807 1258 Gothorum
2863 1204 3210 1274 praeoptavit.
3269 1203 3404 1261 Nam
3438 1220 3541 1277 ego
3593 1221 3806 1279 quoque

2215 1292 2332 1361 ipse
2380 1292 2559 1347 virum
2609 1292 2899 1365 quemdam
2948 1294 3390 1367 Narbonensem,
3425 1297 3662 1355 illustris
3712 1300 3804 1355 sub

2216 1384 2527 1443 Theodosio
2560 1386 2792 1457 militiae,
2836 1389 3000 1445 etiam
3054 1390 3379 1462 religiosum
3408 1393 3428 1423 ³
3458 1392 3803 1463 prudentem-

2215 1494 2321 1548 que
2371 1491 2420 1535 et
2474 1482 2893 1555 gravem,apud
2950 1482 3269 1540 Bethlehem
3334 1485 3596 1558 oppidum"
3649 1486 3811 1545 Pala-

2216 1572 2406 1640 stinae,
2461 1572 2782 1630 beatissimo
2844 1574 3178 1648 Hieronymo
3228 1577 3548 1651 presbytero
3600 1578 3622 1611 ³
3681 1578 3813 1637 refe-

2218 1674 2431 1739 rentem
2479 1666 2683 1734 audivi,
2715 1684 2774 1724 se
2822 1668 3318 1726 familiarissimum
3368 1671 3648 1744 Ataulpbo
3677 1674 3812 1743 apud

510 1776 595 1817 ma
628 1761 899 1817 Honorius
930 1761 1232 1831 imperator
1263 1761 1533 1831 religione
1563 1769 1618 1818 et
1643 1761 1906 1818 felicitate
1936 1761 2116 1818 occidi
2147 1756 2533 1830 B'Narbonam
2567 1757 2737 1816 fuisse
2769 1778 2780 1814 :
2812 1774 2877 1816 ac
2909 1760 2977 1816 de
3004 1776 3071 1818 eo
3103 1776 3253 1833 saepe
3291 1762 3394 1818 sub
3440 1762 3815 1822 testificatione

511 1857 554 1889 ί*
585 1856 813 1923 meruit,
846 1869 1043 1926 magna
1093 1855 1447 1912 Constantius
1505 1871 1693 1912 comes
1740 1855 2003 1911 industria
2058 1865 2114 1911 et

508 1948 796 2004 celeritate
829 1949 1070 2006 confecit
1101 1967 1115 2005 :
1150 1951 1355 2007 merito
1384 1965 1540 2019 sane,
1572 1951 1698 2022 quia
1722 1949 1769 1982 ὀ
1797 1950 1851 2005 in
1883 1948 1969 2004 his
1995 1948 2111 2005 die-

515 2041 617 2095 bus
641 2041 992 2111 praacipiente
1027 2041 1301 2109 Honorio,
1331 2050 1388 2099 et
1430 2040 1727 2112 adiuvante
1756 2039 2109 2106 Constantio,

511 2147 619 2203 pax
667 2143 724 2190 et
769 2134 949 2189 unitas
973 2148 1070 2205 per
1090 2134 1408 2191 universam
1439 2131 1681 2189 Africam
1720 2132 1986 2189 Ecclesiae
2013 2148 2111 2189 ea—

511 2225 733 2282 tholicae
781 2225 1000 2283 reddita
1042 2235 1167 2285 est:
1198 2234 1256 2282 et
1301 2241 1504 2297 corpus
1553 2224 1794 2292 Christi,
1838 2225 1983 2296 quod
2014 2239 2114 2281 nos

515 2334 732 2385 sumus,
790 2319 1162 2391 redintegrata
1202 2319 1248 2351 “
1300 2318 1630 2375 discissione
1681 2326 1934 2374 sanatum
1987 2327 2110 2379 est;

514 2410 773 2481 imposita
820 2411 1176 2466 exsecutione
1236 2410 1411 2466 sancti
1473 2410 1735 2481 praecepti
1796 2408 2116 2465 Marcellino

513 2501 761 2568 tribuno,
794 2504 840 2535 “
873 2503 991 2558 viro
1016 2503 1072 2558 in
1090 2486 1288 2574 primis
1312 2501 1567 2573 prudenti
1596 2509 1653 2558 et
1679 2500 1973 2571 industrio,
1998 2516 2118 2556 om-

517 2597 782 2668 niumque
805 2596 1076 2653 bonorum
1108 2596 1417 2653 studiorum
1444 2595 1924 2668 appetentissimo,
1949 2609 2111 2666 quem

516 2691 564 2724 "
595 2691 836 2748 Marinus
865 2705 1051 2747 eomes
1079 2690 1227 2762 apud
1252 2690 1641 2764 Carthaginem
1672 2689 1972 2764 (incertum
1994 2691 2116 2747 zelo

514 2785 854 2852 stimulatus,
876 2798 945 2839 an
973 2800 1107 2840 auro
1131 2782 1447 2857 corruptus)
1465 2782 1706 2840 occidit:
1737 2784 1829 2854 qui
1857 2783 2118 2840 continuo

520 2887 813 2934 revocatus
844 2894 910 2934 ex
935 2878 1141 2948 Africa,
1177 2879 1460 2950 factusque
1489 2880 1755 2950 privatus,
1787 2878 1876 2935 vel
1904 2878 1969 2935 ad
2001 2894 2117 2949 po:—

514 2970 754 3037 nam,vel
768 2970 833 3026 ad
854 2971 1226 3040 paenitentiam
1237 2970 1592 3028 conscientia:
1614 2986 1726 3027 suae
1741 2969 1999 3029 dimissus
2012 2983 2112 3027 est.

978 3106 1144 3180 534
1184 3105 1415 3165 CAPUT
1465 3108 1651 3165 xun.

518 3197 791 3274 Quomodo
838 3198 1003 3274 Gothi
1030 3200 1237 3274 expulsi
1260 3202 1429 3274 ;quid
1458 3201 1756 3274 Ataulphus
1799 3219 1895 3257 rea:
1931 3218 2113 3274 eorum

586 3271 891 3325 instituerit.
946 3271 1020 3326 De
1053 3271 1393 3344 segerico'et
1422 3271 1630 3337 _Vallia
1674 3275 1883 3346 regibus
1917 3271 2113 3330 Gotho-

586 3358 722 3394 rum.

590 3434 750 3487 Anno
799 3433 867 3487 ab
908 3432 1058 3491 Urbe
1106 3434 1326 3491 condita
1358 3451 1620 3508 ucuvtu,
1649 3435 2002 3494 Constantius
2024 3453 2113 3493 Cu-

520 3536 637 3579 mes
665 3524 807 3593 apud
836 3523 1138 3593 Arelatem,
1172 3526 1366 3583 Gallia;
1390 3527 1607 3595 urbem,
1638 3527 1973 3597 consistens,
2001 3546 2116 3584 nia-

518 3630 622 3685 gna
651 3630 835 3672 rerum
865 3616 1235 3688 gerendarum
1281 3619 1570 3686 industria,
1599 3619 1814 3677 Gothos
1860 3620 2112 3676 Narbona

517 3694 748 3779 expulit,
779 3719 943 3780 atque
974 3709 1129 3768 abire
1155 3709 1211 3767 in
1240 3709 1561 3784 Hispaniam
1582 3712 1789 3785 coegit,
1818 3713 2113 3769 interdicto

2218 1848 2380 1924 585
2408 1850 2699 1918 didicisse,
2739 1854 2883 1924 quod
2916 1852 3152 1909 illecum
3185 1853 3209 1885 ⁸
3254 1864 3404 1911 esset
3442 1856 3663 1923 animo,
3694 1857 3816 1913 viri-

2218 1944 2319 1999 bus
2339 1987 2353 2011 ,
2407 1945 2739 2018 ingenioque
2768 1947 3001 2013 nimius,
3033 1948 3243 2005 referre
3294 1949 3489 2007 solitus
3514 1960 3709 2018 esset,
3760 1969 3815 2011 se

2218 2040 2272 2095 in
2306 2039 2494 2110 primis
2527 2039 2785 2097 ardenter
2811 2042 3090 2100 inhiasse:
3125 2053 3215 2112 ut,
3245 2044 3545 2101 obliterato
3575 2044 3816 2103 Romano

2219 2133 2443 2188 nomine
2465 2174 2480 2196 ,
2520 2132 2823 2190 Romanum
2878 2150 3041 2191 omne
3071 2134 3275 2202 solum,
3307 2135 3611 2192 Gothorum
3647 2137 3816 2208 impe-

2216 2226 2357 2281 rium
2390 2234 2447 2282 et
2470 2225 2682 2283 faceret
2711 2236 2768 2282 et
2796 2238 3018 2284 vocaret
3048 2246 3061 2281 :
3110 2236 3396 2300 essetque.
3439 2240 3501 2285 ut
3528 2229 3820 2301 vulgariter

2218 2320 2445 2391 loquar,
2497 2320 2728 2390 Gothia,
2759 2322 2780 2353 ⁸
2807 2321 2952 2393 quod
2981 2322 3247 2378 Romania
3281 2322 3508 2389 fuisset;
3558 2323 3822 2394 ﬁeretque

2221 2428 2365 2468 nunc
2410 2413 2747 2485 Atanlpbus,
2780 2415 2923 2486 quod
2955 2415 3227 2487 quondam
3281 2416 3469 2472 Czcsar
3518 2417 3821 2487 Augustus.

2218 2503 2284 2560 At
2318 2505 2411 2561 ubi
2443 2507 2609 2561 multa
2633 2506 2968 2578 experientia
3003 2507 3375 2578 probavisset,
3405 2523 3587 2580 neque
3616 2509 3824 2566 Gothos

2220 2597 2332 2653 ullo
2368 2598 2530 2655 modo
2558 2614 2750 2671 parere
2779 2599 2990 2671 legibus
3025 2615 3189 2672 posse
3227 2610 3451 2673 propter
3503 2601 3826 2658 ell'renatam

2222 2690 2565 2758 barbariem,
2597 2708 2775 2764 neque
2806 2694 3127 2763 reipublicae
3169 2693 3426 2752 interdici
3470 2695 3623 2766 leges
3671 2711 3829 2768 opor-

2222 2793 2338 2839 tere
2360 2826 2375 2851 ,
2407 2785 2530 2843 sine
2574 2785 2771 2857 quibus
2797 2787 3105 2859 respublica
3134 2787 3155 2819 ⁸
3196 2802 3303 2845 non
3333 2799 3416 2844 est
3471 2789 3825 2862 respublica;

2221 2876 2241 2908 "
2270 2876 2505 2948 elegisse
2533 2892 2592 2933 se
2614 2878 2804 2934 saltem
2836 2924 2850 2947 ,
2885 2888 2947 2934 ut
2973 2880 3204 2950 gloriam
3252 2879 3359 2937 sibi
3386 2879 3457 2936 de
3486 2880 3829 2937 restituendo

2221 2966 2275 3022 in
2306 2968 2575 3039 integrum
2593 3010 2608 3037 ,
2632 2970 2988 3042 augendoqne
3012 2970 3260 3028 Romano
3282 2972 3505 3028 nomine
3526 2972 3829 3030 Gothorum

2225 3060 2435 3116 viribus
2465 3072 2766 3130 quaereret,
2801 3061 3205 3135 habereturque
3250 3064 3390 3133 apud
3439 3074 3702 3134 posteros
3729 3048 3842 3119 Ro?

2143 3160 2189 3223 C
2225 3168 2397 3210 mante
2424 3157 2784 3213 restitutionis
2814 3169 3034 3225 auctor,
3071 3169 3354 3230 pOStquam
3386 3172 3511 3215 esse
3542 3175 3657 3214 non
3689 3162 3713 3192 ⁸
3743 3175 3831 3227 po-

2221 3257 2400 3304 tuerat
2453 3250 2788 3305 immutator.
2842 3251 2925 3307 Oh
2975 3253 3079 3307 hoc
3124 3252 3403 3308 abstinere
3462 3269 3492 3307 a
3538 3252 3693 3308 bello
3721 3296 3737 3319 ,
3765 3254 3831 3308 oh

2228 3342 2330 3397 hoc
2368 3345 2388 3376 ⁹
2439 3332 2649 3396 inhiare
2700 3344 2816 3413 paci
2875 3343 3174 3410 nitebatur,
3237 3345 3515 3413 praecipue
3568 3344 3831 3400 Placidia:

2223 3435 2414 3490 uxoris
2441 3448 2588 3498 stite,
2624 3434 2843 3490 femina:
2871 3449 3006 3491 sane
3034 3434 3257 3507 ingenio
3282 3434 3569 3491 acerrima
3597 3444 3658 3489 et
3712 3436 3830 3491 reli-

2221 3522 2399 3598 gionis
2430 3522 2473 3557 ¹⁰
2504 3526 2639 3582 satis
2671 3527 2887 3597 probae,
2941 3528 3006 3581 ad
3061 3528 3243 3582 omnia
3281 3528 3543 3582 bonarum
3608 3527 3832 3583 ordina-

2224 3621 2429 3675 tinnum
2491 3633 2659 3690 opera
2714 3634 2982 3690 persuasu
3057 3629 3112 3676 et
3178 3619 3412 3676 consilio
3468 3626 3829 3691 temperatus.

2219 3710 2465 3784 Cumque
2489 3712 2665 3769 eidem
2696 3712 2812 3781 paci
2837 3711 3081 3783 petendae
3108 3722 3272 3783 atque
3293 3710 3595 3769 olfet‘endte
3625 3712 3833 3767 studio-

1774 3846 2231 3907 HAVERCAMPI
2268 3847 2499 3906 NOTAE.

586 3982 676 4039 16.
699 3980 863 4038 Certe.
892 3980 1169 4051 Perizon.,
1193 3985 1344 4041 satis.

591 4055 681 4138 1?.
716 4053 1199 4138 Satisjncredibili.
1222 4055 1368 4112 Editi
1401 4059 1627 4182 ‘przetel'
1645 4054 1929 4130 August),
1951 4065 1999 4111 et
2021 4073 2127 4112 δαί

623 4124 956 4182 incredibili:
990 4141 1183 4182 verum
1225 4142 1358 4182 mss.
1392 4128 1525 4182 ilud
1559 4137 1607 4182 et
1632 4143 1743 4182 non
1783 4137 2108 4182 agnoscunt.

516 4127 579 4179 tis
623 4124 956 4199 increuibilt;
990 4141 1183 4199 verum
1225 4142 1358 4185 mss.
1392 4124 1525 4185 illud
1559 4137 1607 4183 et
1632 4124 1758 4185 non'
1783 4124 2108 4199 agnoscunt,

513 4205 676 4267 atque
708 4198 869 4267 etiam
891 4198 1080 4254 sensui
1109 4199 1303 4255 officit.

588 4264 678 4342 i8.
712 4264 843 4342 110st
890 4269 1221 4342 aliquantum
1275 4274 1544 4341 temporis.
1597 4270 1851 4327 Florent.
1887 4285 2002 4326 sec.
2058 4278 2115 4328 et

514 4337 687 4407 Lugd.
723 4337 879 4415 Βερι.Δ
916 4337 1067 4407 tert.,
1115 4356 1239 4415 eum
1289 4337 1434 4415 Coll.
1461 4344 1731 4407 Gronov.,
1778 4352 1978 4415 tempus
2010 4356 2112 4413 pro

516 4409 761 4495 temporis
792 4408 991 4495 habent
1012 4412 1149 4495 used
1179 4411 1500 4495 LugdLBat.
1532 4428 1673 4483 sec.,
1706 4423 1821 4483 post
1863 4408 2109 4495 aliquan-

513 4482 923 4554 tuantentporis.
950 4482 1005 4536 In
1039 4482 1144 4538 fine
1171 4482 1379 4553 periodi
1402 4494 1474 4539 est
1499 4500 1566 4540 ex
1596 4482 1726 4539 mss.
1756 4482 2001 4554 apposui.

591 4551 678 4605 19.
721 4547 899 4627 Occidi
938 4547 1389 4627 meruit._'Sup_ina
1427 4554 1718 4627 admodum
1760 4547 2120 4627 negligentia,

513 4635 623 4675 non
677 4621 839 4675 modo
882 4623 935 4677 in
983 4623 1194 4679 cunctis
1246 4621 1399 4690 edd.,
1431 4626 1526 4682 sed
1578 4633 1633 4680 et
1659 4621 2109 4691 omnih'ns'mss.,

515 4700 881 4767 pratterquam
906 4693 1280 4767 ALugtl._Batt.
1319 4697 1496 4767 primo
1527 4707 1581 4750 et
1616 4705 1741 4751 tert.
1775 4708 1941 4766 atque
1963 4694 2105 4751 Coll.

516 4760 786 4838 Gronov},
811 4760 1072 4838 omissum
1098 4764 1199 4820 fuit
1230 4760 1455 4824 verbum
1478 4767 1807 4833 occidi,sine
1836 4760 1942 4838 quo
1972 4767 2108 4823 ridi-

515 4834 672 4887 culus
701 4834 995 4891 admodum
1021 4846 1104 4892 est
1132 4850 1352 4893 sensus.

586 4902 772 4979 20.11:
796 4903 900 4960 his.
934 4907 1034 4961 Ed.
1060 4910 1226 4979 Aug.,
1253 4908 1337 4964 Itis
1375 4910 1587 4977 diebus;
1611 4909 1739 4967 cod.
1770 4909 1975 4979 Periz.,
1998 4909 2108 4966 illis

516 4975 697 5047 diebus
714 4985 994 5047 ;_uterque
1016 4975 1199 5034 tlelet'o
1228 4980 1304 5036 in.

584 5044 678 5101 2|.
708 5043 1047 5123 Discissione.
1077 5049 1255 5121 Lugd.
1285 5052 1426 5107 Batt.
1484 5061 1742 5123 quatuor,
1771 5051 1913 5108 Coll.
1966 5052 2110 5109 Gro-

515 5131 640 5171 nov.
672 5126 729 5172 et
750 5117 877 5172 edd.
907 5117 1508 5185 Venetzefdiscessione.

598 5187 690 5272 ἐξ.
727 5186 940 5272 Yiroin
965 5190 1150 5260 primis
1188 5194 1457 5262 prudenti.
1483 5195 1584 5250 Ed.
1617 5195 1780 5266 Aug.,
1810 5194 1942 5250 bona
1972 5195 2104 5265 viro,

513 5270 568 5324 in
594 5270 794 5332 prtmgs,
823 5270 931 5332 etc.

585 5325 680 5393 Q5.
717 5325 959 5403 Marinus
999 5347 1191 5387 comes.
1220 5332 1268 5387 Is
1297 5332 1389 5403 qui
1438 5334 1817 5392 Heracliauum
1863 5337 1917 5393 in
1954 5337 2107 5393 Italia

518 5409 691 5479 copiis
719 5402 853 5480 suis_
875 5413 1127 5480 exuerat,
1159 5402 1325 5475 atque
1351 5404 1551 5463 deinde
1594 5422 1720 5463 cum
1768 5409 1997 5480 imperio
2050 5409 2107 5463 in

514 5469 751 5537 Ali-mam
784 5471 982 5526 missus
1003 5469 1203 5529 fuerat.

584 5549 716 5621 ciui.
741 5539 927 5621 XLlll.
953 5546 1104 5621 -—_l.
1128 5544 1328 5621 Ultimo
1384 5549 1527 5603 exitu
1571 5551 1708 5620 ejus.
1753 5548 1928 5621 Lugd.
1961 5550 2103 5606 Batt.

517 5632 650 5686 "es,
674 5613 729 5689 in
756 5612 939 5689 ultimo
963 5615 1110 5668 exitu
1134 5619 1282 5689 ejus.

581 5683 644 5745 εξ
670 5683 1106 5760 fructuumque.
1134 5683 1299 5743 Iidem
1331 5691 1826 5760 mss.,prudentem.

580 5763 633 5817 3.
667 5754 1014 5824 Refereutem;
1048 5757 1127 5814 lta
1175 5766 1287 5817 tres
1334 5754 1514 5818 codd.
1542 5762 1715 5835 Lugd.
1753 5761 1920 5836 Batt.,
1947 5763 2090 5823 Coll.

2213 3986 2552 4064 Gronov.__et_
2575 3989 2665 4046 ed.
2692 3990 2922 4061 August.
2955 3990 3433 4064 scribunt,neque
3462 3991 3830 4064 aliteriscribi

2214 4058 2398 4133 debet.
2456 4058 2682 4130 Vulgata
2701 4058 2866 4133 cei-te
2912 4059 3049 4116 nihil
3084 4058 3359 4133 ineptius:
3385 4061 3480 4118 llla
3512 4063 3599 4119 sic
3639 4063 3831 4133 habet,

2216 4128 2268 4184 Η
2276 4128 2868 4204 ieronymojpresbytero
2891 4137 3160 4204 referente,
3178 4128 3358 4188 audivi
3377 4151 3455 4202 se,
3486 4146 3626 4198 etc.,
3654 4128 3831 4204 quasi,

2217 4205 2492 4277 referente
2532 4203 2878 4277 ilieronymo
2928 4203 3270 4277 presbytero,
3304 4203 3737 4262 Narbonensem
3771 4208 3830 4264 il~

2218 4272 2328 4344 lum
2357 4272 2662 4344 audivisset
2684 4272 2943 4342 Orosius,
2966 4272 3110 4330 cum'
3132 4277 3348 4344 innuat,
3382 4293 3443 4332 se
3499 4277 3833 4333 interfuisse

2218 4343 2617 4418 illi‘colloquio.
2640 4343 2870 4418 Quidam
2888 4345 3177 4418 dein_mss.
3201 4363 3268 4403 ex
3297 4343 3473 4418 Lugd.
3490 4347 3668 4415 Batt.,
3697 4360 3760 4405 ut
3781 4360 3833 4405 et

2215 4414 2355 4489 coll.
2388 4414 2630 4470 Granov.
2667 4416 2890 4489 habent,
2926 4415 3191 4489 audivisse
3215 4435 3295 4472 me
3315 4414 3517 4489 fateor,
3541 4414 3834 4477 vel'audi-

2218 4486 2350 4558 uisse
2372 4489 2565 4558 fateor,
2586 4498 2645 4558 et
2673 4487 2797 4542 dein
2831 4504 2884 4542 se
2909 4488 3096 4558 fuisse.

2373 4553 2550 4628 Esset.
2576 4556 2757 4628 Lugd.
2793 4553 2920 4612 Bal.
2948 4576 3027 4626 pr.
3057 4571 3192 4617 erat.

2290 4626 2343 4681 5.
2377 4626 2830 4703 Quodgﬂoniania
2869 4632 3072 4701 fuisset.
3100 4632 3203 4703 _De
3260 4631 3363 4688 hac
3415 4632 3833 4703 appellatione,

2254 4712 2337 4751 ua:
2366 4698 2652 4775 sollicitari
2672 4716 2776 4755 non
2801 4698 2993 4771 debet,
3024 4701 3149 4759 vide
3173 4698 3574 4775 Spatthemium
3607 4706 3666 4761 in
3690 4698 3834 4762 Orbe

2132 4806 2189 4870 υ
2216 4766 2713 4870 ’ξοητηεέξεηνλξὲιὲς

2361 4838 2425 4963 CN
2432 4838 2512 4895 on:
2529 4851 2605 4895 est
2630 4841 2943 4912 respublica.
2972 4843 3072 4900 Ed.
3120 4847 3352 4918 August.
3376 4887 3393 4915 ,
3420 4863 3531 4901 non
3554 4857 3695 4903 esset
3730 4865 3838 4903 res-

2342 4928 2357 4965 ι
2390 4928 2442 4965 a.

2214 4927 2442 4981 puouca.

2288 4984 2339 5036 7.
2398 4981 2631 5059 Elegisse
2678 5001 2733 5040 se
2809 4986 3012 5041 saltem.
3072 4985 3211 5043 Edd.
3273 4989 3498 5059 vulgg.,
3558 4991 3832 5057 salutem,

2214 5064 2417 5129 praeter
2447 5054 2683 5129 Venetas
2722 5066 2776 5129 et
2808 5059 3035 5129 August.
3079 5069 3243 5126 atque
3273 5054 3511 5129 prifn'am
3545 5054 3831 5126 omnium,

2214 5125 2266 5179 in
2296 5141 2399 5194 qua
2454 5136 2605 5181 certe
2634 5126 2868 5183 lcetione
2902 5125 3061 5183 nulla
3090 5125 3239 5184 salus
3269 5125 3412 5186 bono
3441 5134 3659 5187 sensui.
3701 5125 3832 5191 Mss.

2212 5211 2348 5265 quos
2395 5195 2608 5263 inSpexi
2633 5214 2824 5254 omnes
2868 5200 3071 5255 habent
3125 5200 3329 5256 saltem.
3390 5200 3650 5261 Floreat.
3707 5214 3833 5261 tert.

2215 5267 2424 5340 scribit,
2459 5268 2673 5340 elegisse
2698 5270 2908 5324 saltem.

2286 5336 2340 5418 _8.
2372 5335 2644 5393 Potue'rat.
2680 5340 2761 5395 Ex
2786 5342 2878 5397 ed.
2906 5340 3219 5413 Augustana
3246 5355 3525 5416 sumptum
3548 5388 3564 5414 ,
3598 5346 3838 5418 reliqua:

2211 5407 2685 5481 habent,-poterat.

2279 5479 2336 5534 9.
2360 5476 2578 5557 inhiare
2604 5482 2742 5551 paci.
2775 5483 2890 5540 Hoc
2918 5500 3135 5557 quoque
3165 5502 3231 5543 ex
3275 5501 3410 5543 mss.
3446 5496 3504 5544 et
3530 5486 3669 5543 edd.
3697 5497 3835 5545 vett.

2207 5563 2331 5619 pro,
2355 5549 2559 5622 initiare
2582 5549 2727 5622 pace.

2282 5622 2369 5677 lt).
2402 5620 2545 5700 Satis
2575 5620 3082 5700 probmsConsensu
3123 5645 3223 5686 suo
3255 5632 3327 5685 ita
3356 5646 3579 5700 qttoqne
3629 5632 3837 5687 eadem

2208 5695 2546 5764 exemplaria
2583 5697 2661 5750 sic
2693 5698 2854 5752 scribi
2882 5701 3103 5770 volunt,
3137 5718 3245 5764 non
3267 5695 3393 5757 sutis
3423 5695 3694 5777 probant.
