4076 6352
375 311 518 377 1175

1476 315 1684 374 LIBER
1724 316 1814 371 DE
1853 312 2156 374 ARBITRI]
2194 312 2607 375 LIBERTA'I‘E.

3529 315 3671 377 1174

369 438 586 499 sissime
637 435 953 503 insisteret,
1003 433 1149 506 apud
1231 433 1623 500 Barcinonem,
1694 429 1968 502 Hispania:
1995 436 2045 495 Α
2072 429 2156 500 agi
2209 436 2422 500 strages
2458 444 2531 487 ex
2588 428 2857 492 alterutro
2896 432 3261 495 Barbarorum
3317 430 3527 493 crebris
3552 443 3673 489 cer-

371 529 596 595 urbem,
630 526 757 584 dolo
804 540 1031 584 suorum
1054 565 1072 597 ,
1103 536 1162 582 ut
1197 525 1401 594 fertur,
1450 524 1666 581 occisus
1694 530 1799 579 est.
1843 521 1971 581 Post

369 622 832 697 hunc,Segericus
882 636 983 678 rex
1020 635 1051 676 a
1081 619 1272 678 Gothis
1318 628 1571 688 creatus,
1622 631 1744 675 cum
1783 613 1967 671 itidem

362 715 575 789 judicio
605 714 700 771 Dei
732 711 802 769 ad
846 726 1036 785 pacem
1068 725 1277 784 pronus
1305 719 1483 776 esset,
1515 708 1866 767 nihilominus
1914 714 1971 761 et

365 825 397 866 a
421 808 535 869 suis
566 804 888 865 interfectus
911 814 1020 865 est.
1047 804 1257 865 Deinde
1305 802 1477 859 Vallia
1506 800 1771 859 successit
1799 798 1852 855 in
1882 812 1971 857 re-

362 919 565 977 gnum,
587 901 656 961 ad
688 901 795 959 hoc
815 902 857 933 “
890 900 1098 958 electus
1136 915 1167 956 a
1192 897 1420 967 Gothis,
1453 905 1513 954 ut
1557 910 1745 969 pacem
1776 891 1969 952 infrin-

363 1004 556 1071 geret;
586 995 651 1052 ad
682 995 785 1053 hoc
811 993 1095 1053 ordinatus
1121 1008 1151 1048 a
1183 992 1326 1059 Deo.
1372 998 1432 1048 ut
1459 1004 1647 1062 pacem
1675 986 1969 1045 confirma-

366 1103 472 1148 ret.
511 1092 608 1148 Hic
647 1090 812 1162 igitur
843 1088 1065 1145 territus
1114 1085 1350 1143 maxime
1399 1082 1605 1155 judicio
1656 1081 1783 1150 Dei,
1837 1078 1965 1150 quia

363 1199 489 1241 cum
510 1197 701 1255 magna
721 1182 1005 1252 superiore
1026 1178 1226 1237 abhinc
1255 1192 1398 1234 anno
1423 1174 1732 1235 Gothorum
1749 1185 1964 1240 manus,

361 1277 629 1333 instructa
680 1273 852 1330 armis
899 1271 1269 1344 navigiisque,
1329 1269 1565 1327 transire
1613 1267 1671 1322 in
1727 1265 1964 1322 Africam

362 1364 686 1433 moliretur,
718 1363 773 1421 in
805 1362 1093 1421 duodecim
1142 1360 1383 1417 millibus
1421 1373 1680 1432 passuum
1710 1355 1963 1414 Gaditani

359 1459 486 1515 freti
528 1458 695 1534 586
739 1465 1069 1528 tempestate
1121 1462 1406 1525 correpta,
1463 1449 1762 1509 miserabili
1813 1448 1964 1507 exitu

363 1554 409 1585 "
443 1554 679 1624 perierat
706 1569 721 1606 :
750 1564 960 1608 memor
989 1548 1154 1609 etiam
1179 1547 1327 1605 illius
1346 1553 1584 1619 acceptae
1606 1543 1709 1601 sub
1747 1543 1965 1601 Alarico

358 1645 568 1714 cladis,
597 1661 718 1702 cum
773 1642 829 1700 in
874 1642 1118 1700 Siciliam
1147 1640 1311 1698 Gethi
1342 1637 1576 1696 transire
1631 1637 1846 1703 conati,
1907 1635 1962 1691 in

356 1748 654 1812 conspectu
699 1751 924 1793 suorum
954 1733 1339 1792 miserabiliter
1367 1730 1571 1803 arrepti
1630 1739 1686 1786 et
1724 1724 1961 1786 demersi

2075 525 2250 598 tisque
2276 524 2480 582 nuntiis
2527 525 2820 593 discimus,
2877 522 3149 599 pmcipue
3178 525 3409 583 Valliam
3460 523 3667 583 Gotho-

2073 630 2193 672 rum
2232 630 2418 687 regem
2448 616 2702 675 insistere
2732 617 3011 690 patrandae
3040 618 3164 690 paci
3201 616 3405 677 ferunt.
3438 615 3530 675 Εἰ·
3557 628 3667 687 quo

2073 711 2119 743 “
2162 721 2452 782 utcumque
2485 713 2885 782 concesserim,
2926 712 2973 744 ³³
2999 721 3057 769 ut
3094 712 3323 769 licenter
3360 709 3669 769 Christiana

2074 810 2320 873 tempore
2347 801 2841 873 reprehendantur,
2872 802 2919 861 si
2953 801 3086 876 quid
3114 818 3147 861 a
3171 801 3483 861 conditione
3509 815 3671 859 mun-

2071 895 2127 951 di
2183 910 2354 968 usque
2405 895 2471 952 ad
2526 911 2671 954 nunc
2714 896 2879 955 simili
2928 895 3129 957 factum
3191 895 3458 957 felicitate
3505 894 3669 973 587

2070 989 2352 1048 doceatur.
2385 990 2870 1059 Manifestavimus,
2902 1001 2959 1048 ut
2998 992 3259 1060 arbitror,
3290 999 3455 1064 atque
3480 1000 3673 1055 ostenv

2070 1083 2290 1153 dimus,
2347 1098 2457 1143 non
2516 1085 2687 1158 magis
2724 1087 2891 1142 verbo
2945 1101 3086 1156 pene
3142 1101 3305 1158 quam
3353 1085 3523 1158 digito
3579 1085 3663 1147 itt—

2070 1190 2297 1232 numera
2328 1176 2470 1237 bella
2512 1179 2715 1248 sopita,
2749 1179 3014 1250 plurimos
3040 1181 3348 1241 exstinctos
3381 1189 3663 1252 tyrannos.

2070 1282 2441 1340 compressae,
2484 1279 2903 1342 coangustatas,
2943 1272 3212 1340 addictas,
3251 1270 3672 1343 exinanitutu

2070 1361 2498 1419 immanissimas
2525 1373 2719 1434 gentes
2747 1364 2974 1421 minimo
3002 1365 3290 1437 sanguine,
3319 1365 3472 1423 nullo
3495 1372 3673 1425 certa-

2068 1457 2239 1528 mine,
2272 1471 2335 1513 ac
2374 1471 2514 1528 pene
2554 1458 2673 1515 sine
2698 1457 2868 1516 caede.
2891 1458 3158 1531 Superest
3186 1470 3245 1517 ut
3269 1459 3670 1520 obtrectatores

2069 1558 2289 1609 nostros
2337 1551 2678 1608 molitionum
2723 1566 2946 1610 suarum
2995 1552 3296 1623 pmniteat,
3345 1551 3672 1624 veritatique

2068 1644 2431 1710 erubescant;
2474 1643 2756 1716 Deumque
2796 1660 2988 1702 verum
3031 1654 3087 1700 et
3129 1644 3332 1713 solum,
3365 1644 3458 1715 qui
3487 1653 3668 1715 pateﬁt

2064 1738 2279 1808 omnia,
2314 1737 2573 1807 credant,
2622 1739 2868 1805 timeant,
2915 1737 3175 1810 diligant,
3220 1746 3278 1796 et
3313 1745 3660 1809 sequantur:

354 1845 513 1905 sunt,
554 1849 742 1904 pttcelll
792 1833 1055 1905 Optimam
1110 1844 1239 1886 cum
1293 1826 1533 1884 Honorio
1588 1824 1955 1895 imperatore,

2061 1833 2217 1904 cujus
2246 1833 2451 1900 omnia,
2480 1844 2538 1891 et
2563 1849 2689 1906 qua:
2718 1833 2857 1890 mala
2890 1844 3098 1904 putant,
3134 1831 3274 1891 bona
3304 1846 3429 1889 esse
3458 1830 3665 1891 didicev

355 1927 499 1984 datis
547 1924 862 1983 lectissimis
892 1921 1178 1980 obsidibus
1205 1919 1429 1994 pepigit.
1475 1917 1806 1985 Placidiam,
1847 1916 1949 1973 im-

353 2018 624 2089 peratoris
671 2031 949 2083 sororem,
983 2011 1289 2070 honorifice
1336 2011 1478 2082 apud
1508 2024 1567 2065 se
1617 2008 1954 2077 honesteque

352 2111 626 2180 habitam,
661 2109 816 2166 fratri
844 2107 1104 2166 reddidit.
1140 2106 1183 2138 ¹³
1221 2105 1483 2163 Romanae
1508 2104 1786 2162 securitati
1808 2103 1951 2175 peri-

349 2208 531 2263 culum
557 2222 716 2263 suum
747 2203 949 2260 obtttlit
971 2244 986 2271 ,
1026 2213 1087 2258 ut
1139 2200 1430 2259 adversum
1472 2209 1700 2257 caeteras
1728 2186 1971 2270 gentes,

348 2316 473 2373 quae
506 2316 601 2371 per
628 2299 917 2370 Hispanias
946 2296 1348 2363 consedissent,
1373 2295 1474 2349 sibi
1500 2302 1801 2365 pugnaret,
1832 2291 1877 2324 ‘i’
1896 2302 1954 2348 et

348 2395 611 2451 Rtunanis
642 2394 929 2450 vinceret:
971 2390 1223 2463 quamvis
1275 2397 1331 2446 et
1376 2389 1563 2446 caeteri
1615 2386 1947 2456 Alanorum,

351 2488 722 2543 Vandalorum
750 2487 1167 2555 Suevorumque
1213 2497 1403 2554 reges,
1446 2481 1637 2539 eodem
1672 2481 1949 2539 nobiscum

344 2583 545 2653 placito
571 2582 616 2613 ¹⁶
645 2579 858 2652 depacti
888 2578 1103 2648 forent,
1136 2575 1457 2633 mandantee
1498 2572 1820 2645 imperatori
1843 2573 1950 2629 Ilo.

343 2677 541 2730 norio:
574 2672 656 2728 Tu
679 2687 801 2729 cum
824 2671 1076 2727 omnibus
1104 2683 1294 2741 pacem
1318 2667 1460 2727 habe
1483 2711 1498 2738 ,
1530 2665 1575 2699 "
1601 2666 1950 2737 omniumque

342 2765 564 2821 obsides
589 2763 802 2835 accipe;
838 2763 878 2795 ¹⁷
909 2777 1008 2818 nos
1048 2761 1206 2819 nobis
1236 2759 1582 2832 confligimus
1601 2800 1616 2826 ,
1642 2758 1799 2817 nobis
1828 2773 1951 2829 per-

343 2859 520 2925 imus,
551 2858 595 2891 ¹⁸
651 2857 744 2913 tibi
775 2856 1081 2915 vincimus:
1110 2855 1503 2911 “immortalis
1538 2869 1665 2908 vero
1709 2862 1949 2924 quaestus

341 2951 449 3007 erit
477 2950 792 3022 reipublicae
814 2960 920 3007 tua:
942 2991 958 3018 ,
986 2950 1031 2981 ²⁰
1062 2949 1107 3003 si
1140 2948 1357 3020 utrique
1383 2961 1689 3018 pereamus.
1726 2948 1769 2979 "
1815 2947 1949 3016 Quis

340 3047 463 3102 haec
522 3044 815 3114 crederet,
867 3043 977 3103 nisi
1045 3057 1135 3101 res
1196 3041 1472 3101 doceret?
1545 3040 1731 3112 Itaque
1804 3057 1948 3099 nunc

339 3138 585 3211 quotidie
655 3136 797 3208 apud
854 3135 1146 3207 Hispanias
1193 3134 1309 3208 geri
1364 3134 1509 3191 bella
1562 3137 1835 3206 gentium.
1894 3143 1949 3193 et

2057 1938 2202 1985 runt.
2247 1927 2521 1998 Explicui,
2562 1927 2857 1998 adiuvante
2896 1925 3120 1989 Christo
3159 1925 3464 1985 secundum
3510 1934 3661 1985 tuum

2057 2030 2424 2093 praeceptum,
2468 2021 2784 2079 beatissime
2828 2028 2983 2092 pater
3020 2019 3351 2091 Augustine,
3393 2019 3462 2076 ab
3504 2018 3664 2079 initio

2056 2114 2247 2171 mundi
2277 2112 2324 2144 ”
2352 2106 2530 2183 usque
2557 2112 2611 2173 in
2637 2120 2960 2184 praesentem
2987 2111 3160 2182 diem,
3186 2112 3288 2169 hoc
3311 2122 3418 2177 est,
3444 2126 3544 2182 per
3567 2125 3663 2171 an-

2056 2221 2157 2263 nos
2187 2207 2425 2278 quinque
2467 2207 2621 2263 mille
2651 2215 2941 2263 sexcentos
2981 2215 3037 2263 et
3064 2206 3479 2278 septemdecim.
3510 2206 3664 2279 cupi-

2055 2299 2257 2355 ditates
2295 2307 2351 2354 et
2391 2298 2701 2368 punitiones
2730 2299 3011 2359 hominum
3050 2308 3430 2369 peccatorum,
3460 2298 3658 2360 confli-

2053 2396 2326 2452 ctationes
2351 2396 2562 2461 saeculi,
2593 2404 2649 2451 et
2671 2394 2874 2465 judicia
2907 2395 3025 2461 Dei,
3057 2410 3220 2467 quam
3251 2395 3575 2455 brevissime
3603 2404 3661 2456 et

2052 2501 2212 2558 quam
2247 2485 2654 2556 simplicissime
2683 2487 2731 2518 ³⁵
2763 2486 2936 2556 potui,
2960 2485 3287 2549 Christianis
3312 2493 3494 2549 tamen
3521 2497 3660 2545 tem.

2052 2580 2307 2653 poribus,
2340 2589 2565 2652 propter
2606 2589 2934 2652 praesentem
2974 2581 3144 2653 magis
3170 2580 3377 2641 Christi
3401 2582 3653 2653 gratiam,

2052 2677 2121 2733 ab
2149 2676 2243 2732 illa
2283 2674 2676 2732 incredulitatis
2704 2673 3027 2733 confusione
3050 2674 3327 2733 discretis.
3362 2676 3411 2708 "
3437 2676 3514 2733 Ita
3537 2679 3652 2748 jam

2051 2786 2151 2842 ego
2182 2781 2334 2826 certo
2364 2778 2419 2826 et
2443 2769 2566 2828 solo
2586 2785 2748 2840 quem
2771 2770 3162 2842 concupiscere
3181 2770 3370 2841 debui,
3392 2771 3651 2831 obedien—

2051 2864 2138 2921 tiae
2168 2878 2304 2920 meae
2333 2865 2509 2920 fructu
2542 2861 2711 2919 fruor.
2745 2862 2825 2920 De
2852 2863 3111 2934 qualitate
3138 2872 3324 2921 autem
3355 2866 3654 2935 opusculo-

2051 2971 2174 3011 rutn
2206 2962 2264 3011 tu
2309 2954 2533 3023 videris,
2576 2956 2668 3025 qui
2708 2955 3032 3026 praecepisti,
3069 2955 3163 3011 tibi
3195 2956 3239 2989 ⁸⁷
3266 2955 3649 3027 adjudicanda,

2051 3046 2098 3103 si
2122 3045 2254 3105 edas
2284 3066 2296 3101 :
2332 3062 2430 3119 per
2459 3057 2513 3107 te
2546 3047 2808 3117 iudicata,
2837 3047 2884 3102 si
2915 3047 3118 3104 deleas.

1621 3254 2077 3316 IIAVERCAMPI
2114 3254 2345 3315 ΝΟΤΛΕ.

414 3396 503 3449 11.
537 3391 771 3449 Electus.
808 3392 936 3448 Mss.
961 3391 1240 3464 plerique,
1268 3391 1567 3464 ordinatus.

414 3467 482 3520 12
534 3464 786 3549 Perierat.
818 3462 1239 3519 Misericorditer
1267 3462 1425 3519 nimis
1451 3463 1621 3535 Lugd.
1649 3464 1768 3521 Bat.
1801 3480 1937 3536 sec.,

339 3553 470 3610 pene
498 3549 743 3610 perierat.

414 3606 509 3664 15.
534 3607 783 3678 [laniante
825 3607 1112 3663 securitati.
1161 3606 1336 3677 Lugd.
1366 3606 1488 3663 Bal.
1513 3618 1688 3678 quart.
1734 3618 1788 3665 et
1843 3609 1944 3665 Pe-

342 3683 516 3736 rizun.
537 3722 550 3743 .
579 3677 828 3735 Rontana:
853 3679 1105 3734 societati.

417 3751 505 3806 M.
540 3749 605 3803 Et
630 3749 883 3804 Romanis
902 3751 1143 3804 vinceret.
1164 3748 1333 3820 Lugd.
1367 3748 1510 3804 Batt.
1541 3765 1622 3820 pr.
1651 3757 1707 3804 et
1737 3758 1937 3822 quart.,

345 3823 596 3877 Romanis
626 3824 867 3877 vinceret.

418 3896 506 3950 15.
542 3894 756 3962 Ueparti
786 3894 976 3965 forent.
1021 3891 1158 3949 Edd.
1191 3891 1460 3964 quaedam,
1497 3893 1764 3965 despecti;
1807 3907 1941 3951 mss.

346 3978 458 4023 tres
484 3965 658 4035 Lugd.
691 3966 832 4021 Batt.
861 4007 877 4030 ,
910 3965 1189 4035 compacti.

420 3982 458 4021 :s
484 3980 658 4091 ιιιέξα.
691 3980 832 4021 tsatt.
861 4007 877 4030 ,
910 3980 1189 4035 compactt.

420 4039 506 4092 16.
596 4039 787 4091 mnium
827 4035 1029 4089 obsides
1073 4036 1272 4104 accipe.
1306 4034 1434 4090 Mss.
1482 4036 1667 4102 iidem,
1716 4035 1945 4092 obsides-

345 4126 443 4181 que
464 4108 641 4181 accipe
662 4124 789 4181 nos,
821 4107 1005 4181 deleto
1032 4108 1279 4181 omnium.

420 4181 508 4235 17.
531 4178 641 4234 Nos
670 4178 818 4233 nobis
844 4179 1194 4249 con/ligimus,
1217 4177 1362 4232 nobis
1391 4177 1636 4246 perimus.
1666 4180 1741 4235 Ita
1763 4180 1946 4236 scribo

344 4268 467 4309 cum
491 4260 720 4322 quatuor
745 4249 919 4322 Lugd.
953 4248 1129 4322 Batts,
1161 4249 1306 4304 Flor.
1337 4263 1479 4322 sec.,
1513 4250 1763 4307 Perizon.
1795 4251 1946 4308 aliis-

345 4339 454 4395 que
506 4320 639 4377 inss.
679 4332 733 4376 et
762 4321 855 4395 ed.
899 4322 1035 4395 Aug.
1068 4320 1207 4375 Male
1261 4320 1476 4392 vulgg.,
1535 4337 1629 4377 nos
1675 4323 1945 4377 nobiscum

346 4392 707 4465 con/ligantis,
737 4392 885 4465 nobis
913 4393 1162 4465 perimus.

421 4461 522 4521 1’8.“
543 4462 658 4519 Tibi
698 4464 964 4519 vincimus.
1024 4462 1195 4535 Lugd.
1226 4461 1345 4518 Bat.
1395 4474 1572 4535 quart.
1606 4505 1621 4531 ,
1652 4464 1742 4520 tibi
1778 4467 1949 4519 einec-

347 4555 483 4592 mus.

424 4608 508 4664 19.
541 4607 858 4662 Immortalis
902 4623 1018 4662 vero
1066 4615 1297 4678 quwstus
1327 4608 1423 4661 erit
1478 4607 1775 4679 reipublicae
1820 4618 1943 4666 tuae.

348 4676 406 4733 In
458 4694 590 4736 mss.
637 4679 888 4734 omnibus
933 4676 1117 4733 inveni
1163 4679 1457 4748 scriptum,
1502 4676 1778 4733 immortali
1825 4693 1947 4733 vero

355 4803 539 4813 ———_

1964 3368 2011 3431 Ο
2042 3406 2243 3468 quaestu
2287 3395 2416 3468 erit,
2465 3404 2572 3452 etc.
2607 3394 2796 3468 :V‘unde
2849 3402 2997 3463 patet
3019 3392 3535 3468 jubereeosdem,
3589 3402 3641 3450 ut

2045 3463 2286 3534 legamus
2310 3510 2324 3535 ,
2358 3463 2644 3520 immortali
2664 3481 2781 3520 vero
2811 3465 3029 3533 quwstui
3049 3464 3146 3518 erit
3179 3463 3478 3535 reipublica:
3520 3474 3638 3520 tute.

2045 3540 2100 3595 In
2150 3534 2317 3622 codd.
2355 3552 2486 3595 vero
2516 3538 2765 3593 Peri'enn.
2799 3546 2854 3591 et
2884 3536 3057 3608 Lugd.
3112 3535 3230 3590 Bat.
3268 3545 3391 3590 tert.
3425 3534 3637 3591 deside—

2043 3620 2202 3735 “alii.
2221 3620 2531 3751 θὲἒιίιινὶᾳιιε
2554 3696 2845 3752 pereamus.
2868 3680 3045 3752 Supra
3075 3692 3193 3752 cap.
3223 3677 3294 3735 55
3323 3694 3339 3732 z
3373 3676 3457 3731 Ita
3481 3685 3529 3752 et
3555 3675 3641 3732 hic

2043 3755 2268 3807 duorum
2290 3747 2539 3822 sanguine
2554 3747 2753 3822 bellum
2782 3750 2929 3804 ciuile
2953 3747 3267 3805 Irestinctum
3314 3755 3421 3815 est,
3439 3747 3642 3822 absque

2043 3823 2153 3879 illis
2197 3819 2658 3877 decem'millibus
2708 3820 3031 3886 Gothorum,
3089 3835 3215 3887 quos
3269 3819 3566 3887 praemissos
3608 3837 3640 3874 ιι

2043 3893 2340 3950 Theodosio
2386 3894 2696 3964 Arbogastcs
2741 3891 2940 3948 delesse
2980 3889 3221 3963 funditus
3266 3889 3464 3964 fertur,
3514 3905 3642 3961 quos

2045 3967 2222 4091 ungue
2281 3961 2756 4023 erdidisse'lucrum
2775 4004 2790 4030 ,
2812 3973 2859 4019 et
2888 3961 3026 4017 uinci
3046 3966 3249 4017 vincere
3269 3961 3388 4031 fuit.

2158 4038 2206 4093 1.
2234 3984 2363 4104 guis
2400 4039 2507 4090 [nec
2528 4035 2777 4089 crederet.
2812 4034 2912 4088 Ed.
2938 4039 3167 4104 August.
3187 4074 3200 4097 ,
3251 4032 3339 4102 qui
3369 4032 3593 4086 crederet
3623 4048 3641 4097 ;

2116 4048 2206 4093 21.
2234 4048 2363 4104 ρωε
2400 4048 2507 4090 ntec
2528 4048 2777 4089 crederet.
2812 4048 2912 4088 Et].
2938 4048 3167 4117 AtlgtJSl.
3187 4074 3200 4097 ,
3251 4048 3338 4102 qui
3369 4048 3593 4086 creaeret
3623 4048 3638 4097 ;

2046 4108 2168 4165 cod.
2204 4108 2454 4162 Perizon.
2476 4147 2489 4171 ,
2519 4106 2649 4174 Quis
2676 4108 2785 4160 lucc
2812 4105 2963 4159 sciret
2988 4106 3094 4159 msi
3121 4121 3203 4159 res
3220 4104 3471 4176 docerent
3496 4104 3520 4157 ?

2117 4179 2209 4234 22.
2247 4177 2556 4244 Utcumque.
2581 4176 2830 4233 Perizon.
2853 4215 2870 4244 ,
2904 4187 3193 4248 utrumque.

2117 4251 2207 4305 ‘25.
2245 4248 2312 4305 Ut
2340 4250 2570 4305 licenter.
2604 4249 2661 4305 In
2691 4263 2821 4305 mss.
2852 4264 2934 4317 pr.
2969 4244 3138 4317 Lugd.
3170 4247 3291 4302 Bal.
3323 4255 3378 4317 ut
3406 4244 3642 4315 libenter,

2049 4322 2145 4378 sed
2175 4320 2607 4387 superscribitur
2632 4316 2863 4373 licenter.
2897 4319 2999 4373 Ed.
3030 4316 3204 4387 Aug.,
3233 4327 3290 4372 ut
3310 4316 3571 4372 decenter.

2119 4392 2211 4449 24.
2247 4387 2420 4459 Usque
2452 4391 2506 4445 in
2563 4401 2863 4461 prtesentcm
2902 4391 3057 4445 diem.
3107 4387 3244 4445 Tres
3272 4387 3444 4460 Lugd.
3476 4387 3643 4451 Batt.,

2049 4481 2211 4530 usque
2233 4464 2324 4532 ad,
2354 4472 2460 4518 etc.

2249 4534 2436 4615 {’otui.
2484 4532 2655 4615 Lugd.
2686 4532 2829 4615 3.3.11.
2865 4541 3005 4615 tres,_
3031 4540 3087 4615 ut
3116 4532 3281 4602 potui.

2123 4609 2227 4662 26.
2256 4604 2344 4679 Ita
2365 4608 2504 4679 jam.
2539 4603 2882 4679 Mss._ii_det_n,
2914 4605 3005 4658 sed
3029 4607 3168 4679 jam.

2122 4679 2213 4733 27.
2243 4672 2637 4750 Adjudicanda.
2674 4673 2774 4729 Ed.
2804 4672 3063 4744 Augustf,
3097 4672 3467 4748 dijudicanda.

1324 4831 1891 4995 PAULI
1967 4876 2641 5026 onosu,

1564 5047 1886 5112 HISPANI
1925 5046 2418 5111 PRESBYTER!

836 5197 1445 5344 LIBER
1546 5188 3165 5380 APOLOGETICUS,

1412 5412 1891 5499 CONTRA
1965 5411 2612 5497 PELAGIUM.

1272 5570 1412 5642 DE
1487 5566 2021 5640 ARBITRI!
2092 5565 2751 5657 LIBERTATE.

431 5746 673 5821 5881.
704 5744 1089 5802 Possibilitatis
1110 5761 1215 5802 non
1241 5755 1346 5816 est,
1378 5761 1559 5816 neque
1580 5749 1963 5818 praesumptio-
1989 5747 2041 5810 D
2067 5763 2205 5820 pene
2247 5757 2536 5814 extremae,
2576 5756 2635 5804 ut
2672 5746 2778 5818 ipsi
2814 5740 3133 5819 agnoscitis,
3178 5749 3530 5807 necessitatis
3565 5767 3581 5807 :
3613 5760 3679 5808 ut

363 5840 449 5899 nis
486 5854 645 5909 mea,
692 5838 992 5897 beatissimi
1043 5839 1379 5908 sacerdotes,
1420 5841 1518 5898 sed
1559 5841 1882 5901 nrctlssimre
1910 5856 1974 5900 ac
2081 5857 2182 5915 ego
2225 5857 2368 5899 nunc
2406 5841 2614 5900 videar.
2643 5842 2799 5912 Quod
2840 5841 3064 5915 quidem
3103 5853 3162 5902 ut
3191 5843 3450 5915 facerem,
3482 5847 3687 5920 injuria
