4060 6352
442 311 587 369 H75

437 433 656 482 coactus
697 435 815 480 sum
859 443 872 478 ε

438 519 603 575 etiam
633 519 876 590 perfidia:
906 519 1285 577 manifestator
1312 521 1526 578 alienae.
1562 523 1715 580 Sieut
1742 524 1883 580 enim
1911 540 2040 596 pur—

437 614 642 684 gationi
666 615 906 685 proprize
929 615 1156 672 studere
1177 615 1370 685 debeo,
1397 627 1623 690 propter
1643 619 2039 676 conscientiam

449 717 473 744 ιι
504 715 686 763 autem
716 707 840 764 dico
869 722 975 763 non
1008 723 1201 775 meam,
1235 709 1328 765 sed
1360 710 1584 766 alterius
1622 730 1633 764 :
1663 711 1736 767 ita
1762 722 1818 768 et
1847 711 2041 782 depre-

444 801 645 857 hensos
668 801 719 856 in
741 816 909 873 grege
931 803 1113 857 ovium
1137 803 1297 875 lupos
1319 813 1594 861 ostentare
1615 805 1683 862 ad
1706 806 1929 877 digitum
1950 820 2043 862 co-

442 910 563 966 gor,
583 905 806 967 propter
827 897 986 953 fidem
1011 907 1066 954 et
1084 898 1261 956 zelum
1290 918 1301 951 ε
1329 899 1506 956 zelum
1529 909 1706 957 autem
1731 914 1838 956 non
1861 915 2040 955 meum

441 987 596 1056 dico,
628 989 723 1046 sed
753 987 958 1045 Christi
989 1008 1003 1043 :
1036 991 1132 1047 sed
1161 1006 1338 1062 neque
1367 1007 1469 1064 ego
1499 1008 1622 1049 cum
1651 994 1752 1047 sim
1779 992 2043 1048 minimus

441 1080 706 1147 omnium,
736 1080 942 1152 aliquid
975 1082 1286 1139 temeritate
1317 1098 1610 1154 prtesumo.
1645 1084 1772 1139 Mihi
1805 1083 2046 1140 necessi-

442 1183 524 1228 tas
547 1182 629 1228 est
656 1173 918 1244 injuriam
945 1174 1297 1231 manifestare
1320 1191 1480 1244 quam
1509 1190 1703 1246 passus
1724 1191 1843 1231 sum
1875 1194 1886 1227 :
1911 1190 2046 1231 cun-

441 1267 545 1322 ctis
579 1274 761 1336 pateat
785 1266 878 1338 qui
911 1266 1180 1322 fecerunt.
1214 1267 1309 1323 Dei
1336 1267 1483 1324 enim
1512 1277 1567 1324 et
1594 1268 1843 1324 voluntas
1872 1275 1928 1324 et
1955 1282 2046 1322 or-

441 1357 646 1414 dinatio
676 1366 780 1427 est,
809 1369 871 1414 ut
899 1359 1101 1414 malum
1128 1361 1271 1429 quod
1303 1376 1400 1431 per
1429 1361 1743 1432 patientiam
1774 1359 2045 1416 toleraba-

442 1459 565 1518 tur,
616 1452 933 1509 necessarie
981 1453 1342 1520 proderetur,
1389 1461 1445 1510 et
1495 1469 1591 1524 per
1636 1454 2042 1508 contentionem

443 1543 646 1600 furoris
682 1559 873 1600 eorum
918 1546 1052 1616 ipsis
1092 1546 1310 1617 dignam
1352 1545 1663 1602 mercedem
1694 1546 1858 1618 589
1883 1560 2043 1615 quam

443 1638 686 1708 oportuit
725 1637 928 1693 erroris
958 1639 1040 1693 sui
1073 1639 1492 1709 recipientibus,
1526 1653 1633 1692 non
1662 1639 1836 1692 solum
1867 1638 2042 1710 pessi-

441 1744 656 1784 morum
682 1728 961 1785 denotatio
984 1729 1138 1786 fieret
1167 1729 1476 1800 dogmatum
1508 1747 1520 1782 :
1547 1729 1642 1785 sed
1673 1728 2046 1799 corripienda-

1841 310 2045 370 PAULI
2085 311 2315 369 OROSIl

918 437 1027 480 non
1065 424 1240 482 solum
1287 424 1539 482 defensor
1582 425 1705 484 fidei
1753 443 1912 498 meae,
1940 428 2036 484 sed
2065 430 2112 491 Α
2145 429 2335 500 (Ecrli.
2363 430 2694 504 xxxiv,28)?
2715 431 2834 488 Stat
2855 433 3020 491 etiam
3045 435 3471 492 immanissimus
3491 435 3746 507 superbia

3601 315 3746 376 H76

2143 522 2391 592 Goliath,
2423 525 2628 581 carnali
2670 528 2912 598 potentia
2945 527 3184 584 tumidus
3208 571 3223 596 ,
3255 529 3434 585 omnia
3463 544 3523 585 se
3555 544 3656 602 per
3685 544 3750 587 se

2146 631 2307 686 posse
2335 617 2615 675 confidens
2648 636 2660 672 :
2695 627 2876 691 caput,
2910 633 3125 691 manus,
3155 629 3333 676 totum
3374 620 3598 692 insuper
3624 637 3751 679 cor-

2144 726 2247 781 pus
2272 710 2509 782 plurimo
2533 719 2800 785 apparatu
2828 713 3074 781 vestitus,
3104 713 3315 770 habens
3347 715 3511 788 590
3537 723 3663 786 post
3687 730 3749 773 se

2143 802 2470 874 armigerum
2502 818 2660 860 suum
2688 823 2700 857 :
2727 806 2818 877 qui
2854 805 2956 862 etsi
2992 806 3108 877 ipse
3139 822 3246 864 non
3274 806 3520 877 dimicat,
3550 816 3751 864 cuncta

2144 903 2322 951 tamen
2363 898 2490 952 teris
2527 905 2583 954 et
2625 896 2757 954 ferri
2801 898 3057 971 suffragia
3098 901 3502 957 subministrat.
3535 900 3604 956 Et
3632 915 3747 958 non

2145 991 2340 1046 mirum
2382 1000 2488 1060 est,
2537 991 2583 1047 si
2625 1003 3006 1064 competenter
3047 993 3190 1052 hunc
3230 996 3409 1054 locum
3451 997 3753 1068 providens

2145 1082 2426 1156 Scriptura
2470 1089 2786 1157 pronuntiat
2816 1108 2828 1143 :
2861 1089 2952 1146 ubi
2978 1091 3091 1157 ait,
3121 1090 3408 1164 Philistiim
3432 1093 3638 1147 stabant
3662 1111 3752 1148 sn-

2146 1193 2238 1249 per
2269 1186 2495 1232 montem
2523 1196 2586 1236 ea:
2612 1180 2710 1234 hac
2737 1191 2884 1253 parte
2909 1181 2954 1256 (Ι
2978 1182 3106 1255 Reg.
3135 1199 3266 1252 xv",
3289 1185 3369 1255 5).
3396 1184 3478 1240 Ab
3501 1184 3750 1242 Ecclesia

2147 1267 2728 1339 siquidem,hzereseos
2756 1273 3102 1345 impugnator
3131 1276 3443 1346 expellitur,
3466 1288 3523 1332 et
3551 1277 3751 1333 nutriri

2149 1365 2200 1420 in
2227 1367 2347 1420 sinu
2377 1365 2640 1423 Ecclesia:
2663 1368 2954 1424 hmreticus
2980 1369 3254 1426 invenitur
3280 1387 3294 1425 :
3318 1379 3374 1426 et
3398 1383 3624 1443 propter
3646 1373 3753 1431 hoc

2147 1471 2247 1528 per
2271 1456 2532 1528 Spiritum
2564 1467 2812 1515 sanctum
2837 1461 2960 1516 inde
2985 1459 3160 1516 Israel
3184 1470 3321 1518 stare
3348 1467 3747 1536 pronuntiatur,

2148 1548 2268 1605 hinc
2292 1551 2476 1608 hostis.
2509 1553 2573 1607 Et
2605 1552 2709 1609 hoc
2737 1569 2902 1626 sape.
2929 1554 3062 1610 Nam
3090 1563 3147 1611 et
3167 1571 3263 1612 rex
3287 1557 3460 1613 David
3485 1573 3662 1630 usque
3682 1559 3750 1616 ad

2148 1645 2372 1715 impium
2408 1645 2573 1702 (ilium
2606 1648 2730 1720 pius
2756 1659 2913 1719 pater
2939 1650 3005 1705 ab
3029 1648 3369 1706 Hierusalem
3389 1651 3644 1722 deposito
3667 1667 3754 1708 re-

2147 1740 2231 1808 gis
2270 1738 2459 1795 habitu
2503 1740 2714 1812 fugatur
2747 1761 2759 1794 :
2794 1741 2880 1798 ubi
2925 1743 3176 1812 protinus
3202 1744 3442 1800 Absalon
3486 1756 3752 1818 tyrannus

435 1839 559 1878 rum
601 1824 974 1880 manifestatio
1006 1840 1393 1895 personarum.
1443 1825 1637 1881 Patres
1674 1825 1820 1881 enim
1853 1835 1908 1880 et
1949 1826 2039 1896 qui
2071 1817 2116 1876 Β
2148 1829 2470 1900 ingreditur.
2513 1832 2632 1888 Stat
2669 1848 2802 1905 ergo
2842 1834 3094 1904 Goliath,
3138 1835 3274 1906 proh
3316 1835 3474 1892 dolor
3499 1817 3605 1894 lex
3651 1838 3753 1894 hac

439 1922 552 1991 jam
596 1925 926 1994 quieverunt
962 1931 1228 1996 martyres
1269 1930 1326 1979 et
1359 1923 1680 1992 concordes,
1712 1925 2039 1996 Cyprianus,

442 2015 678 2071 Hilarius
707 2025 762 2071 et
789 2017 1132 2086 Ambrosius,
1169 2027 1222 2072 et
1263 2019 1456 2088 quibus
1499 2020 1668 2074 etiam
1717 2034 1863 2074 nunc
1912 2034 2038 2090 per—
2080 2050 2086 2058 ’

447 2125 674 2166 manere
718 2110 896 2166 adhuc
935 2113 988 2166 in
1034 2127 1200 2167 carne
1249 2113 1617 2168 necessarium
1663 2122 1767 2181 est,
1797 2113 1886 2184 qui
1917 2121 2047 2168 sunt

443 2203 714 2258 columna:
736 2213 791 2256 et
809 2202 1152 2258 firmamenta
1177 2204 1434 2258 Ecclesia:
1455 2204 1756 2271 catholicae,
1792 2205 2046 2260 Aurelius

446 2295 783 2364 Augustinus
805 2303 861 2349 et
881 2295 1260 2368 Hieronymus,
1291 2297 1456 2351 multa
1481 2297 1593 2367 jam
1621 2297 1884 2352 adversus
1908 2297 2046 2353 hanc

445 2386 711 2442 nefariam
753 2388 1004 2444 haeresim
1032 2431 1047 2454 ,
1093 2389 1298 2460 absque
1343 2391 1717 2461 designatione
1762 2391 2044 2447 nominum

447 2479 858 2546 haereticorum,
876 2481 1091 2552 scriptis
1114 2483 1515 2553 probatissimis
1533 2483 1820 2539 ediderunt
1837 2502 1849 2536 :
1865 2499 2048 2556 qnam-

445 2587 607 2644 quam
631 2583 688 2629 et
714 2573 830 2628 haec
851 2576 1401 2632 venenatissimorum
1427 2576 1743 2648 dogmatum
1767 2578 2048 2634 abomina-

448 2670 524 2723 tio
554 2667 716 2724 habet
740 2671 904 2724 etiam
937 2685 1082 2725 nunc
1108 2670 1357 2726 viventes
1386 2680 1656 2740 mortuos,
1689 2681 2046 2742 mortuosque

447 2763 714 2819 viventes.
749 2762 881 2818 Nam
913 2764 1176 2834 Origenes
1205 2773 1260 2820 et
1293 2765 1693 2834 Priscillianus,
1723 2775 1779 2821 et
1805 2765 2049 2822 Jovinia-

447 2870 570 2923 nus,
602 2856 733 2910 olim
763 2857 905 2927 apud
939 2871 996 2913 se
1025 2857 1248 2926 mortui,
1279 2855 1332 2915 in
1362 2858 1444 2914 his
1477 2861 1664 2914 vivunt
1697 2879 1708 2913 :
1744 2868 1800 2916 et
1823 2877 1929 2916 non
1959 2876 2049 2918 so-

444 2948 556 3002 lum
587 2948 797 3012 vivunt,
828 2965 1016 3004 verum
1046 2949 1210 3005 etiam
1242 2951 1536 3020 loquuntur
1568 2970 1580 3005 :
1614 2968 1757 3008 nunc
1783 2968 1915 3009 vero
1943 2953 2046 3010 Pe-

446 3041 639 3112 lagius,
671 3051 725 3098 et
750 3039 1063 3112 Caelestius,
1096 3043 1142 3098 si
1169 3043 1221 3097 in
1254 3041 1337 3098 his
1364 3047 1836 3115 perseveraverint
1861 3047 2048 3102 viven-

449 3144 530 3189 tes
555 3136 776 3199 mortui,
811 3151 941 3191 eccc
972 3135 1232 3192 adversus
1258 3137 1586 3206 Ecclesium,
1611 3138 1752 3209 quod
1785 3140 2044 3196 miserum

2150 1933 2324 1994 parte,
2355 1925 2408 1979 id
2440 1936 2544 1995 est,
2577 1927 2629 1981 in
2661 1927 2922 1996 Ecclesia,
2959 1937 3012 1983 et
3050 1943 3158 1983 non
3188 1929 3364 1984 solum
3397 1934 3527 1997 stat,
3554 1945 3746 1986 verum

2148 2027 2203 2073 et
2232 2027 2488 2086 provocat
2520 2037 2531 2071 ε
2562 2019 2830 2090 simulque
2854 2035 2949 2090 per
2970 2019 3088 2077 dies
3111 2021 3373 2092 plurimos
3397 2031 3652 2079 sanetum
3676 2023 3752 2078 ls-

2149 2110 2261 2164 rael
2292 2110 2560 2166 manifesti
2605 2111 2815 2167 timoris
2853 2113 3172 2184 exprobrat.

2222 2203 2275 2259 5.
2301 2201 2401 2271 Ne,
2425 2217 2636 2272 qumso,
2663 2203 2964 2260 beatissimi
2993 2205 3328 2276 sacerdotes,
3353 2205 3642 2277 quisquam
3665 2221 3751 2262 me

2149 2295 2445 2350 arbitretur
2473 2295 2576 2350 sub
2617 2306 2883 2365 praetextu
2922 2296 3126 2368 speciei
3162 2296 3405 2363 Goliath,
3437 2297 3611 2354 David
3651 2313 3748 2354 no-

2151 2387 2299 2442 mine
2339 2386 2582 2456 gloriari,
2613 2402 2709 2444 vos
2755 2405 2840 2443 mc
2881 2389 3204 2460 participem
3239 2391 3559 2445 certaminis
3587 2391 3750 2446 vestri

2148 2492 2271 2534 esse
2291 2479 2562 2547 voluistis,
2597 2488 2656 2536 ut
2697 2481 3008 2550 auxiliator,
3038 2496 3144 2536 non
3184 2491 3376 2538 auctor
3404 2483 3744 2540 accederem.

2151 2570 2410 2628 Latebam
2461 2573 2727 2645 siquidem
2776 2575 2828 2629 in
2877 2574 3492 2646 Bethlehem,ignotus,
3516 2575 3746 2645 advena,

2151 2681 2376 2736 pauper.
2404 2665 2542 2735 Quid
2584 2667 2751 2723 miser
2781 2681 2883 2738 ego
2921 2668 3002 2723 sic
3045 2667 3257 2739 loquor,
3289 2669 3488 2724 iterum
3519 2667 3747 2726 forsitan

2145 2758 2426 2828 iactantia:
2453 2757 2764 2814 notandus?
2783 2758 3052 2827 Quoniam
3083 2759 3301 2829 quidem
3327 2768 3383 2815 et
3412 2759 3530 2830 ipse
3557 2760 3746 2829 David,

2149 2862 2205 2906 et
2229 2850 2352 2907 talis
2375 2861 2430 2908 et
2451 2851 2576 2907 inde
2600 2853 2882 2923 processit.
2898 2852 3159 2909 Latebam
3173 2867 3305 2925 ergo
3325 2853 3380 2908 in
3405 2854 3745 2922 Bcthlehem,

2153 2943 2386 3000 traditus
2432 2959 2462 3000 a
2500 2955 2656 3016 patre
2684 2946 3010 3017 Augustino,
3045 2954 3106 3001 ut
3134 2946 3388 3002 timorem
3418 2947 3640 3002 Domini
3671 2947 3751 3003 di-

2149 3052 2386 3106 scerem,
2413 3038 2610 3096 sedens
2638 3039 2704 3095 ad
2739 3038 2906 3109 pedes
2934 3039 3250 3112 Hieronymi
3286 3058 3298 3094 :
3333 3039 3462 3096 inde
3491 3039 3750 3096 Hierusa-

2151 3131 2256 3187 lem
2291 3133 2446 3188 vobis
2486 3133 2896 3190 accersentibus
2933 3142 3157 3188 vocatus
3195 3132 3412 3190 adveni.
3445 3133 3657 3190 Dehinc
3696 3135 3746 3190 in

451 3236 554 3292 est,
589 3237 644 3283 et
686 3229 829 3300 quod
870 3229 1044 3285 multo
1083 3231 1341 3286 miserius
1371 3241 1475 3298 est,
1508 3233 1559 3287 in
1588 3233 1836 3289 Ecclesia
1868 3234 2046 3304 palam
2075 3209 2123 3274 (ἶ
2153 3237 2482 3282 conventum
2513 3236 2750 3282 vestrum
2786 3241 2892 3281 una
2923 3226 3222 3292 vobiscum.
3253 3225 3463 3282 Joanne
3491 3227 3747 3298 episcopo

452 3320 697 3388 sibilaut,
733 3321 994 3392 impiique
1023 3332 1309 3393 serpentes
1340 3324 1680 3381 vibrantibus
1706 3325 1901 3383 infecta
1934 3329 2073 3384 lin--

448 3413 571 3483 guis
599 3429 699 3468 ora
729 3414 1034 3471 lambentes
1059 3458 1074 3484 ,
1107 3416 1236 3471 dum
1267 3426 1512 3473 sanctam
1544 3429 1597 3475 et
1629 3421 2047 3478 munitissimam

447 3506 662 3575 sedem,
692 3507 780 3562 cui
810 3508 1082 3564 subtiliter
1109 3508 1407 3580 irrepscre,
1431 3511 1706 3578 obsident,
1732 3522 1955 3570 cunctos
1986 3516 2050 3570 li-

447 3599 623 3668 deles,
654 3615 722 3656 ne
747 3600 816 3657 ad
848 3601 980 3658 illud
1012 3601 1380 3659 firmissimum
1411 3603 1683 3675 quondam
1711 3605 1762 3660 in
1792 3606 1923 3663 Sion
1956 3623 2046 3664 re-

448 3693 652 3765 fugium
680 3695 1055 3763 convolemus,
1085 3706 1386 3752 exterrent.

517 3785 575 3842 9..
618 3784 821 3842 Contra
864 3786 1013 3844 hunc
1049 3798 1385 3858 serpentem,
1416 3789 1882 3863 suil‘ocantemque
1911 3792 2049 3848 Itali-

448 3889 585 3947 tum,
621 3883 788 3938 multa
817 3883 1001 3953 utique
1032 3883 1336 3940 beatissimi
1367 3900 1502 3954 quos
1529 3900 1691 3958 supra
1722 3889 2048 3944 memoravi-

447 3991 569 4032 mus
613 3975 746 4043 viri,
804 3986 859 4032 et
901 3977 1192 4034 multifaria
1236 3981 1609 4036 suaveolentia
1641 3980 2044 4053 Scripturarum

445 4080 724 4141 unguenta
766 4071 1063 4127 conficiunt
1109 4090 1121 4125 :
1167 4081 1222 4128 et
1255 4073 1322 4130 ad
1361 4072 1652 4130 reficienda
1698 4077 2044 4132 metuentium

445 4162 609 4218 corda
651 4163 1003 4232 populorum,
1047 4163 1540 4233 fragrantissimum
1583 4165 1878 4239 thymiama
1921 4184 2043 4225 cum

447 4255 726 4311 oblatione
763 4256 1025 4310 orationis
1067 4255 1386 4312 incendunt.
1416 4257 1520 4315 Sed
1568 4257 1671 4313 hoc
1703 4273 1891 4327 parum
1937 4268 2040 4327 est,

445 4349 660 4404 incerto
689 4346 1087 4418 propemodum
1111 4356 1336 4404 auctore
1367 4349 1725 4414 contendere,
1754 4359 1809 4405 et
1829 4359 2047 4406 contra-

448 4440 528 4495 ria
559 4440 943 4495 snbstituendo
965 4441 1286 4508 contrariis,
1315 4441 1572 4497 infectum
1603 4443 1857 4511 pestifero
1880 4445 2045 4499 halitu

446 4547 633 4587 aerem
663 4543 970 4601 temperare
999 4551 1010 4584 :
1045 4534 1146 4588 nisi
1179 4533 1280 4603 ipsi
1308 4534 1359 4586 in
1387 4533 1624 4590 medium
1656 4537 2046 4605 protrahantur

2154 3318 2530 3390 prtecipieute,
2561 3321 2805 3376 consedi.
2841 3319 2990 3375 Illico
3020 3335 3048 3373 a
3081 3320 3377 3390 pusillitate
3411 3335 3532 3376 mea
3564 3330 3747 3392 postu-

2151 3414 2304 3470 lastis
2345 3414 2610 3477 univcrsi,
2642 3423 2702 3469 ut
2744 3415 2789 3469 si
2833 3414 2963 3485 quid
3009 3427 3177 3485 super
3206 3413 3306 3470 hac
3333 3413 3558 3480 haeresi,
3587 3428 3746 3485 quam

2151 3508 2403 3578 Pelagius
2442 3518 2495 3564 et
2516 3507 2807 3565 Caelestius
2836 3507 3198 3575 seminarunt,
3231 3506 3284 3561 in
3315 3503 3503 3561 Africa
3533 3517 3744 3576 gestum

2150 3618 2274 3659 esse
2300 3617 2714 3673 cognoscerem,
2741 3601 2984 3658 fideliter
3003 3615 3067 3656 ac
3087 3600 3408 3672 simpliciter
3428 3600 3744 3657 indicarem.

2149 3694 2394 3765 Exposui
2417 3709 2634 3750 coronzc
2650 3705 2849 3750 vestra:
2871 3693 3133 3760 breviter,
3157 3703 3216 3748 ut
3237 3693 3409 3764 potui,
3429 3690 3744 3749 leestium

2143 3788 2257 3858 jam
2289 3787 2355 3842 ad
2385 3788 2648 3842 honorem
2681 3785 2986 3858 presbyteri
3016 3786 3423 3856 subrepentem,
3449 3785 3594 3857 apud
3621 3782 3744 3840 Car-

2150 3881 2422 3950 thaginem
2463 3880 2714 3953 plurimis
2751 3879 3020 3950 episcopis
3049 3879 3417 3950 iudicantibus
3448 3877 3744 3948 proditum,

2148 3973 2414 4040 auditum,
2455 3972 2782 4037 convictum,
2825 3972 3152 4039 confessum,
3197 3970 3641 4041 detestatumque
3680 3970 3748 4024 ab

2150 4067 2420 4135 Ecclesia,
2449 4082 2516 4122 ex
2553 4066 2736 4122 Africa
2779 4064 3083 4137 profugisse
3117 4081 3132 4117 :
3165 4073 3356 4119 contra
3385 4063 3585 4119 librum
3616 4079 3748 4119 vero

2149 4163 2351 4233 Pelagii
2387 4162 2605 4217 beatum
2630 4162 3015 4233 Augustinum,
3044 4157 3328 4229 discipulis
3350 4158 3524 4229 ipsius
3549 4157 3746 4225 Pelagii

2149 4254 2506 4326 prodentibus
2544 4269 2607 4309 ac
2652 4253 2979 4324 petentibus,
3024 4252 3342 4324 plenissime
3387 4253 3742 4322 respondere,

2149 4356 2371 4406 exstare
2400 4347 2560 4403 etiam
2595 4346 2646 4401 in
2678 4345 2928 4401 manibus
2955 4346 3091 4401 meis
3118 4344 3409 4416 epistolam
3438 4359 3606 4414 supra
3639 4359 3747 4398 me-

2149 4442 2346 4496 morati
2370 4439 2632 4509 episcopi,
2664 4453 2825 4510 qnam
2855 4453 3026 4508 nuper
3048 4438 3114 4492 ad
3144 4437 3387 4494 Siciliam
3415 4437 3744 4500 ordinasset,

2149 4533 2203 4588 in
2225 4549 2329 4603 qua
2352 4533 2549 4587 multas
2570 4533 2901 4602 qumstiones
2931 4530 3310 4586 hmretieorum
3342 4529 3546 4585 retulit.
3571 4529 3746 4598 Quam

447 4595 913 4697 proteranturque
953 4595 1258 4693 serpentes.
1303 4626 1426 4695 Qui,
1471 4641 1593 4682 cum
1646 4595 1831 4684 tuendi
1874 4630 2044 4686 solius
2075 4595 2126 4657 Β
2150 4627 2313 4682 etiam
2360 4624 2558 4680 ibidem
2591 4631 2651 4678 ut
2689 4623 2950 4694 legerem,
2988 4621 3325 4693 przecepistis
3360 4639 3371 4673 :
3404 4629 3458 4676 et
3487 4620 3621 4691 legi.
3665 4619 3746 4675 Ad

445 4719 640 4790 capitis
665 4733 852 4787 causa,
878 4719 1147 4790 reliquum
1171 4721 1472 4776 concisioni
1499 4732 1662 4794 atque
1691 4723 1902 4793 injuria:
1924 4740 2045 4782 cor-

446 4827 550 4885 pus
587 4821 894 4883 exponunt,
945 4813 1082 4870 nihil
1114 4813 1298 4870 damni
1341 4816 1691 4886 arbitrantes,
1727 4833 1790 4874 ea
1833 4827 2040 4875 tantum

448 4905 534 4961 sui
576 4911 732 4976 parte
776 4920 807 4960 a
847 4905 1094 4976 periculo
1117 4906 1310 4975 libera,
1347 4923 1468 4978 quae
1498 4910 1850 4966 multimodas
1881 4927 2045 4969 vene-

445 5008 712 5072 natasque
734 4999 787 5056 in
809 5015 870 5056 se
894 4999 1106 5056 obtinet
1130 5001 1359 5072 linguas,
1387 5002 1433 5057 si
1457 5004 1619 5058 etiam
1648 5005 1908 5062 membris
1929 5023 2044 5062 om-

447 5091 609 5146 nibus
651 5101 1020 5161 amputentur,
1055 5092 1212 5148 nohis
1255 5092 1519 5150 sufficere
1558 5096 1792 5164 videtur,
1838 5110 2042 5170 tempe-

444 5181 620 5237 rando
662 5182 854 5238 saltem
897 5183 1081 5252 putori
1112 5183 1450 5255 satisfacere,
1484 5186 1632 5256 ipsos
1671 5198 1851 5245 autem
1891 5206 1917 5243 a
1952 5207 2044 5261 pe-

444 5275 748 5331 netralibus
779 5291 887 5332 non
919 5291 1176 5343 movere,
1209 5277 1363 5348 quasi
1400 5280 1540 5335 ullus
1572 5281 1936 5339 exhalatiouis
1964 5283 2045 5341 fe-

446 5367 574 5423 tida:
618 5367 741 5423 finis
771 5369 863 5432 sit,
894 5368 998 5424 nisi
1027 5378 1252 5425 auctore
1278 5369 1434 5426 finito
1469 5389 1482 5424 :
1516 5383 1568 5426 ct
1599 5373 1742 5429 inter
1769 5374 1886 5431 haec
1913 5376 2042 5431 illud

445 5461 754 5517 Salomonis
782 5463 1151 5520 testimonium
1194 5479 1336 5519 nunc
1364 5466 1612 5520 occurrit
1645 5483 1660 5523 :
1698 5466 1843 5522 Unus
1871 5469 2040 5540 nidiﬁ-

442 5570 601 5623 cans,
641 5555 778 5610 alius
805 5556 1108 5625 destruens,
1138 5557 1254 5628 qui:
1291 5572 1472 5614 eorum
1502 5559 1737 5629 proﬁciet
1763 5561 1866 5615 nisi
1895 5559 2042 5616 labor

2147 4721 2264 4775 haec
2293 4717 2533 4775 Joannes
2559 4718 2872 4788 episcopus,
2901 4725 2958 4771 ut
2988 4715 3238 4785 Pelagius
3259 4728 3445 4769 coram
3471 4711 3746 4768 intromit-

2148 4824 2384 4880 teretur,
2427 4811 2673 4883 expetiit.
2705 4809 2806 4866 Cui
2847 4819 2900 4865 et
2939 4816 3162 4879 propter
3201 4806 3545 4878 paternitatis
3577 4806 3745 4876 ipsius

2143 4908 2600 4971 reverentiam,et
2622 4911 2844 4974 pr0pter
2864 4901 3093 4958 actionis
3116 4900 3424 4968 utilitatem,
3442 4899 3604 4971 591
3618 4897 3744 4954 dum

2146 5009 2473 5072 prmscntem
2507 4996 2574 5052 ab
2605 4996 2866 5068 episcopo
2891 4993 3093 5050 rectius
3116 4991 3416 5048 crederetis
3443 4990 3742 5046 confutan-

2150 5093 2303 5158 dunt,
2338 5089 2731 5146 intromittendi
2758 5088 3109 5143 conniventia
3139 5084 3383 5157 prtestita
3406 5092 3512 5139 est.

2220 5188 2274 5241 4.
2307 5184 2684 5241 lntromisstnn
2707 5181 2983 5251 Pelagium
3033 5178 3367 5234 unanimiter
3412 5192 3608 5234 omnes
3666 5179 3744 5233 in-

2146 5275 2470 5348 terrogastis
2506 5294 2519 5332 :
2556 5294 2575 5328 c
2617 5277 2696 5329 An
2728 5275 2845 5329 haec
2873 5272 3070 5344 quibus
3092 5270 3427 5342 Augustinus
3451 5269 3741 5341 episcopus

2147 5369 2523 5440 respondisset
2574 5384 2632 5423 se
2662 5366 2920 5422 docuisse
2953 5372 3328 5436 cognosceret.
3371 5381 3390 5416 ι
3448 5362 3605 5419 lllico
3653 5364 3740 5418 ille

2145 5462 2429 5534 respondit
2456 5479 2466 5515 :
2504 5479 2523 5514 ‹
2561 5460 2627 5516 Et
2655 5459 2780 5531 quis
2803 5470 2888 5516 est
2920 5456 3472 5528 miltiAugustinush
3494 5455 3738 5527 Cumque

2144 5555 2392 5615 universi
2414 5554 2788 5611 acclamarcnt
2817 5569 2831 5608 :
2874 5570 2894 5606 ι
2929 5550 3404 5622 blaSphemantem
3443 5550 3498 5604 in
3532 5549 3736 5620 episco-

1733 5695 2185 5754 HAVERCAMPI
2221 5693 2450 5752 ΝΟΤᾹΞ.

509 5819 534 5849 ει
555 5809 802 5868 Andrtea:
820 5807 1030 5868 Schotti
1053 5808 1341 5869 lectionem
1366 5809 1684 5883 praeferens,
1709 5809 2216 5878 Gallaudiushabet,
2242 5816 2451 5881 propter
2475 5804 2884 5870 conscientiam;
2904 5800 3267 5861 conscientiam
3285 5807 3456 5856 autem
3478 5799 3722 5869 dico,etc.
