4076 6352
301 341 435 402 1177

1373 330 1581 388 LIBER
1619 329 1710 387 DE
1749 325 2052 386 ARBITRI]
2095 324 2511 384 LIBERTATE.

3453 321 3594 380 H78

298 473 450 530 pum,
483 470 550 511 ex
581 454 740 523 cujus
769 466 868 509 ore
899 449 1163 506 Domintts
1191 446 1460 505 universae
1489 447 1689 504 Africa:
1712 447 1894 502 unita-
1923 449 1970 511 Α
2002 444 2159 512 tiant,
2191 459 2311 500 cunt
2341 455 2526 514 patres
2558 442 2752 500 audias
2774 439 2904 515 quid
2931 440 3232 500 decernant
3253 443 3278 499 ?
3299 462 3318 496 ›

300 553 370 608 tis
394 548 682 605 indulserit
701 547 1016 613 sanitatem,
1045 559 1152 600 non
1176 545 1351 600 solunt
1375 558 1404 598 a
1450 550 1723 598 conventu
1756 541 1854 596 illo
1879 581 1895 608 ,

301 661 494 704 verum
548 645 617 700 ab
645 642 795 700 omni
847 640 1089 697 Ecclesia
1143 637 1508 711 pellendum;
1547 657 1566 690 ι
1611 637 1899 708 episcopus

296 742 539 799 Joannes
571 738 726 794 illico
758 751 887 792 eum
909 778 924 804 ,
953 735 1231 790 hominem
1268 731 1526 788 videlicet
1566 730 1762 787 laieum
1790 771 1807 798 ,
1842 729 1898 786 in

297 849 562 893 consessu
581 829 1024 905 presbyterorum
1042 843 1197 884 reuttt
1228 827 1520 895 litereseos,
1543 809 1826 879 manifeste
1843 824 1897 880 in

297 931 493 990 medio
510 926 908 986 catholicorum
941 924 1136 981 sedere
1159 922 1516 995 prtecepit;et
1544 918 1748 976 deinde
1769 919 1846 972 ait
1881 937 1893 972 :

305 1044 326 1080 ι
361 1021 694 1094 Augustinus
721 1034 822 1090 ego
851 1033 968 1075 sum
995 1057 1012 1084 ,
1047 1036 1066 1069 ι
1101 1025 1164 1071 ιιι
1192 1015 1404 1072 scilicet
1454 1026 1684 1084 persona
1740 1011 1897 1084 quasi

310 1113 600 1190 praesentis
624 1121 926 1183 assumpta,
956 1105 1184 1166 liberius
1207 1123 1274 1165 ex
1304 1107 1628 1162 auctoritate
1657 1111 1775 1175 ejus
1804 1106 1900 1176 qui

299 1208 602 1266 lmdebatur
629 1206 956 1277 ignosceret,
980 1213 1036 1259 et
1057 1201 1359 1258 dolentium
1392 1201 1602 1256 animos
1627 1211 1899 1269 tempera-

295 1312 404 1360 ret.
433 1300 533 1358 Cui
558 1313 685 1355 mox
719 1313 748 1352 a
777 1297 934 1353 nobis
965 1296 1172 1352 dictum
1222 1304 1307 1350 est
1349 1312 1373 1365 :_
1424 1311 1442 1346 t
1504 1292 1560 1347 Si
1609 1289 1896 1362 Augustini

295 1407 589 1466 personam
613 1388 1136 1460 sutnis,Augustini
1190 1386 1522 1444 sententiam
1581 1399 1836 1456 sequere.
1870 1402 1890 1435 ι

293 1487 450 1544 Tunc
482 1486 624 1542 idem
657 1485 948 1556 episcopus
1001 1483 1158 1538 nobis
1187 1480 1445 1537 omnibus
1497 1477 1572 1532 ait
1624 1494 1637 1531 :
1697 1495 1716 1527 ι
1768 1475 1896 1530 [lare

288 1595 417 1651 quae
447 1579 723 1650 leguntur,
758 1575 814 1632 in
841 1576 980 1632 alios
1011 1575 1156 1630 dicta
1191 1581 1317 1628 sttnt
1345 1617 1360 1642 ,
1414 1580 1509 1627 aut
1551 1569 1620 1626 de
1673 1568 1894 1638 Pelagio

292 1668 702 1743 suggerettdunt
728 1667 928 1739 putas?
955 1667 1010 1724 Si
1055 1667 1108 1722 in
1148 1665 1324 1736 ipsum
1377 1672 1564 1720 autem
1617 1659 1893 1732 Pelagium

291 1763 426 1836 quid
455 1763 649 1818 dicatis
681 1762 1012 1832 expromite.
1053 1777 1072 1812 ι
1109 1758 1220 1829 Ego
1247 1765 1429 1812 autem
1461 1755 1616 1810 vobis
1647 1767 1894 1808 annuen-

294 1858 442 1914 tibus
471 1854 583 1911 dixi
617 1873 629 1908 ε
659 1854 907 1925 Pelagius
931 1851 1062 1908 mihi
1091 1851 1249 1918 dixit,
1281 1851 1480 1904 docere
1503 1863 1586 1913 se,
1617 1847 1892 1903 hominem
1925 1852 1972 1912 Β
1999 1845 2140 1902 rium
2171 1845 2290 1902 Dei.
2325 1845 2442 1916 Ego
2472 1854 2623 1901 certe
2655 1860 2762 1900 non
2798 1858 2938 1916 nego
2985 1859 3002 1900 :

293 1964 460 2021 posse
489 1962 612 2005 esse
634 1946 754 2003 sine
785 1955 1031 2017 peccato,
1053 1954 1106 2001 et
1125 1942 1376 1999 mandata
1403 1941 1498 1997 Dei
1528 1939 1692 1995 facile
1708 1949 1892 1995 custo-

292 2040 442 2108 dire,
471 2040 519 2096 si
543 2039 699 2096 velit.
728 2058 748 2092 ›
783 2037 1090 2109 Respondit
1119 2036 1390 2107 Pelagius,
1425 2033 1776 2089 audientibus
1799 2047 1892 2086 vo-

294 2132 382 2190 bis
416 2151 426 2186 :
467 2151 486 2186 (
528 2131 638 2188 lloc
663 2139 718 2188 et
739 2129 942 2186 dixisse
969 2144 1058 2186 me
1080 2138 1135 2184 et
1165 2128 1370 2193 dicere,
1400 2140 1604 2196 negare
1632 2141 1739 2180 non
1770 2138 1894 2194 pos-

291 2242 439 2284 sum.
475 2246 494 2280 t
529 2225 644 2297 Ego
668 2225 813 2280 illico
842 2231 1161 2296 prosecutus
1188 2237 1338 2277 sum:
1372 2239 1392 2274 t
1423 2221 1537 2276 lloe
1561 2223 1611 2275 itt
1633 2217 1892 2275 leestio

289 2322 552 2380 Africana
584 2319 825 2394 synodus
850 2321 1120 2376 detestata
1144 2326 1257 2382 est;
1291 2315 1395 2372 hoc
1417 2315 1748 2386 Augustinus
1774 2313 1891 2384 epi-

290 2428 491 2485 scopus
519 2412 738 2485 scriptis
768 2412 885 2467 suis
912 2453 927 2479 ,
959 2411 1098 2466 sicut
1126 2409 1392 2474 audistis,
1427 2409 1738 2472 exhorruit;
1791 2408 1891 2462 hoc

290 2504 350 2562 in
382 2505 550 2576 ipsius
577 2520 722 2561 nunc
746 2502 946 2574 Pelagii
966 2501 1189 2574 scriptis
1216 2515 1312 2557 sua
1353 2499 1707 2570 rcSponsione
1756 2513 1891 2554 con-

291 2601 548 2665 demnat;
582 2602 684 2657 hoc
711 2609 767 2656 et
797 2601 986 2656 beatus
1017 2599 1404 2671 llieronymus,
1423 2595 1577 2665 cujus
1608 2594 1888 2665 eloquium

291 2696 585 2751 universus
612 2694 900 2760 Occidens,
934 2693 1078 2748 sicut
1125 2706 1216 2750 ros
1243 2693 1296 2748 in
1333 2691 1506 2746 vellus
1533 2732 1547 2758 ,
1582 2697 1887 2760 exspectat.

292 2787 450 2844 Multi
481 2789 628 2843 enim
654 2787 769 2858 jant
799 2786 1043 2843 haeretici
1074 2801 1196 2842 cunt
1219 2785 1568 2857 dogmatibus
1607 2784 1738 2848 suis,
1771 2783 1890 2852 ipso

292 2887 665 2950 oppugnante,
695 2878 938 2950 supplosi
965 2887 1115 2948 sunt,
1149 2888 1203 2934 et
1231 2878 1285 2932 in
1308 2877 1534 2948 epistola
1575 2890 1697 2941 sua,
1727 2889 1886 2945 quam

293 2985 470 3043 nuper
487 2971 555 3027 ad
576 2969 986 3042 Ctesiphontem
1013 2971 1212 3037 edidit,
1255 2969 1656 3026 condemnavit.
1689 2967 1890 3024 Simili-

293 3072 378 3120 ter
397 3074 454 3120 et
477 3065 529 3119 in
557 3064 696 3119 libro
716 3073 762 3130 ο,
783 3079 946 3134 quem
974 3078 1116 3119 nunc
1132 3063 1342 3130 scribit,
1367 3063 1562 3119 collata
1582 3063 1645 3116 in
1666 3059 1883 3116 modum

291 3156 490 3228 dialogi
520 3156 875 3214 altercatione
902 3156 1168 3213 confutet.
1199 3158 1310 3214 Iloc
1335 3166 1418 3214 est
1442 3157 1589 3214 enim
1613 3155 1881 3212 lubricum

2073 539 2127 595 ϐ.
2162 540 2231 593 At
2257 538 2401 610 quod
2424 538 2513 593 ille
2544 539 2637 592 ditt
2669 538 2976 608 tliSputans.
3005 546 3060 591 et
3085 537 3322 604 nostris,
3370 542 3592 606 propter

2000 632 2324 703 imperitiam
2352 632 2519 704 ignoti
2550 630 2706 686 nobis
2729 630 3061 701 interpretis,
3088 643 3251 700 quem
3293 628 3595 698 saepissime

2001 727 2100 782 viri
2134 727 2378 796 primarii
2405 733 2462 782 et
2491 725 2757 798 religiosi,
2783 724 3071 781 Posserius
3092 724 3353 780 etAvitus
3374 722 3599 794 presby-

2002 818 2127 884 teri,
2160 828 2215 873 et
2248 818 2510 873 Dominus
2531 833 2596 874 ex
2621 818 2789 885 Duce,
2823 816 2906 873 vel
2928 831 3091 887 prave
3116 817 3592 886 interpretantem,

2000 913 2087 970 vel
2118 913 2272 984 plura
2304 914 2758 984 supprimentem,
2792 914 2878 968 vel
2909 912 3012 967 alia
3047 927 3111 968 ex
3144 911 3270 966 aliis
3298 925 3595 981 suggeren-

2002 1013 2109 1059 tem
2140 1004 2560 1060 confutaverunt
2592 1021 2603 1058 :
2637 1003 2872 1069 nostris,
2907 1013 2966 1058 ut
3005 1001 3138 1068 dixi,
3171 1001 3481 1056 actionibus
3507 1007 3592 1054 vel

2001 1099 2347 1169 interpolatis
2376 1099 2702 1171 plerumque
2730 1099 2816 1154 vel
2843 1099 3022 1154 tacitis
3044 1138 3058 1163 ,
3093 1100 3380 1166 cpiscopus
3427 1095 3592 1151 Joatt-

2000 1206 2100 1248 nes
2130 1193 2203 1246 ait
2236 1210 2248 1246 :
2284 1211 2302 1244 t
2341 1191 2398 1248 Si
2424 1193 2543 1247 sine
2571 1191 2842 1262 adjutorio
2876 1193 2967 1246 Dei
2991 1191 3094 1245 hoe
3123 1192 3403 1246 hominem
3434 1202 3597 1259 posse

1999 1281 2232 1350 diceret,
2263 1283 2562 1352 pessimum
2585 1291 2641 1338 et
2670 1282 2980 1338 damnabile
3019 1291 3158 1337 erat.
3210 1279 3366 1336 Nunc
3410 1288 3591 1334 autem

1997 1390 2124 1432 cum
2151 1375 2398 1447 adjiciat,
2426 1391 2589 1447 posse
2622 1376 2898 1431 hominem
2919 1390 3040 1431 esse
3064 1375 3183 1430 sine
3209 1381 3453 1444 peccato,
3486 1388 3593 1430 non

1997 1468 2120 1525 sine
2144 1468 2417 1539 adjutorio
2445 1469 2559 1533 Dei,
2590 1483 2691 1524 vos
2729 1468 2858 1539 quid
2908 1468 3124 1524 dicitis?
3180 1467 3264 1522 An
3309 1466 3447 1521 forte
3495 1478 3592 1520 vos

1999 1563 2096 1620 Dei
2136 1562 2470 1633 adjutoriunt
2514 1561 2834 1632 denegatis?
2898 1579 2918 1615 ι
2979 1561 3081 1616 Cui
3136 1559 3393 1630 respondi
3443 1573 3589 1630 ego:

2005 1674 2024 1710 t
2057 1655 2314 1712 Testihus
2336 1665 2394 1711 et
2421 1655 2835 1712 testificantihus
2872 1653 3038 1710 etiam
3067 1668 3209 1709 nunc
3239 1651 3400 1709 nobis
3425 1660 3481 1707 et
3501 1665 3594 1705 su-

1997 1764 2094 1822 pra
2125 1751 2442 1806 memoratis
2469 1749 2618 1817 viris,
2645 1749 2932 1804 anathema
2960 1747 3011 1804 ei
3037 1789 3051 1815 ,
3084 1747 3172 1818 qui
3197 1756 3357 1818 negat
3385 1745 3595 1816 adjuto-

3057 1842 3333 1914 praccipue
3380 1855 3503 1896 cum
3559 1853 3591 1896 e

1995 1939 2271 1996 contrario
2299 1940 2351 1995 in
2383 1939 2670 1996 haereticos
2719 1938 3076 1996 confutarim.
3137 1959 3156 1993 ι
3209 1937 3418 1995 Deinde
3464 1952 3590 1993 cum

1997 2033 2498 2105 intellectojudice,
2534 2043 2589 2090 et
2618 2035 2922 2106 interprete
2947 2034 3587 2107 prodito,clamaremus,

1995 2147 2021 2182 ς
2051 2127 2302 2185 Latinum
2322 2144 2446 2186 esse
2481 2130 2824 2198 hzeretiettm,
2857 2144 2956 2186 nos
2996 2129 3222 2185 Latinos
3247 2171 3263 2198 ,
3296 2127 3548 2184 haeresim
3575 2169 3590 2195 ,

1997 2220 2202 2277 Latinis
2233 2223 2404 2294 magis
2435 2223 2681 2293 partibus
2707 2232 2913 2289 notant,
2947 2222 3156 2279 Latinis
3181 2221 3453 2294 iudicibus
3476 2221 3590 2279 dis-

1995 2317 2309 2384 serendam,
2344 2333 2372 2372 a
2397 2333 2456 2374 se
2499 2333 2636 2388 pene
2682 2317 3028 2388 impudenter
3061 2316 3484 2388 adjudicandum
3510 2357 3526 2384 ,
3565 2333 3586 2368 ι

1995 2427 2118 2468 cum
2151 2412 2370 2483 quidem
2405 2427 2504 2467 nos
2527 2420 2882 2470 accusatores
2908 2427 3019 2467 non
3047 2425 3313 2479 essemus,
3336 2419 3393 2465 et
3421 2425 3586 2480 unus,

1994 2511 2050 2559 et
2077 2504 2238 2576 593
2272 2513 2560 2576 suspectus
2591 2505 2890 2574 ingererer,
2921 2504 3027 2561 dici
3059 2521 3089 2559 a
3123 2505 3370 2575 pluribus
3399 2517 3591 2560 ncces-

1993 2598 2197 2652 sariunt
2221 2597 2319 2652 fuit
2353 2615 2364 2649 :
2401 2615 2420 2649 t
2460 2597 2577 2652 Non
2613 2606 2794 2668 potest
2823 2601 3104 2670 quisquam
3131 2598 3270 2653 idem
3296 2605 3350 2653 et
3377 2596 3595 2652 lucretio

1992 2707 2090 2748 cus
2117 2707 2238 2748 esse
2266 2702 2323 2750 et
2351 2693 2646 2750 advocatus
2675 2704 2729 2749 et
2751 2693 2939 2764 jttdex.
2977 2713 2995 2747 ι
3024 2693 3320 2765 Multisque
3349 2692 3472 2747 aliis
3499 2706 3591 2745 ac-

1993 2785 2185 2851 titatis,
2237 2783 2477 2841 Joannes
2507 2787 2797 2857 cpiscopus
2851 2785 3207 2840 novissimam
3253 2784 3588 2843 sententiam

1994 2877 2238 2948 protulit,
2271 2877 2604 2932 confirmans
2635 2878 2850 2932 tandem
2885 2875 3302 2948 postulationem
3337 2876 3594 2931 intentio-
3667 2883 3670 2886 ’

1990 2985 2225 3042 nemque
2256 2979 2517 3038 nostram,
2543 2979 2600 3026 ttt
2629 2971 2696 3026 ad
2727 2971 2946 3026 beatum
2979 2971 3586 3041 Innocentium,papam

1991 3063 2320 3129 Romanum,
2349 3065 2548 3121 fratres
2580 3076 2634 3121 et
2662 3065 2912 3137 epistola:
2942 3066 3314 3134 mitterentur,
3341 3064 3587 3120 universi

1989 3158 2134 3228 quod
2159 3158 2249 3214 ille
2279 3159 2907 3226 deccrneretsecutttri;
2936 3159 3030 3215 sed
3065 3171 3122 3214 ttt
3153 3157 3444 3214 hteretictts
3487 3157 3590 3212 Pe-

293 3247 350 3304 itt
372 3248 703 3305 Antichristo
733 3249 1028 3305 draconem
1054 3261 1259 3316 tenere,
1281 3266 1348 3306 ne
1373 3251 1542 3321 possit
1561 3249 1820 3321 effugere.
1862 3269 1878 3302 ι
1915 3231 1960 3296 C
1991 3251 2164 3323 lagius
2186 3251 2442 3322 imposito
2473 3253 2578 3309 sibi
2603 3263 2827 3311 eatenus
2851 3253 3072 3310 silentio
3098 3253 3512 3319 conticesceret,
3535 3255 3590 3306 ct

465 3341 637 3399 Porro
662 3352 844 3400 autem
893 3344 1187 3415 episcopus
1234 3344 1478 3400 Joannes
1516 3343 1649 3399 nihil
1695 3344 1885 3398 horum

290 3433 538 3501 audiens,
572 3449 602 3490 a
635 3435 792 3490 nobis
820 3436 1042 3506 exigere
1067 3437 1388 3504 conabatur,
1442 3446 1497 3491 ut
1538 3443 1887 3493 accusatores

289 3541 412 3595 nos,
429 3527 546 3598 ipso
569 3527 779 3598 judice,
796 3529 1120 3586 faterentur.
1147 3531 1490 3602 Responsum
1512 3533 1674 3604 592
1695 3531 1886 3602 saepis-

287 3621 428 3676 sime
452 3630 536 3677 est
558 3621 626 3676 ab
653 3622 926 3678 universis
955 3640 968 3676 :
1008 3642 1027 3676 t
1057 3622 1166 3680 Nos
1195 3637 1544 3680 accusatores
1583 3625 1746 3694 hujus
1778 3639 1886 3680 non

286 3729 502 3782 sumus,
532 3715 628 3772 sed
654 3716 782 3787 quid
815 3716 1012 3774 fratres
1036 3718 1132 3784 ttti,
1169 3727 1355 3789 patres
1387 3721 1558 3774 nostri
1615 3717 1887 3774 senserint

287 3818 345 3864 et
374 3808 722 3866 decreverint
746 3825 912 3882 super
941 3810 1043 3867 hac
1072 3813 1266 3868 hteresi
1292 3857 1307 3881 ,
1341 3827 1502 3883 quam
1537 3826 1683 3869 nunc
1712 3813 1884 3869 laicus

287 3901 453 3970 vulgo
484 3902 769 3972 praedicat,
789 3903 1225 3960 intimamusme
1249 3904 1552 3961 Ecclesiam
1582 3913 1730 3961 tuam
1757 3919 1888 3974 pra:-

285 3995 502 4063 sertim,
528 3995 595 4051 ad
625 3996 784 4067 cujus
810 3998 989 4054 sinum
1013 4000 1424 4055 convolavintus
1442 4042 1457 4068 ,
1481 4007 1536 4056 te
1554 4000 1878 4072 ignorante,

285 4089 597 4146 conturbet.
642 4109 661 4144 ι
689 4090 760 4147 At
791 4091 906 4160 ille,
933 4108 1056 4150 cum
1083 4109 1230 4164 saepe
1261 4109 1366 4150 nos
1397 4095 1628 4152 docendi
1663 4095 1888 4152 simula-

286 4186 438 4242 tione
459 4187 768 4258 inaliquam
795 4187 1154 4259 professionis
1184 4192 1424 4260 speciem
1459 4199 1692 4246 tentaret
1729 4191 1887 4264 indu-

285 4293 440 4344 cere,
469 4277 692 4335 dicebat
727 4299 737 4332 :
777 4297 796 4332 t
840 4281 980 4347 Quia
1012 4281 1078 4336 ad
1108 4278 1385 4338 Abraham
1409 4283 1611 4337 dictum
1655 4290 1804 4338 esset
1854 4299 1885 4338 a

291 4371 561 4428 Domino:
594 4372 822 4426 Ambula
852 4389 1023 4429 coram
1046 4391 1125 4430 nte
1154 4383 1201 4429 et
1224 4383 1331 4429 esto
1361 4375 1472 4430 sine
1493 4374 1696 4430 macula
1727 4374 1882 4448 (Gen.

284 4477 420 4528 xvtt,
456 4463 541 4534 t);
582 4472 637 4519 et
677 4463 998 4521 Zachariam
1051 4474 1108 4522 et
1165 4466 1449 4522 Elizabeth
1500 4470 1884 4538 pronttntiatos

285 4571 412 4613 esse
431 4559 602 4630 justas
633 4558 813 4614 ambos
837 4569 956 4615 ante
979 4558 1261 4616 Dominum
1283 4560 1583 4617 incedentes
1626 4563 1678 4617 in
1719 4563 1886 4618 omni-

1995 3355 2052 3399 ut
2072 3344 2242 3398 nostri
2269 3345 2337 3400 ab
2367 3344 2729 3401 insultatione
2750 3346 2988 3402 convicti
3017 3345 3246 3401 Joannis
3270 3343 3590 3415 confusique

1993 3446 2384 3508 temperarent.
2421 3438 2672 3495 Universi
2706 3441 2757 3495 itt
2792 3442 2931 3494 hanc
2953 3439 3278 3496 sententiam
3305 3438 3592 3494 consensi-

1993 3547 2114 3587 ntus
2132 3550 2142 3583 :
2161 3532 2455 3603 gratiarum
2477 3533 2686 3589 actione
2713 3533 3006 3601 celebrata,
3037 3548 3167 3604 pace
3195 3531 3355 3599 facta,
3379 3540 3434 3587 et
3454 3548 3590 3586 con-

1990 3637 2260 3683 summata
2281 3629 2348 3684 ad
2373 3628 2523 3698 pacis
2552 3628 2923 3684 testimonium
2943 3631 3188 3684 oratione
3215 3629 3588 3684 discessimus.

2063 3721 2116 3774 7.
2153 3719 2303 3776 Nunc
2326 3731 2503 3776 autent
2535 3732 2653 3791 post
2701 3722 2818 3776 dies
2847 3721 3204 3792 quadraginta
3255 3728 3311 3775 et
3339 3728 3548 3790 septem
3571 3764 3586 3786 ,

1989 3826 2114 3866 eum
2148 3812 2324 3881 pritno
2350 3812 2730 3868 Encazniorum
2759 3812 2874 3879 die,
2901 3821 2960 3867 ut
2985 3812 3180 3866 solitus
3198 3826 3345 3866 eram
3373 3809 3591 3882 quando

1989 3903 2233 3971 aderant,
2258 3905 2325 3960 ad
2348 3906 2666 3976 obsequium
2685 3904 2912 3960 Joannis
2939 3904 3180 3976 cpiscOpi
3203 3904 3584 3970 cucurrissent,

1988 3998 2173 4053 statim
2203 3997 2274 4052 ab
2305 4013 2372 4054 eo
2397 4005 2580 4052 notam
2611 3998 2729 4052 falsi
2761 3998 3008 4053 criminis
3039 4011 3141 4067 pro
3185 3996 3359 4066 gratia
3390 3996 3592 4050 saluta-

1991 4090 2154 4145 tionis
2175 4090 2384 4162 accepi.
2412 4091 2498 4146 Ait
2530 4092 2676 4146 enim
2706 4091 2841 4146 tnihi
2877 4109 2889 4146 :
2925 4110 2943 4143 ‹
2974 4090 3154 4158 Quare
3184 4089 3252 4144 ad
3295 4105 3381 4147 nte
3413 4090 3587 4157 venis,

1991 4182 2177 4251 ltonto,
2210 4184 2304 4255 qui
2346 4184 2734 4252 blaSphemasti
2760 4184 2826 4240 1»
2862 4181 3134 4249 Voletts,b
3158 4199 3246 4250 ne,
3279 4183 3473 4249 credo,
3508 4184 3591 4238 itt-

1991 4276 2195 4348 lelligi:
2232 4276 2360 4332 Noli
2393 4295 2470 4332 me
2501 4287 2738 4350 tangere,
2771 4277 2891 4346 quia
2931 4278 3157 4332 mundus
3185 4293 3300 4332 sum
3329 4287 3375 4331 et
3405 4277 3594 4348 abrqttc

1991 4370 2400 4444 peccalo(lsai.,
2437 4386 2561 4440 va,
2596 4372 2630 4426 5
2655 4369 2695 4442 ).
2729 4370 2800 4426 At
2830 4385 2931 4442 ego
2962 4370 3100 4426 nihil
3119 4368 3250 4424 mihi
3292 4369 3546 4424 conscius
3573 4412 3590 4440 ,

1989 4463 2327 4535 interrogavi
2357 4482 2368 4516 :
2414 4482 2432 4515 t
2461 4463 2707 4532 Quando,
2737 4475 2832 4519 aut
2857 4478 2964 4534 quo
2988 4462 3264 4528 audiente,
3288 4469 3377 4517 aut
3407 4461 3593 4531 cujus-

1995 4559 2140 4614 modi
2173 4558 2305 4614 illttd
2335 4567 2418 4614 est
2447 4558 2688 4628 dictum,
2724 4557 2868 4636 quod
2911 4557 3269 4628 blasphemiae
3305 4556 3474 4628 possit
3502 4571 3592 4610 as—

284 4648 381 4703 lms
405 4628 870 4720 jﬁttstiﬁcationibus
890 4649 1102 4706 Domini
1126 4653 1236 4708 sine
1263 4653 1471 4724 querela
1500 4653 1650 4726 (Luc.
1677 4671 1718 4721 ι,
1739 4655 1794 4723 6)
1822 4672 1833 4709 :
1861 4674 1880 4707 ι
1916 4628 1967 4689 D
1992 4653 2196 4710 cribi?»
2226 4653 2529 4724 Episcopus
2554 4628 2839 4722 respondit
2865 4670 2876 4704 :
2901 4669 2918 4704 t
2944 4651 3057 4722 Ego
3078 4661 3133 4706 te
3153 4650 3334 4706 audivi
3357 4649 3591 4705 dixisse:

286 4739 432 4810 quod
461 4740 682 4812 quidem
699 4742 769 4797 ab
789 4742 1027 4814 Origene
1054 4745 1281 4810 dictum,
1305 4746 1372 4800 ab
1388 4761 1454 4800 eo
1483 4745 1712 4817 proferri
1737 4762 1888 4803 cont-

285 4832 536 4904 pluribus
563 4834 723 4891 nobis
752 4843 941 4891 notum
966 4845 1107 4893 erat.
1159 4837 1256 4894 Cui
1290 4853 1616 4909 responsum
1667 4855 1767 4911 per
1799 4857 1888 4898 me

282 4934 370 4984 est
405 4945 418 4982 :
455 4945 474 4980 t
512 4927 619 4982 Nos
649 4927 748 4984 lilii
778 4928 1040 4984 Ecclesia:
1065 4929 1354 4986 catholica:
1385 4945 1593 4986 sumus.
1625 4931 1742 4987 Non
1773 4933 1889 4988 exi-

280 5036 380 5094 gas
409 5037 438 5076 a
470 5023 646 5090 nobis,
682 5031 864 5095 pater,
892 5033 950 5080 ut
977 5023 1230 5082 doctores
1269 5039 1437 5095 super
1474 5025 1733 5082 doctores
1755 5041 1880 5083 esse

281 5113 610 5182 audeamus,
634 5122 729 5170 aut
751 5114 966 5186 judices
999 5131 1165 5187 super
1208 5116 1444 5187 judices.
1500 5116 1690 5173 Patres
1743 5133 1882 5189 quos

282 5205 541 5262 universa
564 5221 663 5274 per
681 5206 874 5262 orbem
907 5206 1155 5263 Ecclesia
1186 5207 1413 5278 probat,
1456 5223 1687 5280 quorum
1732 5223 1884 5264 cont-

282 5298 532 5355 munioni
575 5314 674 5355 nos
702 5299 990 5356 adhaerere
1036 5299 1287 5371 gaudetis
1315 5344 1330 5370 ,
1381 5302 1711 5360 damnabilia
1764 5303 1882 5360 btec

280 5403 408 5446 esse
435 5389 686 5462 dogmata
721 5389 1109 5448 decreverunt.
1159 5391 1272 5448 illis
1321 5394 1726 5464 probantibus,
1781 5410 1881 5452 nos

278 5481 506 5542 obedire
529 5483 751 5556 dignum
782 5495 885 5544 est.
921 5482 1032 5543 Cur
1067 5485 1372 5559 interrogas
1406 5487 1548 5546 filios
1573 5489 1703 5562 quid
1743 5503 1873 5546 sen-

1991 4747 2118 4818 quia
2149 4761 2250 4802 nec
2293 4761 2416 4802 cunt
2448 4745 2546 4800 Dei
2589 4743 2862 4816 adjutorio
2895 4744 3069 4814 possit
3116 4757 3239 4800 esse
3281 4742 3444 4798 homo
3477 4741 3596 4797 sine

1993 4847 2240 4910 peccato.
2266 4856 2285 4891 ι
2320 4839 2430 4908 Ego
2461 4837 2678 4908 quidem
2703 4879 2718 4903 ,
2751 4835 3053 4892 beatissimi
3082 4835 3421 4903 sacerdotes,
3452 4836 3594 4891 sicut

1987 4941 2046 4990 et
2072 4947 2171 4987 vos
2206 4942 2371 4987 testes
2397 4932 2533 4987 estis
2561 4973 2576 4996 ,
2606 4939 2660 4986 et
2691 4930 2946 4985 universa
2978 4928 3296 4984 fraternitas
3318 4971 3334 4997 ,
3365 4938 3420 4985 et
3451 4945 3595 4999 prat-

1987 5031 2136 5080 terea
2167 5024 2341 5080 sancti
2370 5023 2510 5090 viri,
2542 5022 2634 5094 qui
2687 5021 2814 5078 huic
2853 5022 3168 5078 testimonio
3214 5038 3404 5078 amore
3451 5022 3595 5077 veri-

1990 5118 2118 5174 tatis
2158 5118 2466 5185 assistunt,
2522 5116 2706 5172 statim
2778 5116 3100 5172 testificatus
3148 5131 3307 5185 sunt,
3360 5115 3588 5170 dicens:

1991 5230 2012 5266 (
2043 5211 2182 5280 Quia
2208 5211 2480 5282 ejusmodi
2511 5211 2735 5268 verbum
2755 5254 2770 5279 ,
2801 5212 2946 5284 quod
2993 5226 3138 5268 nunc
3185 5226 3214 5266 a
3265 5226 3354 5266 me
3381 5210 3590 5266 dictum

1985 5306 2278 5377 episcopus
2320 5304 2648 5373 intenderit,
2683 5321 2978 5376 numquam
3023 5306 3091 5361 de
3121 5321 3215 5360 ore
3262 5317 3385 5358 meo
3422 5312 3587 5358 antea

1985 5398 2370 5470 processisset:
2411 5417 2431 5452 ι
2472 5413 2796 5469 quamquam
2839 5399 2975 5453 hanc
3008 5397 3450 5453 incontinentiam
3486 5396 3590 5451 mi-

1983 5505 2126 5548 sera:
2151 5490 2405 5548 falsitatis
2444 5490 2726 5549 rumittare
2745 5491 2948 5562 saepius
2981 5489 3180 5546 crebra
3209 5489 3553 5561 expositione
3575 5531 3590 5556 ,

1553 5650 2014 5711 llAVERCAMPl
2053 5651 2287 5710 NOTA'J.

353 5783 386 5857 ξ
410 5773 536 5902 Δεέι
561 5773 633 5833 de
673 5774 934 5849 Dialogo,
974 5790 1136 5849 quem
1165 5783 1356 5834 contra
1390 5773 1712 5848 Pelagianos
1738 5789 1882 5848 cott-

353 5861 477 5902 l‘lDSl
509 5885 524 5902 ο

280 5861 524 5919 scrtpsn.

2063 5775 2090 5816 ι)
2112 5776 2430 5838 Gallandius
2459 5779 2702 5850 corrigit,
2726 5795 2808 5837 me
2833 5779 3008 5836 credo.
