4076 6352
470 264 614 323 Ητθ

1869 269 2076 327 PAULI
2113 270 2342 330 OROSII

3636 280 3778 338 “80

469 399 577 438 non
612 391 724 438 tam
771 397 858 439 me
901 383 1164 454 probasse
1189 425 1206 452 ,
1234 400 1394 456 quam
1445 384 1612 439 alium
1644 383 1834 442 videar
1880 387 2065 457 prodi-
2094 390 2148 450 Α
2172 388 2378 445 boretis
2404 389 2659 462 ambiguo
2683 408 2695 444 :
2723 391 2883 463 vulgo
2913 401 3094 448 autem
3123 395 3437 466 rumorique
3459 407 3776 468 propterea,

467 479 634 536 disse.
670 479 924 535 Concedo
952 481 1096 536 enim
1141 489 1198 534 ut
1249 481 1644 552 qualecumque
1692 480 1896 537 dictum
1938 482 2065 539 illud

469 583 556 630 est
579 616 594 641 ,
625 573 882 639 dixerim,
915 575 1189 644 quomodo
1235 575 1484 630 Latinum
1533 590 1737 643 expers
1760 575 2066 632 Latinitatis

468 667 694 723 Graecus
727 668 929 722 audivit
954 669 977 722 ?
1002 674 1103 722 Aut
1135 669 1180 723 si
1213 668 1420 724 audivit
1448 669 1775 738 sacrilegum
1814 671 2066 736 verbum,

471 777 570 814 cur
601 778 706 816 non
739 760 923 816 statim
951 761 1197 830 coarguit
1225 761 1730 832 blasphemantcm,
1765 763 1871 827 vel,
1907 773 1962 816 ut
1993 763 2066 817 le-

476 853 601 908 vius
649 864 876 923 ageret,
933 854 1088 922 quasi
1118 853 1390 909 incautum
1423 854 1591 909 filium
1649 855 1766 924 pius
1817 866 1972 924 pater
2002 855 2068 910 de

471 945 783 1000 cohibenda
837 944 1047 1000 licenti.-
1104 946 1396 1015 pcriculosi
1446 947 1718 1002 sermonis
1747 946 2068 1003 admonuit?

473 1036 580 1092 Sed
611 1036 915 1101 contrario,
954 1048 1073 1108 post
1106 1037 1394 1107 plurimam
1429 1040 1608 1109 magni
1643 1038 1902 1109 temporis
1930 1039 2071 1094 obli-

476 1133 712 1197 vionem,
749 1131 865 1204 ipse
894 1147 991 1202 per
1017 1148 1075 1186 se
1103 1133 1506 1190 accusationem
1543 1132 1745 1198 intulit,
1777 1134 1890 1203 ipse
1920 1135 2071 1188 testi-

474 1226 714 1279 monium
746 1224 1054 1294 perhibuit,
1089 1226 1204 1298 ipse
1230 1226 1493 1297 judicium
1541 1229 1928 1299 promulgavit,
1955 1244 2072 1282 om-

475 1318 624 1374 nium
667 1319 936 1374 scelerum
985 1318 1161 1373 ofticia
1205 1322 1256 1374 in
1289 1334 1402 1374 sua:
1451 1333 1695 1389 persona:
1743 1319 2071 1376 auctoritate

473 1412 795 1482 suscipiens,
815 1413 1115 1480 prtesertim
1139 1412 1458 1485 Evangeliea
1485 1413 1725 1470 lectione
1749 1413 2068 1478 instructus,

479 1506 764 1560 Dominum
808 1514 1054 1560 nostrum
1096 1506 1279 1562 Jesum
1313 1509 1416 1563 nisi
1451 1507 1765 1563 testimonio
1816 1505 2074 1577 principis

476 1614 584 1654 non
633 1596 802 1654 fuisse
855 1598 1193 1654 damnatum.
1230 1601 1298 1655 Et
1343 1601 1453 1655 alio
1488 1601 1622 1656 mibi
1671 1601 1840 1656 latere
1873 1600 2074 1657 fratres

477 1692 583 1746 mei
610 1691 941 1747 assistebant
969 1711 979 1744 :
1011 1708 1079 1747 ex
1103 1693 1208 1747 alio
1227 1692 1352 1747 falsi
1381 1694 1596 1748 fratres.
1635 1693 1838 1748 Deinde
1867 1694 1920 1748 in
1944 1708 2075 1748 con-

2171 496 2240 537 ne
2272 480 2403 536 dum
2433 483 2750 553 episcopum
2782 485 3005 540 mentiri
3037 499 3197 555 posse
3228 501 3334 542 non
3363 488 3637 554 crederet,
3671 491 3781 545 alia

2168 572 2518 629 innocentem
2547 575 2873 632 credulitate
2917 577 3215 635 aestimaret
3260 595 3510 649 peccare.
3545 583 3609 636 Et
3653 582 3784 638 inde

2169 667 2292 736 quis
2316 667 2478 742 595
2513 671 2726 740 ignoret
2755 680 3028 739 auctores,
3064 675 3153 728 vel
3196 675 3250 728 iii
3293 678 3645 734 accusatione
3674 679 3786 734 Su-

2171 777 2357 816 saume
2383 804 2396 827 ,
2433 765 2516 817 vel
2550 764 2602 818 in
2631 765 2968 834 lapidatione
2991 766 3298 824 Nabuthae?

2227 851 2357 907 9.Et
2371 868 2438 909 ne
2449 851 2587 909 forte
2602 855 2720 924 quis
2733 858 2959 923 nesciat,
2973 859 3024 913 in
3041 858 3467 933 Hierosolymam
3486 879 3786 934 numquam

2173 944 2239 998 ad
2270 943 2654 1001 effundendum
2685 950 3000 1020 sanguinem
3027 951 3428 1022 Christianum,
3459 957 3542 1012 vel
3571 963 3785 1028 argenti

2174 1035 2448 1108 suffragia,
2472 1040 2558 1095 vel
2587 1039 2795 1112 flagella
2820 1044 3047 1100 militum
3071 1046 3332 1112 defuisse,
3361 1065 3500 1104 nunc
3530 1053 3786 1120 quoniam

2173 1128 2242 1183 ab
2269 1129 2372 1185 hoc
2393 1133 2765 1204 qualicumque
2787 1136 2953 1191 verbo
2975 1152 3095 1194 esse
3120 1155 3206 1194 me
3230 1141 3459 1197 liberum
3477 1159 3622 1210 reor,
3644 1143 3785 1198 libe-

2175 1221 2412 1278 rnmtide
2426 1235 2624 1292 vestra,
2649 1225 2878 1282 liberum
2907 1231 3233 1286 conscientia
3260 1248 3400 1300 mea,
3434 1236 3603 1304 ipsius
3628 1236 3788 1292 verbi

2175 1312 2532 1384 ambiguitate
2544 1315 2785 1373 discussa
2809 1320 3052 1376 conabor
3072 1323 3449 1393 exquirere,hi
3472 1327 3565 1395 qui
3591 1327 3665 1380 ita
3686 1340 3790 1382 nos

2178 1408 2525 1476 reapondisse
2537 1422 2808 1479 asserunt,
2825 1415 3059 1483 qualiter
3076 1416 3174 1485 ipsi
3190 1417 3560 1488 interrogasse
3574 1419 3790 1475 videan-

2180 1507 2284 1554 tur.
2304 1501 2554 1556 Forsitan
2579 1519 2673 1572 per
2691 1505 2906 1560 modum
2923 1506 3362 1575 interrogationis
3377 1511 3616 1577 ipsorum
3641 1526 3793 1568 arca-

2177 1609 2302 1648 num
2319 1594 2586 1664 dogmatis
2607 1595 2976 1654 deuudabitur
2995 1617 3007 1629 ο
3027 1608 3085 1654 ut
3103 1602 3396 1672 reciprocis
3419 1605 3663 1660 feriendo
3679 1605 3794 1660 vul-

2181 1685 2422 1755 neribus,
2447 1688 2764 1744 emissorem
2798 1704 2956 1746 suum
2997 1695 3226 1748 remissa
3253 1695 3455 1752 certius
3489 1697 3592 1751 tela
3624 1699 3792 1752 casu-

478 1796 635 1836 sessu
662 1782 856 1837 codem
884 1823 898 1849 ,
934 1781 1098 1854 594
1124 1799 1191 1838 ex
1223 1799 1326 1838 una
1362 1798 1573 1838 mecum
1617 1795 1766 1852 parte
1806 1783 2073 1840 consede-
2105 1787 2147 1847 Β
2175 1788 2324 1850 gent.
2346 1780 2436 1836 Ait
2461 1784 2604 1838 enim
2627 1799 2653 1836 a
2679 1784 2836 1841 nobis
2858 1801 2980 1842 esse
3003 1803 3348 1858 responsum,
3368 1808 3387 1841 ί
3419 1806 3520 1846 nec
3540 1807 3662 1846 cum
3687 1791 3788 1848 Dei

481 1881 602 1929 rant
657 1877 847 1930 Avitus
891 1886 946 1929 et
996 1875 1179 1930 Vitalis
1231 1877 1568 1947 presbyteri,
1614 1893 1680 1932 ex
1734 1877 1838 1930 alia
1889 1878 2075 1934 nescio

478 1968 600 2037 quis
631 1968 846 2038 ignotus
889 1969 1195 2039 interpres,
1229 1981 1285 2025 et
1307 1969 1506 2026 deinde
1549 1971 1760 2040 probati
1791 1980 1848 2026 et
1876 1971 2078 2025 saeculo

477 2072 534 2116 et
563 2063 674 2117 Deo
699 2063 795 2116 viri
825 2062 1107 2118 Passerius
1131 2064 1418 2136 presbyter
1442 2077 1491 2119 et
1522 2065 1777 2119 Dominus
1799 2079 1862 2119 ex
1898 2065 2074 2119 Duce;

480 2159 570 2228 qui
605 2157 766 2212 ambo
795 2165 851 2212 ut
881 2173 977 2228 pro
1026 2158 1366 2228 experientia
1397 2173 1460 2213 ac
1511 2157 1617 2213 fide
1649 2174 1745 2212 sua
1777 2158 1968 2213 adesse
1996 2156 2079 2212 in.

484 2263 750 2322 terpretes
804 2251 1180 2324 dignarentur,
1230 2255 1349 2323 ipso
1407 2254 1770 2309 conveniente
1823 2252 2080 2322 episcopo

484 2344 691 2400 lemne
719 2361 748 2399 a
781 2361 985 2400 corona
1011 2358 1188 2400 veStra
1218 2347 1499 2416 conrogati
1529 2346 1856 2416 deductique
1882 2361 2080 2400 conve-

484 2447 697 2493 nerant.
734 2437 937 2492 Medius
968 2452 1181 2509 quoque
1213 2439 1369 2493 vobis
1402 2439 1520 2507 ipse
1553 2438 1650 2492 fuit
1673 2480 1688 2504 ,
1723 2452 1882 2507 quem
1908 2437 1960 2492 in
1989 2437 2079 2492 illa

485 2542 614 2586 tunc
657 2534 1062 2587 circumstantia
1113 2548 1220 2586 non
1278 2531 1459 2587 minus
1509 2531 1729 2586 audisse
1757 2573 1772 2598 ,
1804 2546 1966 2601 quam
2005 2530 2081 2586 vi-

481 2623 631 2680 disse
698 2624 1003 2680 mirandum
1070 2633 1188 2689 est,
1245 2623 1519 2694 quomodo
1581 2637 1764 2678 sermo
1823 2622 2082 2678 dimissus

486 2727 510 2753 ιι
535 2729 718 2774 tantus
746 2719 1098 2774 adversarios
1122 2719 1366 2788 collegas
1391 2717 1780 2790 auditoresque
1805 2719 2082 2788 praeterie-

481 2811 580 2879 rit,
616 2822 669 2866 et
692 2811 897 2866 inscias
923 2826 1085 2866 aures
1114 2811 1269 2882 gnari
1307 2809 1570 2866 auditoris
1602 2809 1910 2865 intraverit.

555 2907 609 2961 8.
639 2904 749 2962 Sed
778 2920 880 2976 ego
906 2905 1089 2961 calore
1110 2904 1358 2960 veritatis
1387 2903 1672 2974 impulsus,
1699 2905 1832 2959 satis
1859 2919 2077 2976 urgeor.

489 2997 710 3054 Excede
743 2995 1094 3067 professionis
1125 2995 1374 3050 modum.
1405 2993 1826 3049 Concedendum
1857 3005 1940 3050 est
1969 3011 2082 3049 ina-

485 3093 570 3161 gis
595 3131 610 3157 ,
643 3101 701 3144 ut
731 3089 1000 3159 interpres
1031 3102 1248 3144 errasse
1294 3086 1527 3142 dicendo
1548 3127 1563 3151 ,
1596 3100 1757 3157 quam
1794 3087 2083 3156 episc0pus

2177 1873 2446 1942 adjutorio
2470 1885 2647 1945 potest
2662 1875 2964 1934 homoesse
2985 1879 3105 1936 sine
3131 1893 3370 1950 peccato.
3387 1901 3407 1935 ›
3436 1882 3552 1938 Hoc
3573 1884 3617 1938 si
3639 1885 3795 1955 quis-

2177 1983 2338 2036 quam
2363 1968 2641 2026 hominum
2665 1970 2738 2026 ita
2761 1972 3048 2028 dicendum
3071 1985 3244 2046 putet,
3270 1983 3326 2029 ut
3347 1977 3448 2032 sub
3469 1976 3797 2035 infirmitate

2180 2057 2414 2114 hominis
2441 2060 2608 2116 Deum
2633 2077 2739 2117 non
2771 2077 2931 2133 posse
2956 2067 3272 2134 continuet,
3299 2079 3352 2121 et
3379 2069 3795 2145 omnipotentiae

2184 2151 2276 2205 Dei
2300 2152 2500 2222 aliquid
2533 2153 2869 2224 impossibile
2901 2159 3228 2228 suspicetur,
3263 2161 3317 2214 in
3349 2163 3497 2216 omni
3540 2173 3794 2217 creatura

2179 2246 2479 2300 caelestium
2527 2254 2584 2302 et
2631 2249 2969 2305 terrestrium
3010 2264 3062 2306 et
3101 2251 3460 2321 infernorum,
3503 2255 3648 2311 hunc
3680 2271 3796 2312 non

2183 2343 2390 2391 tantum
2420 2339 2690 2394 sententia
2717 2355 2838 2395 mea
2863 2341 3097 2397 dixerim
3126 2343 3530 2413 blaSpbemum,
3561 2349 3797 2402 anathe-

2185 2446 2270 2483 nia
2301 2429 2700 2500 detestandum,
2733 2434 2828 2489 sed
2859 2434 3020 2490 etiam
3052 2439 3137 2490 vel
3166 2437 3215 2492 in
3250 2441 3559 2508 exemplum
3603 2439 3798 2495 Nadab

2182 2535 2238 2577 et
2262 2523 2400 2578 Abiu
2433 2523 2619 2579 divino
2650 2527 2771 2595 igne
2792 2527 3153 2583 damnandum
3177 2528 3364 2599 (Leuit.
3393 2531 3478 2602 ι),
3505 2532 3610 2597 vel,
3635 2533 3796 2600 juxta

2184 2615 2547 2688 perditionem
2579 2621 2747 2674 Datan
2773 2631 2827 2676 et
2855 2621 3078 2693 Abyron
3110 2621 3287 2692 (Deut.
3319 2627 3418 2694 xi),
3454 2623 3600 2678 hiatu
3633 2635 3798 2680 terrm

2185 2719 2466 2779 receptum
2524 2711 2704 2764 vivum
2752 2710 2820 2765 ad
2871 2713 3081 2769 inferna
3135 2714 3512 2784 mergendum.
3564 2715 3798 2788 Utrique

2184 2802 2454 2872 siquidem
2501 2808 2925 2877 praesumptione
2973 2809 3153 2863 cordis
3201 2809 3296 2864 Dei
3344 2811 3600 2879 potentiae
3632 2811 3801 2868 dero-

2183 2903 2401 2963 garunt,
2435 2896 2519 2950 vel
2545 2896 2625 2950 illi
2654 2897 2782 2952 dum
2809 2899 2986 2968 ignem
3018 2901 3278 2966 alienum,
3311 2903 3466 2972 quasi
3514 2906 3617 2958 hoc
3656 2902 3800 2958 indi-

2185 2999 2336 3058 geret
2363 2989 2526 3056 Deus,
2559 2989 2816 3061 offerunt,
2849 2994 2936 3049 vel
2964 2995 3051 3050 isti
3092 2995 3218 3050 dum
3258 2996 3578 3053 resistentes
3621 2998 3800 3070 Moysi
3832 2996 3837 3001 ’

2188 3081 2240 3135 in
2266 3089 2467 3136 terram
2493 3085 2938 3153 repromissionis
2961 3086 3230 3143 introduci
3252 3103 3313 3144 se
3337 3104 3496 3159 posse
3515 3089 3798 3147 difﬁdunt.

488 3183 760 3238 audiendo
809 3183 1032 3236 tinxisse
1065 3180 1330 3248 videatur,
1357 3189 1414 3236 et
1458 3196 1601 3235 nunc
1641 3181 1709 3235 ad
1739 3183 1909 3236 viceni
1940 3196 2077 3236 nter-

2190 3171 2330 3226 Deus
2378 3173 2560 3228 omnia
2606 3184 2807 3246 potest,
2851 3187 2906 3232 et
2951 3195 3070 3248 quae
3122 3182 3272 3246 vult,
3321 3195 3546 3251 semper
3595 3194 3799 3253 potest.

487 3277 640 3331 cedis
670 3289 830 3345 quam
865 3274 1135 3328 haereticis
1177 3274 1429 3343 prxstitit
1475 3274 1792 3344 exigendae,
1826 3275 1996 3330 falsos
2030 3275 2083 3330 in

495 3369 826 3438 adiutorium
859 3368 943 3421 sui
989 3377 1155 3423 testes
1185 3383 1433 3439 quaerere
1458 3386 1470 3420 :
1495 3370 1694 3439 quippe
1743 3385 1865 3424 cutn
1901 3369 2086 3425 mirari

484 3465 598 3534 jam
633 3479 791 3516 nemo
823 3463 1019 3518 debeat
1042 3460 1068 3499 ι)
1098 3463 1349 3532 conquiri
1378 3471 1432 3517 et
1458 3465 1693 3517 existere
1723 3462 1888 3518 falsos
1919 3471 2088 3518 testes

494 3559 547 3610 in
581 3556 919 3612 Hierusalem
956 3575 982 3607 ει
1013 3553 1390 3610 sacerdotibus
1422 3564 1582 3625 atque
1613 3555 1956 3622 senioribus;
1988 3559 2090 3611 hoc

492 3649 712 3719 sanguis
741 3647 1006 3718 Stephani
1041 3649 1274 3712 clamat;
1306 3647 1410 3702 hoc
1441 3647 1737 3702 Doutiniew
1781 3650 1958 3704 crucis
2001 3664 2091 3704 ve-

493 3743 623 3796 xilla
652 3743 1003 3811 Significant;
1047 3741 1151 3796 hoc
1189 3744 1351 3796 etiam
1401 3757 1545 3797 nunc
1585 3744 1820 3798 excitata
1869 3755 1968 3813 per
1996 3758 2092 3799 eos

497 3833 811 3906 persecutio
855 3838 1190 3890 inanit‘esuit.
1216 3834 1324 3890 Sed
1371 3835 1487 3890 haec
1517 3846 1695 3890 utrum
1737 3836 1806 3890 ab
1835 3837 2092 3907 episcopo

499 3939 702 3984 temere
733 3928 976 3995 credita,
1005 3948 1071 3983 an
1109 3929 1379 3985 malitiose
1424 3928 1583 3996 ﬁcta,
1630 3945 1697 3986 an
1743 3929 1931 4000 ignare
1966 3932 2090 3986 sub-

495 4024 677 4078 audita
727 4024 1036 4091 videantur,
1088 4023 1305 4079 Christo
1344 4025 1516 4094 judici
1563 4025 1899 4080 discutienda
1944 4041 2096 4080 com-

497 4119 716 4173 mendo.
748 4119 901 4174 Absit
930 4135 960 4172 a
992 4134 1080 4174 me
1125 4135 1379 4189 umquam
1400 4160 1416 4187 ,
1463 4130 1520 4174 ut
1549 4137 1649 4190 ego
1695 4135 1924 4190 pauper,
1968 4135 2098 4190 pec-

497 4222 669 4280 cator,
715 4212 962 4284 ignotus,
995 4211 1310 4282 episcopum
1359 4221 1417 4270 et
1461 4213 1736 4284 praecipue
1783 4213 2098 4285 llierosoly-

501 4324 643 4373 mae,
689 4307 921 4362 audeam
967 4308 1034 4383 ad
1085 4307 1377 4378 episcopos
1425 4324 1741 4376 provocare.
1797 4309 1914 4365 Mea
1964 4309 2098 4366 mihi

498 4400 638 4468 apud
662 4401 1154 4454 eminentissimum
1179 4399 1504 4454 Trinitatem
1532 4401 1942 4470 omnipotentiae
1974 4402 2094 4471 Dei,

501 4502 556 4547 et
585 4493 727 4561 apud
760 4494 1044 4547 universos
1070 4505 1257 4546 servos
1285 4491 1402 4560 ejus
1429 4491 1757 4560 catholicos,
1775 4493 2097 4563 simplicitas

2188 3263 2360 3332 Quam
2408 3275 2599 3336 potens
2653 3269 2704 3323 iii
2757 3269 3003 3325 faciendo
3050 3272 3118 3327 de
3170 3272 3368 3338 nihilo,
3400 3276 3508 3328 tam
3540 3275 3718 3328 faetlis
3746 3275 3801 3329 in

2192 3359 2520 3426 perficiendo
2571 3359 2638 3414 de
2689 3359 2855 3417 facto.
2909 3359 3021 3432 Ipsi
3069 3365 3204 3418 enim
3255 3365 3448 3432 subest,
3492 3383 3609 3420 cum
3655 3369 3801 3436 velit,

2189 3466 2336 3520 posse
2387 3451 2544 3524 (δαν.
2595 3453 2710 3525 xu).
2771 3456 2885 3510 iloc
2937 3456 3145 3512 indulta
3195 3459 3494 3514 secundmn
3547 3463 3802 3531 Spiritum

2189 3546 2362 3615 gratia
2393 3547 2699 3614 confitetur,
2729 3548 2832 3604 hoc
2862 3551 3160 3604 secundun
3183 3551 3420 3607 litteram
3445 3554 3527 3608 lex
3556 3558 3804 3609 conseri-

2193 3649 2282 3709 pta
2315 3647 2565 3707 testatur,
2602 3641 2702 3696 hoc
2731 3644 2782 3697 in
2816 3644 3083 3700 universis
3110 3645 3195 3701 lex
3229 3649 3495 3702 naturalis
3529 3649 3802 3719 intelligit,

2195 3736 2297 3788 hoc
2324 3735 2762 3791 ordinatissimus
2794 3738 2978 3792 mundi
3003 3748 3180 3793 motus
3202 3741 3460 3795 ostendit.
3494 3742 3627 3807 Quis
3658 3743 3804 3796 enim

2193 3828 2472 3897 gentilium
2505 3828 2610 3885 hoc
2629 3830 2825 3887 audeat
2847 3830 3052 3898 dicere,
3073 3837 3159 3888 cui
3189 3834 3241 3888 in
3274 3846 3562 3905 prospectu
3590 3850 3807 3906 semper

2195 3928 2320 3971 sunt
2343 3918 2466 3973 cteli
2492 3930 2759 3991 terraeque
2781 3937 2842 3976 ac
2872 3927 3036 3978 maris
3057 3925 3324 3981 elementa
3349 3927 3653 3980 distincta?
3682 3928 3808 3998 quis

2195 4009 2505 4066 Juda-orum
2536 4015 2639 4069 hoc
2665 4016 2930 4086 suspicari
2959 4028 3142 4086 queat,
3176 4018 3243 4072 ad
3277 4035 3445 4088 quem
3468 4020 3681 4074 tradita:
3711 4038 3810 4090 per

2197 4105 2417 4177 Moysen
2470 4107 2600 4178 tegis
2653 4111 2878 4165 scicntia
2935 4115 3430 4183 quantulacumque
3473 4114 3810 4184 pervenerit,

2197 4185 2322 4254 cu'm
2367 4201 2626 4270 scriptum
2679 4212 2733 4256 et
2778 4214 3037 4273 agnoscat
3070 4214 3124 4258 et
3155 4206 3363 4273 credat,
3391 4207 3533 4260 nuda
3561 4206 3813 4261 discissis

2200 4290 2371 4347 Rubri
2411 4293 2575 4348 matis
2614 4295 2870 4350 fluctibus
2908 4296 3176 4366 profunda
3221 4300 3485 4368 patuisse,
3528 4309 3584 4354 et
3631 4309 3810 4354 tutotn

2201 4385 2305 4439 iter
2335 4385 2387 4439 in
2422 4388 2612 4456 pelago
2652 4389 2818 4457 pediti
2857 4389 3156 4458 praebuisse
3192 4397 3410 4445 terreno
3448 4389 3649 4461 (Exod.
3692 4407 3812 4454 xiv,

2204 4477 2326 4550 18);
2362 4478 2701 4552 divisumque
2738 4481 3030 4537 Jordauem
3069 4483 3339 4552 resupinis
3383 4483 3435 4538 in
3480 4483 3684 4539 fontem
3717 4501 3813 4539 re-

501 4594 558 4642 et
588 4586 836 4656 probatio
854 4631 869 4656 ,
898 4599 981 4642 sat
1006 4597 1110 4642 est.
1138 4587 1358 4642 Testem
1381 4586 1578 4643 invoco
1602 4588 1772 4644 Deum
1794 4603 1960 4659 super
1980 4593 2084 4648 ani.

2206 4570 2426 4628 ﬂuxisse
2453 4577 2756 4644 gurgitibus
2785 4571 2988 4645 (Josue,
3021 4574 3300 4645 in);596
3321 4577 3403 4630 vel
3428 4577 3743 4640 mortalem,
3761 4579 3816 4630 in

503 4701 645 4742 mam
675 4700 849 4740 meam
871 4725 887 4754 ,
921 4684 1218 4740 beatissimi
1247 4684 1590 4752 sacerdotes,
1618 4685 1983 4740 scribentibus
2006 4700 2102 4740 vo-

505 4790 588 4844 bis
621 4789 934 4844 bzeceadem
967 4803 1291 4858 mecumque
1310 4785 1670 4850 testantibus,
1695 4786 1898 4841 nullam
1930 4801 2016 4842 me
2046 4786 2099 4842 in

503 4883 596 4938 illo
613 4892 880 4938 conventu
902 4890 1085 4937 vestro
1107 4895 1204 4936 ore
1225 4894 1349 4936 meo
1369 4878 1661 4949 protulisse
1685 4879 2100 4949 blasphemiam,

507 4993 684 5047 neque
731 4979 1106 5048 hujuscemodi
1154 4978 1318 5033 verba
1371 4993 1492 5048 quas
1522 4978 1658 5033 mihi
1708 4979 1776 5033 ab
1842 4979 2103 5050 episcopo

507 5073 718 5133 Joanne
759 5085 885 5132 sunt
912 5076 1124 5145 objecta
1173 5074 1382 5129 dixisse
1412 5092 1423 5127 :
1459 5073 1564 5129 hoc
1593 5084 1710 5141 est,
1744 5093 1764 5126 σ
1790 5074 1954 5131 etiam
1984 5091 2109 5132 eum

511 5171 604 5226 Dei
627 5170 900 5231 adiutorio
926 5184 1032 5224 non
1055 5183 1217 5238 posse
1235 5181 1358 5222 esse
1381 5167 1658 5223 hominem
1682 5167 1804 5223 sine
1827 5178 2066 5237 peccato.
2083 5185 2104 5221 ι

509 5263 858 5321 Satisfactum
905 5266 1070 5318 etiam
1119 5260 1463 5317 contentioni
1501 5261 1779 5332 opinionis
1827 5261 2030 5332 ignaras
2071 5277 2103 5318 tt

511 5359 670 5413 nobis
707 5357 828 5412 ideo
865 5357 1010 5423 volo,
1039 5371 1106 5411 ne
1137 5355 1276 5410 forte
1305 5371 1335 5410 a
1368 5355 1526 5411 vobis
1561 5353 1782 5426 quidem
1817 5369 1923 5411 non
1956 5355 2108 5410 audi-

509 5462 657 5518 tum,
688 5466 718 5505 a
751 5466 836 5506 me
867 5459 1046 5506 tamen
1090 5449 1292 5504 dictum
1336 5455 1622 5518 putantes,
1673 5447 1983 5504 testimonio
2029 5449 2109 5504 la-

2207 4680 2431 4737 corpore
2456 4707 2473 4734 ,
2505 4669 2709 4723 lleliam
2763 4677 3011 4725 evectum
3043 4671 3277 4724 flammei
3308 4684 3503 4724 currus
3533 4670 3677 4740 igne,
3714 4687 3818 4726 nec

2209 4762 2394 4817 laesum
2440 4765 2541 4834 (IV
2577 4761 2707 4837 Reg.
2741 4767 2839 4835 it);
2876 4765 2958 4822 vel
2989 4768 3308 4836 praeparatis
3364 4779 3622 4822 onustum
3664 4768 3819 4822 escis

2210 4859 2449 4926 Abacuc,
2483 4870 2544 4915 ut
2560 4855 2749 4930 jejuno
2781 4859 2886 4930 [AL
2916 4861 3301 4932 jejuniojinter
3318 4863 3627 4918 esurientes
3668 4863 3817 4919 feras

2204 4963 2353 5033 justo
2382 4973 2667 5038 prandium
2715 4977 3051 5031 ministraret
3094 4976 3263 5046 (Dan.
3314 4976 3447 5046 xlv),
3498 4985 3558 5028 nt
3597 4974 3819 5044 vulgata

2214 5082 2399 5125 narrat
2427 5071 2614 5136 editio,
2650 5071 2700 5125 in
2733 5082 3010 5126 momento
3043 5070 3149 5125 diei
3188 5087 3215 5124 a
3256 5069 3439 5125 Judzea
3481 5070 3533 5123 in
3576 5068 3817 5140 Babylo-

2215 5165 2357 5219 niam
2402 5169 2720 5222 translatuin
2770 5167 2934 5221 fuisse
2987 5167 3232 5236 protinus
3273 5180 3335 5218 ac
3379 5163 3649 5219 relatum?
3677 5161 3819 5228 Quis

2215 5262 2317 5318 hoc
2344 5264 2680 5318 (lbristianns
2711 5262 2764 5316 in
2796 5278 2892 5317 eor
2927 5278 3107 5324 suum.
3159 5262 3243 5316 vel
3287 5263 3341 5316 in
3387 5269 3569 5314 atomo
3613 5257 3821 5326 cogita-

2215 5355 2378 5413 tionis
2427 5358 2712 5413 admittat?
2760 5357 2850 5427 qui
2902 5358 3035 5412 sciat
3085 5355 3346 5411 Lazarum
3393 5351 3820 5424 quatriduanum

2215 5461 2514 5521 mortuum,
2545 5452 2842 5509 fetentibus
2875 5450 3156 5517 membris,
3188 5464 3252 5506 ac
3295 5447 3494 5519 liquida
3522 5447 3634 5518 jam
3675 5449 3819 5501 intra

1778 5578 2229 5640 HAVERCAHPI
2267 5581 2500 5642 NOTE.

587 5735 612 5763 ⁸
639 5724 955 5781 Gallandius
985 5723 1138 5778 malit
1157 5731 1345 5777 tantos.

587 5797 613 5837 ι’
638 5798 726 5853 Sic
749 5812 964 5867 quoque
983 5795 1103 5851 vult
1121 5793 1437 5849 Gallandius
1455 5807 1576 5864 pro,
1595 5791 1738 5864 quod
1753 5802 1868 5850 erat
1884 5792 1937 5848 in
1951 5805 2107 5859 mss.,

2213 5723 2477 5793 conqueri.
