4076 6352
291 270 425 331 {ibi

1378 274 1582 333 LIBER
1628 275 1713 332 DE
1751 272 2055 333 ARBITRII
2097 273 2512 335 LIBERTATE.

3453 280 3592 338 “8%

288 398 463 445 semet
494 391 634 462 pelle
662 391 1023 463 fluitantibus,
1072 390 1278 448 domini
1323 393 1523 449 devoto
1570 393 1888 463 prosiluisse
1913 395 1963 455 Α
1991 393 2344 464 arguentibus
2372 391 2491 449 aliis
2517 407 2624 449 non
2672 394 2927 465 negavit:
2962 402 3054 450 aut
3085 393 3455 451 testimonium
3496 396 3594 451 fal-

287 483 513 539 servitio
541 482 723 554 (Joan.
756 484 869 555 xi);
910 485 1002 556 qui
1044 486 1235 556 legerit
1272 501 1471 542 caecum
1513 502 1541 540 a
1582 486 1888 557 nativitate,

284 574 647 658 eumdemque
672 576 782 645 jam
813 584 1029 634 aetatem
1058 577 1372 647 habentem,
1407 580 1491 634 vel
1524 578 1679 635 factis
1711 578 1892 634 subito

285 668 372 721 vel
403 665 623 722 refectis
653 667 890 740 viguisse
920 668 1219 726 luminibus
1248 669 1429 739 (Joan.
1463 669 1584 741 tx);
1630 671 1721 741 qui
1763 684 1889 740 pro-

283 756 494 814 baverit
518 767 731 824 ventos,
765 758 962 816 ﬂuctus
991 775 1057 816 ac
1089 770 1463 832 tempestates,
1497 762 1768 831 simulque
1806 761 1891 815 in-

285 850 461 906 vicem
508 852 782 906 elementa
840 852 1079 908 rixantia
1140 853 1443 908 Duminicae
1500 852 1893 922 increpationis

285 944 472 999 audito
503 954 877 1002 mansuetasse
904 956 1177 1017 praecepto
1209 947 1426 1019 (Matth.
1458 946 1613 1018 Vill);
1647 946 1738 1017 qui
1769 961 1892 1001 cre-

284 1024 631 1093 dat'Petrum
662 1038 865 1094 carnali
892 1041 1108 1095 sarcina
1138 1054 1381 1111 gravem,
1413 1050 1469 1096 et
1499 1050 1582 1095 ter
1608 1039 1891 1094 dominum

289 1131 549 1186 continuo
577 1142 919 1203 negaturum,
953 1146 1119 1204 super
1149 1131 1386 1188 tumidos
1415 1132 1610 1188 ﬂuctus
1643 1131 1893 1203 pendulis

286 1224 578 1281 incessisse
602 1226 843 1298 vestigiis
877 1224 1092 1298 (Matth.
1130 1227 1285 1298 xxv)?

357 1318 445 1374 10.
481 1319 665 1390 Itaque
718 1322 1007 1376 universos
1056 1319 1307 1376 homines
1353 1320 1616 1387 arbitror,
1661 1320 1744 1376 vel
1791 1320 1888 1391 qui

279 1412 569 1468 excellenti
602 1411 707 1468 fide
735 1424 791 1468 et
820 1411 1086 1483 sapientia
1116 1411 1330 1483 praediti
1373 1420 1523 1479 sunt,
1566 1413 1651 1468 vel
1693 1412 1784 1483 qui
1832 1397 1892 1468 se

281 1504 438 1561 aliter
479 1504 699 1572 habent,
742 1504 867 1574 hoc,
911 1506 1053 1576 quod
1096 1507 1236 1562 Deus
1277 1505 1460 1562 omnia
1492 1514 1688 1577 potest,
1719 1520 1886 1561 vene-

278 1599 410 1669 rari,
445 1598 690 1668 credere,
712 1598 984 1656 confiteri.
1008 1598 1134 1656 Ideo
1161 1600 1307 1656 enim
1331 1600 1658 1672 generaliter
1681 1600 1750 1657 ab
1772 1598 1890 1655 nui-

279 1706 438 1747 versa
469 1700 718 1748 creatura
748 1692 948 1749 dicitur
986 1694 1354 1765 omnipotens,
1387 1693 1511 1765 quia
1553 1695 1736 1749 omnia
1788 1708 1888 1763 po-

1992 478 2180 540 sorum
2207 487 2427 542 testium
2461 486 2728 543 Dominus
2745 487 2930 553 Jesus,
2959 488 3089 557 quia
3111 489 3301 556 tacuit,
3333 492 3593 563 approba-

1992 578 2090 633 vit.
2124 577 2276 646 Quod
2311 579 2356 632 si
2385 578 2528 649 apud
2555 593 2681 645 vos,
2710 594 2819 636 non
2850 594 3103 652 negasse,
3132 580 3340 637 dixisse
3371 591 3456 637 est
3482 600 3495 635 :
3527 589 3582 638 et

1993 671 2533 739 tacuisse,clatnasse
2556 681 2640 728 est
2665 692 2678 726 :
2709 672 2907 729 frustra
2933 673 3105 730 David
3134 674 3399 744 postulat:
3420 672 3584 743 Pone,

1996 764 2238 831 Domine,
2261 764 2548 819 custodiam
2561 768 2639 819 ori
2659 782 2789 831 meo,
2813 776 2860 820 et
2889 768 3076 822 ostium
3089 768 3495 824 circumstantia:
3514 771 3596 825 fa-

1993 856 2089 912 biis
2118 859 2242 913 meis
2269 857 2289 930 (
2315 855 2464 913 Psal.
2494 873 2617 926 cve,
2651 860 2743 929 5);
2798 858 2997 916 frustra
3029 871 3083 917 et
3128 876 3231 932 ego
3261 875 3348 917 me
3382 876 3489 916 non
3519 861 3594 916 di-

1994 949 2141 1004 xisse
2165 950 2217 1004 in
2249 964 2358 1020 quo
2389 966 2609 1020 arguor,
2638 950 2868 1008 testibus
2894 963 2946 1007 et
2978 952 3359 1009 testificatione
3391 952 3594 1009 confir-

1995 1055 2105 1108 mo,
2141 1043 2185 1096 si
2209 1042 2350 1099 alter
2371 1044 2561 1099 audire
2588 1045 2784 1116 potuit,
2812 1045 2956 1117 quod
2991 1061 3144 1102 meus
3166 1060 3350 1101 sermo
3377 1061 3483 1100 non
3511 1046 3596 1101 di-

1995 1132 2097 1187 xit.
2129 1133 2238 1190 Sed
2269 1135 2537 1203 concedo,
2563 1144 2622 1192 ut
2658 1137 2803 1208 quod
2834 1152 3177 1208 nequaquam
3222 1137 3459 1204 dixeris,
3494 1153 3593 1209 pro

1994 1224 2146 1281 dicto
2174 1227 2556 1296 accipiendum
2606 1236 2784 1299 putes.
2829 1229 2970 1297 Quid
3007 1229 3220 1303 agimus
3253 1246 3318 1286 ex
3355 1245 3420 1286 (ο
3448 1231 3591 1302 quod

1996 1320 2337 1377 invenientes
2367 1336 2432 1376 ex
2457 1335 2621 1377 sensu
2652 1322 3029 1379 diversitatem
3058 1325 3350 1391 sermonis,
3373 1324 3594 1395 junctu—

1999 1416 2077 1470 ris
2106 1414 2449 1471 discordibus
2475 1431 2584 1469 non
2605 1414 2906 1483 cobazrent,
2937 1418 3081 1487 quod
3113 1419 3228 1489 ipsa
3249 1432 3466 1489 quoque
3500 1433 3593 1489 pa-

1993 1508 2123 1579 gina
2146 1508 2518 1579 discrepantia
2553 1510 2609 1564 in
2647 1525 2708 1564 se
2763 1509 2929 1567 verba
2973 1526 3080 1566 non
3111 1510 3341 1582 recipit?
3381 1511 3591 1567 Scribis

1992 1603 2140 1658 enim
2172 1620 2183 1655 :
2210 1619 2229 1655 ι
2270 1601 2439 1658 Posse
2465 1601 2745 1659 hominem
2767 1604 2887 1659 sine
2907 1613 3134 1676 peccato
3155 1619 3278 1661 esse
3310 1622 3322 1658 :
3352 1615 3406 1660 et
3435 1604 3592 1660 facile

1993 1693 2091 1750 Dei
2121 1694 2374 1750 mandata
2403 1696 2706 1763 custodire,
2732 1696 2777 1752 si
2812 1697 2959 1753 velit.
2991 1717 3012 1751 ι
3040 1696 3107 1752 Ει
3131 1696 3590 1768 quemadmodum

279 1794 403 1839 test.
444 1785 511 1841 Et
536 1785 661 1853 hoc,
691 1794 776 1842 est
808 1787 949 1842 Deus
974 1787 1147 1855 solus,
1178 1787 1272 1859 qui
1301 1788 1377 1843 ait
1407 1805 1419 1841 :
1453 1786 1585 1842 Haec
1611 1788 1754 1859 apud
1793 1788 1887 1842 Ito-
1917 1779 1967 1841 B
1995 1788 2339 1845 beatissimus
2366 1797 2521 1860 pater
2543 1790 2905 1863 Hieronymus
2935 1793 3002 1849 de
3023 1792 3125 1849 hac
3144 1793 3335 1849 eadem
3361 1805 3589 1849 senten-

277 1879 442 1932 mines
469 1878 810 1949 impossibilia
837 1889 958 1933 sunt
991 1877 1141 1951 (Luc.
1186 1894 1340 1946 xvut,
1381 1879 1499 1950 27).
1542 1878 1718 1949 Atque
1760 1880 1887 1934 alibi

275 1971 456 2038 docet,
489 1971 677 2028 dicens
703 1989 716 2025 :
750 1972 880 2027 Sine
904 1989 983 2027 me
1003 1972 1134 2028 nihil
1163 1974 1371 2043 potestis
1392 1974 1563 2045 facere
1590 1973 1769 2046 (Joan.
1798 1990 1888 2042 xv,

278 2061 359 2133 5).
395 2064 580 2119 Potest
605 2078 738 2135 ergo
764 2067 948 2120 omnia
970 2064 1026 2120 in
1060 2064 1317 2122 homine:
1351 2066 1446 2137 qui
1481 2068 1666 2137 utique
1706 2076 1891 2138 potest

279 2155 485 2211 omnia.
511 2156 682 2212 Porro
709 2167 890 2213 autem
922 2158 1050 2229 quid
1087 2158 1327 2229 superbit
1360 2169 1504 2214 terra
1532 2168 1586 2215 et
1628 2158 1786 2230 cinis,
1835 2169 1893 2213 ut

278 2248 444 2317 dicat,
479 2248 644 2304 homo
677 2260 872 2319 potest,
901 2264 1026 2306 cum
1072 2252 1213 2306 Deus
1259 2250 1469 2321 possit?
1511 2249 1721 2306 Clamat
1755 2259 1894 2321 Apo-

279 2340 449 2395 stolus
476 2359 487 2393 :
519 2338 704 2395 Gratia
730 2342 843 2413 ejus
873 2359 987 2397 sum
1011 2343 1149 2414 quod
1170 2359 1307 2410 sum,
1330 2352 1378 2397 et
1404 2343 1575 2415 gratia
1600 2347 1712 2415 ejus
1734 2359 1894 2416 egena

279 2433 333 2486 in
360 2448 439 2486 me
467 2448 571 2487 non
600 2434 717 2504 fuit,
747 2434 837 2488 sed
861 2434 1213 2490 abundantius
1236 2436 1343 2491 illis
1364 2436 1604 2491 omnibus
1628 2435 1891 2491 laboravi:

281 2540 394 2579 non
415 2541 508 2596 ego
537 2534 733 2593 autem,
763 2526 856 2581 sed
874 2529 1047 2601 gratia
1074 2528 1170 2583 Dei
1199 2545 1397 2584 mecum
1420 2529 1467 2602 (ι
1493 2528 1615 2584 Cor.
1649 2545 1741 2599 xv,
1776 2528 1888 2602 10).

280 2619 447 2687 Quid,
480 2620 698 2676 incaute
731 2632 1092 2693 praesumptor
1118 2624 1343 2694 aspicis,
1373 2624 1500 2694 quia
1537 2622 1758 2692 dixerit,
1788 2639 1894 2677 me-

280 2712 434 2768 cum?
460 2714 695 2770 Attende
718 2715 848 2784 quia
879 2716 1227 2784 praemiserit,
1259 2732 1363 2770 non
1400 2731 1513 2787 ego.
1550 2717 1893 2786 Quapropter

282 2807 340 2863 in
369 2807 483 2863 haec
509 2807 618 2865 duo
649 2810 839 2876 verba,
868 2825 973 2865 non
1000 2826 1119 2882 ego,
1140 2818 1196 2867 et
1214 2825 1437 2875 mecum,
1466 2809 1637 2881 gratia
1658 2808 1752 2864 Dei
1778 2824 1894 2865 me-

280 2901 364 2956 dia
396 2913 519 2958 est:
552 2902 706 2973 cujus
733 2910 822 2958 est
849 2918 981 2959 vere
1012 2911 1059 2957 et
1082 2903 1214 2958 velle
1252 2913 1299 2957 et
1340 2903 1587 2973 perﬁcere
1624 2917 1720 2972 pro
1760 2901 1891 2956 bona

286 2997 546 3051 voluntate
575 2994 843 3068 (Philipp.
873 3011 935 3061 ll,
970 2996 1081 3067 15),
1115 3005 1171 3051 et
1197 3004 1373 3050 tamen
1404 2995 1685 3050 voluntate
1717 2993 1892 3049 homi—

280 3088 383 3146 nis.
421 3088 572 3144 Unde
595 3097 650 3144 et
690 3087 789 3145 ille
830 3088 1071 3145 conlisus
1117 3098 1225 3154 est,
1272 3098 1332 3144 ut
1372 3088 1600 3155 diceret,
1647 3103 1964 3192 mecum:c

280 3180 405 3249 quia
429 3179 663 3249 dixerat,
688 3196 792 3237 non
813 3197 926 3253 ego.
954 3181 1014 3236 in
1042 3181 1322 3237 voluntate
1349 3196 1482 3252 ergo
1511 3180 1743 3235 hominis
1768 3195 1891 3251 gra-

282 3273 357 3328 tia
385 3272 581 3329 divinae
606 3274 822 3329 virtutis
850 3286 1128 3345 operatur,
1159 3290 1280 3345 quae
1311 3283 1365 3329 et
1396 3273 1500 3329 hoc
1530 3276 1706 3343 ipsum
1751 3271 1891 3329 velle

280 3368 518 3425 donavit.
552 3368 625 3425 Ita
653 3371 988 3426 conscientia
1018 3370 1252 3426 hominis
1294 3368 1582 3439 profitetur
1620 3377 1677 3424 ut
1718 3368 1887 3436 dicat,

280 3479 384 3517 non
408 3478 501 3534 ego
522 3478 543 3519 :
566 3464 738 3535 gratia
770 3463 862 3519 Dei
890 3462 1138 3534 largitur,
1169 3472 1229 3517 ut
1252 3478 1472 3530 mecum,
1495 3460 1655 3533 597
1691 3461 1891 3516 clamat

279 3556 575 3626 Apostolus
601 3574 612 3611 :
635 3555 821 3613 Gratia
848 3557 945 3612 Dei
971 3573 1086 3611 sum
1114 3557 1253 3627 quod
1281 3572 1398 3611 sum
1430 3554 1483 3628 (ι
1506 3553 1627 3610 Cor.
1655 3569 1746 3622 xv,
1772 3554 1885 3627 10).

278 3651 600 3707 Meminerat
622 3651 767 3706 cnim
794 3649 1008 3706 Domini
1037 3647 1390 3719 praedicantis
1415 3665 1429 3702 :
1468 3645 1636 3701 Nemo
1663 3647 1798 3701 venit
1819 3646 1890 3700 ad
1918 3658 1923 3665 ί

278 3763 380 3815 me,
406 3746 508 3800 nisi
526 3761 679 3815 quem
707 3743 871 3798 Pater
896 3743 1170 3797 attraxerit
1203 3739 1387 3814 (Joan.
1420 3755 1495 3811 γι,
1525 3737 1642 3810 44).
1675 3739 1741 3794 Ει
1769 3753 1889 3794 rur-

280 3854 398 3893 sum
429 3837 592 3893 alibi:
626 3834 742 3907 Ego
770 3845 944 3890 autem
980 3833 1239 3890 vobiscum
1275 3848 1392 3887 sum
1429 3829 1668 3887 omnibus
1705 3829 1888 3885 diebus

278 3949 440 4003 usque
463 3931 532 3987 ad
554 3932 1048 3987 consummationem
1073 3930 1249 3986 swculi
1278 3928 1501 4000 (Matth.
1533 3944 1723 3996 xxvm,
1766 3927 1883 4000 20).

280 4029 348 4084 Ει
396 4028 451 4083 in
503 4029 609 4083 alio
648 4028 768 4083 loco
807 4028 874 4082 de
914 4025 1118 4097 Spiritu
1158 4034 1349 4081 sancto
1386 4024 1467 4079 sic
1503 4023 1619 4079 ait:
1661 4021 1889 4095 Expedit

277 4121 443 4189 vobis,
476 4130 531 4176 ut
558 4137 648 4192 ego
677 4134 826 4175 eam:
856 4135 978 4174 nam
998 4120 1044 4173 si
1074 4133 1177 4172 non
1208 4116 1404 4186 abiero,
1429 4131 1533 4170 nou
1554 4115 1716 4171 veniet
1750 4117 1884 4169 Cou-

276 4214 473 4267 solator
495 4211 587 4267 ille
610 4213 679 4267 ad
705 4228 812 4267 vos.
847 4210 908 4267 Si
934 4220 1109 4265 autem
1136 4210 1268 4277 iero,
1300 4209 1505 4262 mittam
1541 4224 1657 4264 eum
1690 4208 1762 4263 ad
1795 4222 1889 4264 vos

278 4305 467 4378 (Joan.
492 4320 604 4375 XVI,
640 4306 718 4376 7).

354 4400 442 4453 il.
475 4396 686 4461 Infelix,
716 4410 751 4453 ο
777 4397 942 4453 homo
962 4436 980 4466 ,
1008 4398 1308 4455 secundum
1339 4398 1628 4455 veritatem
1660 4402 1883 4451 senten-

1996 1884 2063 1938 lia
2099 1885 2150 1939 in
2166 1885 2420 1953 epistola,
2448 1901 2611 1957 quam
2643 1886 2707 1942 ad
2730 1887 3140 1959 Ctesiphontem
3172 1889 3394 1958 scribit,
3420 1904 3593 1959 expo-

1993 1978 2122 2031 suit.
2150 1977 2457 2035 Novissime
2483 1979 2636 2050 quasi
2660 1995 2727 2035 ex
2750 1982 3079 2051 gravissimo
3112 1996 3310 2037 somno
3345 1981 3595 2052 expergi-

1995 2083 2154 2126 scens
2202 2070 2415 2143 adjicis,
2455 2091 2475 2125 ι
2511 2072 2628 2128 Non
2672 2074 2792 2131 sine
2835 2075 3104 2139 adiutorio
3148 2076 3314 2149 598
3339 2075 3485 2132 Dei?
3528 2076 3589 2132 In

1998 2162 2100 2219 hoc
2139 2169 2284 2221 enim
2343 2178 2608 2238 repugnat
2657 2166 2757 2222 tibi
2788 2169 2906 2239 ipsa
2944 2171 3169 2236 veritas,
3221 2181 3276 2226 et
3306 2171 3588 2227 reclamat.

1995 2259 2132 2327 Quid
2155 2274 2255 2330 per
2284 2260 2623 2315 fastidiosum
2673 2270 2966 2324 tumorem.
2999 2274 3467 2335 nauseantemque
3496 2279 3590 2322 ve-

1997 2351 2311 2406 recundiam
2344 2368 2453 2407 non
2482 2354 2858 2409 necessarium
2900 2354 2998 2409 tibi
3040 2354 3092 2409 in
3136 2370 3233 2411 ore
3267 2365 3356 2411 tuo
3382 2355 3598 2426 adjuto-

1996 2445 2135 2501 rium
2161 2446 2253 2501 Dei
2293 2445 2529 2514 detines,
2561 2449 2652 2519 qui
2686 2447 2863 2504 facilia
2897 2448 2991 2504 tibi
3033 2458 3227 2505 cuncta
3264 2449 3594 2506 arbitraris?

1995 2537 2235 2595 Summis
2258 2537 2420 2595 labiis
2438 2554 2526 2595 me
2540 2540 2807 2608 honoras,
2830 2556 2925 2597 cor
2950 2550 3130 2598 autem
3159 2553 3310 2598 tuum
3329 2542 3490 2613 longe
3511 2548 3597 2597 est

1998 2645 2026 2685 a
2056 2645 2143 2686 me
2168 2629 2307 2703 (Isa.
2340 2648 2493 2702 xxix,
2522 2633 2634 2704 15).
2658 2632 2777 2689 Non
2809 2641 2897 2694 est
2918 2649 3054 2704 opus
3079 2634 3295 2690 duobus
3319 2634 3371 2689 in
3404 2648 3598 2713 opera-

1997 2723 2165 2788 tione,
2189 2721 2336 2794 quod
2366 2725 2459 2779 uni
2494 2722 2653 2781 facile
2680 2734 2764 2779 est
2791 2742 2803 2777 :
2835 2724 3145 2796 frustraque
3172 2740 3233 2781 se
3251 2726 3425 2797 gratia
3454 2726 3594 2781 divi-

1998 2814 2181 2869 nitatis
2229 2814 2527 2882 interserit,
2573 2814 2667 2870 ubi
2724 2814 2923 2871 fatetur
2951 2831 3011 2871 se
3060 2814 3235 2871 homo
3260 2816 3407 2887 quod
3437 2815 3596 2873 facile

1997 2908 2193 2980 pessit,
2234 2909 2279 2963 si
2315 2909 2465 2965 velit.
2499 2909 2581 2965 Tu
2610 2909 2822 2966 volenti
2868 2910 3043 2967 facilia
3076 2925 3197 2967 csse
3230 2911 3481 2966 mandata
3512 2909 3597 2966 di-

1996 3001 2126 3059 xisti
2163 3011 2259 3058 :at
2292 3017 2394 3073 ego
2422 3004 2586 3059 etiam
2635 3003 2766 3060 illud
2808 3019 3017 3074 assero,
3060 3006 3206 3076 quod
3251 3015 3307 3062 et
3354 3005 3599 3061 difficilia

1996 3095 2148 3152 dicas
2172 3095 2457 3166 compleri.
2496 3096 2702 3152 Tamen
2727 3113 2945 3169 quoquo
2986 3098 3148 3153 modo
3177 3113 3273 3169 per
3314 3099 3590 3154 hominem

1998 3205 2161 3261 posse
2190 3191 2503 3261 promittas,
2538 3191 2823 3248 dominum
2867 3194 3168 3263 exprobras
3213 3194 3469 3261 invidize,
3501 3195 3595 3266 qui

1993 3284 2255 3355 adjuncto
2281 3284 2552 3355 adiutorio
2579 3300 2681 3341 suo
2717 3294 2892 3342 tentet
2913 3286 3226 3351 ascribere,
3260 3287 3406 3357 quod
3443 3288 3593 3343 solus

1995 3392 2091 3448 per
2117 3376 2451 3433 voluntatem
2503 3378 2666 3431 humo
2697 3379 2965 3448 potuisset
3012 3378 3269 3448 implere.
3312 3379 3420 3433 Aut
3458 3379 3590 3434 tolle

1995 3470 2228 3539 homini,
2260 3471 2306 3526 si
2329 3458 2468 3536 uelit,
2494 3478 2546 3525 et
2583 3470 2774 3542 gratim
2815 3470 3050 3537 ascribe,
3084 3470 3223 3543 quod
3264 3471 3472 3542 possit:
3500 3482 3593 3525 aut

1992 3563 2120 3634 quia
2149 3563 2354 3617 homini
2373 3562 2568 3619 tribuis
2594 3578 2758 3632 posse
2787 3578 2911 3618 cum
2932 3562 3087 3627 velit,
3111 3578 3336 3619 remove
3366 3563 3589 3618 simula-

1994 3669 2102 3712 tam
2128 3657 2320 3727 gratia:
2345 3656 2748 3727 palpatamque,
2775 3672 2875 3712 nec
2905 3657 3271 3713 cohzerentem
3298 3656 3589 3727 participa-

1994 3750 2217 3817 tionem,
2255 3758 2312 3805 et
2349 3750 2550 3805 nudam
2589 3765 2656 3806 ex
2707 3749 3036 3807 abundantia
3092 3748 3279 3805 cordis
3328 3748 3587 3821 profitere

1990 3843 2408 3916 blasphemiam.
2824 3911 2827 3914 ν
3182 3892 3185 3893 ν

2064 3939 2152 3993 12.
2182 3937 2289 3995 Sed
2318 3951 2561 3993 mearum
2586 3937 2690 3992 ista
2724 3935 2959 4007 partium
2994 3950 3103 3991 non
3134 3944 3261 3991 sunt
3299 3934 3464 3991 latius
3505 3936 3587 3989 in-

1990 4029 2191 4101 dagare
2220 4047 2231 4082 :
2267 4030 2569 4100 przesertim
2594 4029 2740 4084 unde
2768 4027 3073 4084 beatissimi
3098 4037 3303 4099 patres,
3332 4026 3588 4097 Angusti-

1990 4138 2094 4179 nus
2116 4132 2167 4179 et
2204 4123 2588 4194 llieronymus,
2625 4121 2996 4194 plenissimam
3027 4119 3585 4177 convictashaereseos

1992 4216 2367 4286 probationem
2404 4214 2838 4272 occidentalibus
2887 4214 3185 4285 provinciis
3216 4213 3587 4269 tradiderunt.

1991 4312 2072 4367 Ad
2102 4313 2436 4381 propositam
2463 4324 2626 4380 supra
2654 4309 2874 4365 redeam
2904 4310 3289 4380 quaestionem,
3313 4306 3379 4361 ad
3416 4320 3581 4376 quam

1991 4425 2096 4463 non
2131 4405 2322 4463 fiducia
2366 4406 2662 4463 suscitatus
2702 4405 2933 4476 ingenii,
2989 4402 3086 4460 sed
3137 4401 3334 4472 injuria
3397 4410 3579 4455 motus

281 4492 375 4547 lla}
412 4490 545 4546 Dei!
576 4490 736 4546 Pater
764 4500 815 4547 te
854 4492 1103 4559 attrahit,
1131 4491 1305 4548 Filius
1328 4502 1505 4548 tecum
1543 4502 1649 4559 est,
1683 4500 1735 4547 ει
1765 4491 1884 4561 Spi-
1913 4465 2220 4580 accessi,
2284 4499 2452 4564 Dicis,
2529 4514 2690 4570 passe
2744 4465 2802 4554 ὦ
2841 4498 2946 4554 hoc
2996 4497 3199 4553 εωρυιο
3228 4510 3351 4552 esse
3403 4493 3586 4550 hami.

281 4586 426 4639 ritus
451 4584 800 4650 consolatur,
848 4594 904 4640 et
936 4585 989 4640 in
1031 4584 1135 4640 hac
1164 4592 1310 4641 tanta
1341 4586 1539 4641 divinae
1581 4583 1886 4655 maiestatis

279 4675 697 4731 circumstantia
746 4676 918 4731 audes
967 4676 1196 4732 dicere:
1234 4694 1255 4729 ι
1292 4676 1478 4733 Gratia
1518 4677 1741 4749 quidem
1786 4676 1883 4732 Dei

279 4767 598 4837 adjuvante,
622 4767 719 4823 sed
753 4782 871 4824 mea
923 4767 1287 4839 possibilitate
1327 4783 1447 4823 sum
1497 4770 1643 4839 quod
1673 4769 1829 4825 sum?
1859 4788 1879 4824 ι

285 4862 509 4917 Asseris
543 4861 687 4917 enim
711 4875 854 4917 nunc
881 4869 1007 4932 post
1034 4861 1177 4918 banc
1214 4864 1420 4918 sociam
1454 4862 1677 4933 antiquo
1702 4863 1883 4919 errori

279 4954 720 5012 emendationem
754 4974 767 5009 :
805 4975 826 5010 ι
865 4957 1054 5014 Potest
1109 4956 1274 5013 homo
1314 4959 1434 5013 sine
1475 4968 1703 5029 peccato
1758 4975 1883 5017 esse

280 5063 408 5104 cum
438 5048 532 5103 Dei
557 5049 870 5119 adjutorio:
904 5068 922 5101 ι
958 5065 1284 5122 quamquam
1316 5052 1370 5106 in
1406 5053 1683 5122 librotno,
1718 5070 1878 5126 quem

281 5143 722 5199 testimoniorum
749 5144 1060 5201 titulatione
1081 5145 1331 5216 signasti,
1363 5145 1482 5201 lucc
1511 5147 1627 5218 ipsa
1657 5160 1882 5205 senten-

283 5240 382 5305 tia,
415 5239 519 5293 boc
550 5238 714 5294 modo
739 5239 1054 5309 censeripta
1084 5240 1176 5307 sit,
1205 5257 1226 5292 ‹
1260 5254 1419 5311 posse
1446 5240 1724 5298 hominem
1758 5244 1880 5300 sine

282 5340 511 5403 peccato
542 5345 685 5397 esse,
708 5340 768 5386 et
789 5329 948 5386 facile
983 5330 1075 5385 Dei
1099 5331 1356 5387 mandata
1373 5332 1676 5400 custodire,
1705 5335 1752 5389 si
1782 5348 1878 5390 ve-

284 5426 370 5480 lit.
403 5443 423 5477 ι
460 5424 618 5480 Nulla
649 5424 723 5479 ibi
754 5424 927 5494 gratia
967 5424 1083 5491 Dei,
1120 5424 1326 5480 nullum
1348 5423 1681 5494 adjutoriutn
1707 5425 1883 5482 nomi-

282 5523 470 5572 natum
494 5526 601 5583 est,
626 5516 932 5587 quamlibet
959 5514 1155 5571 crebro
1174 5515 1328 5572 dicas
1346 5514 1416 5570 de
1437 5517 1611 5587 gratia
1635 5516 1754 5584 Dei,
1772 5533 1880 5572 non

282 5609 410 5664 ideo
442 5609 659 5679 negavi,
686 5609 812 5680 quia
841 5623 950 5664 non
993 5607 1140 5677 dixi,
1180 5609 1276 5665 sed
1327 5608 1448 5665 ideo
1488 5610 1693 5668 dixisse
1737 5614 1883 5670 acci-

285 5703 522 5774 piettdus
552 5719 695 5771 sum,
748 5703 873 5773 quia
915 5718 1024 5759 non
1068 5703 1281 5773 negavi.
1316 5702 1480 5771 Quasi
1511 5720 1661 5761 avere
1696 5715 1754 5762 et
1779 5706 1882 5764 Su-

284 5809 457 5853 sanna
499 5793 625 5855 ideo
642 5793 712 5857 de
733 5792 1005 5856 adulterio
1027 5790 1277 5855 confessa
1318 5795 1591 5856 credenda
1619 5799 1709 5869 sit,
1753 5803 1880 5875 quia

1990 4617 2114 4658 nem
2145 4601 2265 4655 sine
2293 4604 2520 4669 peccato
2560 4610 2683 4651 cum
2718 4594 2814 4649 Dei
2843 4591 3140 4662 adiutorio.
3173 4589 3253 4645 Tu
3282 4588 3440 4655 dicis,
3486 4601 3587 4658 po-

1991 4707 2093 4754 teSI
2123 4696 2289 4751 homo
2318 4712 2330 4747 :
2358 4709 2460 4762 ego
2487 4690 2632 4758 dico,
2683 4696 2857 4759 potest
2888 4686 3056 4743 Deus.
3085 4684 3222 4741 Tres
3268 4683 3321 4738 in
3365 4680 3586 4738 camino

1989 4803 2188 4860 pueros
2226 4795 2469 4842 aestuans
2496 4784 2794 4840 introrsum
2826 4780 3043 4836 ﬂamma
3080 4795 3187 4834 non
3218 4776 3361 4833 laesit
3412 4773 3580 4845 (Dan.

1985 4884 2093 4953 ιιι).
2134 4879 2268 4948 Quis
2298 4894 2485 4935 eorum
2527 4875 2669 4947 quod
2700 4887 2888 4930 contra
2937 4882 3188 4929 naturam
3230 4868 3432 4925 factum
3473 4878 3581 4933 εει,

1990 4977 2187 5049 potuit,
2235 4985 2489 5029 utrumne
2520 4972 2644 5041 ipsi,
2674 4986 2742 5026 an
2765 4976 2991 5042 quartus
3013 4968 3065 5023 in
3096 4965 3277 5024 medio
3300 4977 3488 5020 eorum
3512 4962 3584 5015 si-

1992 5069 2131 5125 milis
2176 5067 2290 5123 filio
2324 5067 2457 5123 Dei?
2493 5067 2771 5137 Leprosus
2802 5065 3074 5121 exclamat
3099 5081 3112 5116 :
3136 5059 3377 5126 Domine,
3396 5058 3442 5112 si
3482 5057 3580 5122 vis,

1991 5172 2133 5230 potes
2170 5178 2248 5215 me
2269 5160 2526 5215 mundare
2558 5157 2773 5231 (Matth.
2821 5171 2937 5222 VIII,
2974 5154 3055 5227 (ὲ),
3091 5150 3448 5224 possibilitate
3490 5162 3587 5202 vo-

1989 5254 2249 5310 luntatem
2278 5252 2657 5317 manifestans,
2692 5251 3027 5306 voluntatem
3061 5244 3422 5318 possibilitate
3447 5255 3586 5297 con-

1990 5346 2235 5402 firmans.
2262 5345 2384 5417 Ipse
2425 5353 2507 5401 est
2538 5345 2683 5401 enim
2716 5343 2897 5411 solus,
2931 5339 3017 5397 cui
3059 5354 3180 5395 cum
3228 5336 3389 5404 velit,
3420 5347 3584 5406 posse

1990 5440 2257 5497 subsistit.
2289 5439 2654 5495 Accesserunt
2678 5436 2744 5492 ad
2771 5450 2897 5491 eum
2924 5433 3080 5495 caeci,
3111 5440 3169 5486 ut
3210 5429 3586 5485 illuminaren-
3638 5455 3652 5463 -

1986 5545 2092 5601 tur,
2122 5544 2342 5590 orantes
2372 5553 2384 5587 :
2416 5534 2611 5606 quibus
2655 5532 2733 5586 ait
2773 5529 2929 5585 Jesus
2958 5546 2969 5580 :
3003 5525 3247 5590 Creditis,
3292 5523 3432 5595 quod
3463 5537 3585 5591 pos-

1984 5644 2102 5683 sum
2121 5626 2218 5682 Itoc
2241 5627 2413 5698 facere
2434 5624 2600 5700 (Ibid.
2615 5668 2628 5693 ,
2654 5625 2749 5696 ‘28)
2767 5625 2791 5677 ‘f
2811 5620 3070 5678 Dominus
3091 5615 3343 5674 Christus
3371 5628 3584 5669 summo

1987 5721 2211 5792 pra'mio
2245 5719 2367 5775 fidei
2392 5719 2611 5790 dignum
2647 5716 2873 5786 iudicat,
2902 5714 2948 5769 si
2970 5715 3091 5784 quis
3122 5712 3237 5767 haec
3260 5709 3452 5765 Filium
3488 5708 3586 5764 Dei

1986 5826 2147 5886 posse
2177 5811 2492 5882 crediderit,
2524 5821 2581 5870 et
2609 5808 2957 5870 Britannicus
2995 5811 3206 5873 noster,
3226 5808 3229 5809 '
3251 5816 3379 5862 mox
3408 5810 3465 5859 ut
3491 5815 3584 5858 vo-
