4060 6352
512 262 656 324 “83

1932 263 2141 324 PAULI
2174 262 2406 323 OROSII

507 379 691 452 luerit,
720 394 780 437 se
809 394 971 454 posse
1000 379 1269 440 confidit?
1310 378 1483 437 Fidcli
1514 378 1814 452 paralytico
1845 379 2107 436 Dominus
2133 380 2184 441 Α
2211 377 2442 435 familias
2483 376 2604 435 sine
2636 386 2863 450 peccato
2913 378 3036 447 fuit,
3065 380 3154 436 cui
3189 387 3316 436 tunc
3346 379 3532 452 utique
3563 388 3591 418 ιι
3641 378 3812 450 major

508 474 644 531 dicit
675 495 687 531 :
713 476 965 533 Constans
986 484 1116 545 esto,
1140 476 1239 546 ﬁli,
1263 475 1481 531 dimissa
1516 483 1637 531 sunt
1664 475 1754 530 tibi
1783 482 1997 544 peccata
2021 483 2112 531 tua

514 567 733 643 (Matth.
765 585 845 637 Ix,
873 569 972 643 20)
993 589 1005 624 :
1027 578 1083 626 et
1113 583 1259 626 nunc
1279 583 1453 625 novus
1469 568 1729 639 magister
1754 565 2113 638 ministerque

518 677 858 730 mensarum,
913 663 1077 736 599
1122 661 1501 719 remissionem
1530 667 1880 732 peccatorum
1925 658 1994 715 de
2013 672 2112 715 sua

511 757 689 829 magis
718 771 882 813 ausus
916 767 998 812 est
1020 754 1380 828 possibilitate
1402 767 1760 826 praesumere,
1790 766 1892 810 nec
1916 751 1984 810 de
2008 751 2113 808 Do-

512 851 664 907 mino
676 857 957 922 exspectat
977 849 1163 907 audire
1178 850 1202 905 τ
1218 848 1426 907 Scriba:
1448 862 1556 905 non
1579 847 1942 917 intelligentes
1966 845 2112 903 veri-

512 954 701 1012 tatem,
718 951 1060 1001 murmurant
1075 953 1130 1000 et
1145 943 1360 1000 dicunt:
1383 941 1511 1011 Quis
1528 949 1694 1014 potest
1718 940 1976 995 dimittere
1996 955 2113 1009 pec-

514 1048 657 1107 cata,
687 1039 789 1094 nisi
813 1038 957 1093 solus
979 1035 1123 1093 Deus
1141 1036 1339 1110 (Marc.
1369 1052 1427 1105 tl,
1448 1035 1540 1107 7)?
1564 1035 1632 1092 Et
1656 1034 1745 1091 hic
1765 1033 1969 1090 abolita
1990 1044 2114 1089 esse

509 1132 735 1204 judicat,
770 1147 891 1203 qua:
919 1131 1090 1187 Deum
1120 1131 1327 1187 nesciat
1355 1130 1650 1187 dimisisse.

583 1224 673 1280 15.
702 1223 843 1280 Ecce
875 1223 1094 1280 inflatus
1126 1223 1321 1296 spiritu
1351 1224 1533 1280 carnis
1574 1230 1702 1292 tute,
1727 1230 1997 1293 tamquam
2023 1232 2116 1276 su-

510 1329 611 1388 per
657 1314 790 1372 nihil
818 1316 920 1381 sit,
951 1315 1126 1372 libero
1155 1316 1426 1387 superbus
1472 1314 1698 1372 arbitrio
1720 1356 1734 1381 ,
1774 1313 2030 1387 gloriaris
2059 1320 2117 1370 et

511 1408 648 1465 dicis
673 1427 685 1463 :
712 1407 976 1465 Peccator
994 1422 1113 1464 sum
1138 1410 1263 1480 quia
1288 1408 1433 1476 Volo,
1460 1422 1627 1477 pecco
1648 1406 1777 1464 dum
1806 1405 1964 1473 volo;
1989 1419 2113 1460 cum

510 1508 696 1555 autem
728 1515 947 1556 rursum
974 1499 1231 1569 voluero,
1277 1513 1499 1572 possum
1538 1512 1663 1555 esse
1699 1496 1818 1554 sine
1865 1504 2111 1568 peccato.

511 1591 669 1663 Quod
697 1591 855 1661 dicis,
879 1607 1048 1663 pecco
1071 1608 1197 1648 cum
1222 1593 1365 1658 velo,
1391 1608 1579 1649 verum
1603 1598 1721 1647 est:
1747 1590 1871 1662 quia
1893 1599 1950 1645 et
1969 1586 2115 1661 quod

508 1698 680 1756 apere
706 1700 815 1741 non
854 1684 1080 1755 feceris,
1112 1685 1439 1757 cogitatione
1493 1684 1670 1742 fecisti
1704 1703 1716 1738 :
1762 1698 1951 1740 rursus
1991 1696 2114 1738 cum

2214 467 2408 526 domus
2434 468 2679 527 credenti
2713 470 2933 528 initium
2957 471 3150 528 salutis
3174 473 3435 529 intravit?
3461 471 3598 527 Nam
3627 479 3684 527 et
3704 470 3810 527 Da-

2216 560 2306 618 vid
2345 577 2471 618 cum
2514 573 2796 633 peccasset
2826 564 3110 637 ingemuit.
3147 566 3215 621 Et
3240 566 3489 635 quamvis
3527 563 3815 621 meruisset

2213 655 2407 713 audire
2442 655 2726 714 dimissum
2755 659 2859 715 sibi
2892 674 3015 717 esse
3063 658 3356 725 delictum,
3411 659 3583 716 multo
3629 668 3813 715 tamen

2215 756 2404 819 postea
2450 748 2685 820 idipsum
2717 752 2912 809 exsilio
2935 743 3037 820 ,et
3069 753 3305 825 plurimo
3353 751 3594 824 expiavit
3618 767 3816 823 oppro-

2212 840 2334 899 brio
2366 861 2379 896 :
2422 853 2480 899 ut
2519 845 2807 902 manifeste
2834 856 2890 902 et
2933 861 3093 919 ptena
3121 847 3175 903 in
3220 847 3476 919 prtesenti
3518 846 3731 904 reddita
3761 856 3816 905 et

2213 937 2469 994 remissio
2509 939 2561 994 in
2600 939 2842 996 futurum
2874 940 3152 998 reddenda
3181 941 3430 998 videatur
3459 960 3472 996 :
3507 949 3562 997 et
3586 956 3687 1013 per
3712 940 3815 999 hoc

2214 1027 2362 1087 Deus
2395 1028 2624 1087 multum
2673 1031 3063 1089 misericordias
3107 1032 3482 1103 ingemiscenti
3530 1032 3818 1089 donaverit

2215 1124 2519 1192 peccatori,
2553 1132 2613 1180 ut
2661 1134 2944 1196 peccatum
2980 1124 3127 1197 quod
3184 1134 3361 1182 morte
3403 1124 3630 1196 dignum
3673 1134 3811 1199 erat,

2217 1215 2548 1286 temporaria
2590 1216 2944 1279 castigatione
2970 1228 3249 1288 purgaret.
3286 1216 3513 1273 Ananite
3542 1217 3614 1274 de
3643 1216 3812 1273 Paulo

2214 1306 2450 1375 dicitur,
2489 1309 2766 1379 querelam
2812 1310 2881 1366 de
2911 1311 3289 1382 persecutione
3314 1310 3432 1382 ejus
3456 1325 3578 1367 cum
3621 1312 3816 1368 timore

2215 1400 2435 1458 facienti
2467 1421 2479 1456 :
2511 1402 2619 1475 Ego
2657 1404 2954 1460 monstrabo
2986 1403 3068 1458 illi
3103 1413 3300 1476 quanta
3329 1406 3557 1476 patietur
3600 1415 3813 1479 prapter

2215 1510 2399 1550 nomen
2430 1512 2597 1550 meum
2629 1495 2770 1568 (Act.
2803 1512 2880 1562 rx,
2912 1496 3033 1568 16):
3065 1506 3123 1552 ut
3151 1512 3274 1553 cum
3308 1497 3505 1559 Paulus
3536 1497 3611 1554 ibi
3638 1498 3814 1555 solve-

2215 1598 2397 1658 retur,
2444 1590 2537 1646 ubi
2566 1590 2788 1662 ligasset
2815 1591 3197 1662 persequendo
3224 1590 3537 1660 Christum,
3566 1608 3693 1650 mox
3724 1608 3818 1665 pa-

2218 1681 2403 1738 tiendo
2450 1697 2546 1751 pro
2576 1682 2793 1738 Christo
2813 1726 2827 1751 ,
2860 1683 3153 1741 tribulatus
3181 1699 3353 1755 usque
3393 1684 3460 1741 ad
3489 1694 3725 1742 mortem
3764 1687 3815 1744 in

508 1778 660 1842 volo,
689 1791 796 1834 non
828 1792 1016 1849 pecco,
1048 1777 1245 1834 durum
1275 1777 1493 1847 quidem
1516 1793 1582 1835 ac
1611 1776 1856 1845 difficile,
1888 1790 1988 1833 nec
2011 1789 2113 1847 per
2142 1772 2192 1836 B
2217 1776 2625 1834 resurrectione
2681 1776 3016 1849 glorificatus
3075 1778 3364 1837 existeret.
3429 1780 3506 1836 Ita
3563 1779 3625 1835 tit
3690 1781 3815 1852 quia

510 1873 693 1928 omnia
724 1872 945 1941 subest,
997 1873 1092 1928 sed
1122 1880 1301 1929 tamen
1329 1874 1623 1946 aliquando
1666 1871 1782 1929 fieri
1814 1886 1975 1944 posse
2004 1884 2114 1927 non

510 1967 734 2024 dubium
776 1975 897 2024 est:
942 1976 997 2024 at
1041 1984 1175 2024 vero
1224 1983 1388 2040 posse
1440 1983 1563 2025 esse
1602 1968 1722 2025 sine
1748 1975 1995 2040 peccato,
2021 1964 2115 2036 qui

507 2058 800 2129 aliquando
844 2058 1191 2130 peccaverit,
1237 2059 1579 2131 impossibile
1618 2067 1702 2116 est
1743 2059 1947 2131 absque
1996 2057 2113 2113 sola

508 2153 681 2225 gratia
711 2152 984 2224 baptismi,
1017 2153 1108 2209 ubi
1138 2169 1206 2211 ex
1234 2168 1467 2226 persona
1498 2152 1711 2209 Domini
1743 2152 1972 2209 dicitur:
2004 2149 2112 2206 lle-

512 2244 671 2299 missa
700 2254 821 2300 sunt
864 2245 957 2300 tibi
991 2255 1203 2317 peccata
1250 2255 1362 2300 tua.
1396 2245 1551 2315 Quod
1591 2245 1824 2303 suadeor
1851 2244 2107 2301 credere:

507 2337 634 2407 quia
663 2337 944 2406 permittor
972 2338 1184 2394 audire.
1215 2337 1440 2394 Possunt
1468 2353 1602 2410 ergo
1626 2353 1749 2395 esse
1778 2337 1895 2394 sine
1924 2351 2114 2408 pecca-

514 2436 591 2495 to,
630 2428 681 2483 in
729 2427 831 2484 hac
876 2428 1158 2486 dumtaxat
1185 2430 1538 2499 corruptione
1579 2445 1686 2502 qua
1713 2429 1969 2496 vivimus,
2003 2444 2114 2485 non

511 2519 785 2591 suscipio,
813 2534 921 2577 non
954 2536 1257 2592 praesumo,
1305 2537 1412 2579 non
1443 2521 1626 2579 audio.
1673 2521 1730 2579 Si
1760 2525 1904 2580 cnim
1940 2521 2112 2579 David

509 2622 632 2669 orat
659 2615 725 2669 ad
751 2613 1039 2671 Dominum
1059 2614 1197 2669 :Tibi
1216 2616 1317 2670 soli
1345 2617 1568 2687 peccavi,
1593 2625 1643 2671 et
1662 2615 1856 2672 malum
1876 2632 2052 2671 coram
2066 2625 2113 2672 te

506 2706 610 2779 feci
635 2703 812 2779 (Psal.
843 2722 900 2774 ι,
923 2704 1012 2778 6):
1044 2716 1095 2763 et
1128 2707 1424 2764 secundum
1454 2708 1836 2781 Apocalypsim
1860 2708 2107 2776 Joannis,

506 2797 792 2869 judicandi
839 2807 968 2855 sunt
994 2799 1195 2856 mortui
1222 2815 1288 2856 ex
1318 2799 1403 2857 bis
1427 2845 1443 2870 ,
1473 2816 1599 2873 qua:
1624 2816 1808 2858 coram
1842 2802 1953 2859 Deo
1983 2816 2111 2873 pec-

503 2901 788 2961 caverunt,
818 2907 884 2948 ex
911 2892 998 2948 his
1018 2908 1139 2964 qua:
1167 2893 1371 2965 scripta
1406 2901 1533 2950 sunt
1565 2893 1815 2961 inlibris,
1844 2892 2113 2967 recipien-

504 2994 589 3043 tes
617 2986 915 3066 secundum
951 3001 1116 3057 opera
1159 3002 1255 3043 sua
1290 2987 1479 3060 (Apoc.
1522 3004 1593 3045 xx
1616 3030 1632 3057 ,
1662 2989 1745 3061 2).
1794 2990 1901 3046 Cur
1929 3004 2110 3046 meum

505 3076 654 3133 circa
678 3091 766 3133 me
787 3091 1058 3149 praesumo
1082 3077 1370 3150 judicium,
1392 3079 1440 3136 si
1464 3095 1552 3137 me
1573 3081 1688 3137 scio
1710 3081 1872 3138 etiam
1896 3082 1965 3139 de
1992 3083 2111 3153 ipso

2216 1869 2597 1928 misericordia
2632 1880 2688 1928 et
2726 1873 2929 1929 veritas
2971 1882 3217 1944 praeeunt
3243 1888 3458 1945 semper
3491 1873 3690 1932 faciem
3722 1875 3817 1932 Dei

2219 1962 2819 2037 (Psal.1.xsxvltt,15),
2836 1974 2897 2021 ut
2916 1966 2962 2022 si
2984 1965 3038 2022 in
3069 1976 3314 2037 tempore
3336 1967 3404 2023 ab
3428 1967 3818 2039 ingemiscente

2215 2056 2583 2113 voluntarium
2613 2057 2944 2114 sacrificium
2965 2100 2980 2125 ,
3028 2066 3088 2113 ut
3129 2059 3331 2115 veritas
3361 2059 3415 2113 in
3441 2058 3816 2115 misericordia

2215 2150 2344 2217 iiat,
2384 2149 2740 2207 contribulati
2773 2151 3000 2221 spiritus
3024 2159 3083 2208 et
3106 2151 3328 2209 contriti
3358 2150 3538 2209 cordis
3566 2150 3815 2219 oll‘ertur,

2214 2244 2272 2302 in
2295 2244 2403 2303 fine
2426 2246 2804 2303 misericordia
2830 2247 3034 2319 judicio
3060 2247 3402 2319 praeferatur.

2287 2338 2377 2395 15.
2403 2339 2662 2396 Dominus
2686 2338 2937 2396 Christus
2958 2348 3219 2396 venturus
3241 2340 3294 2395 in
3322 2338 3494 2412 gloria
3520 2339 3615 2396 Dei
3638 2339 3817 2395 Patris

2214 2441 2270 2489 ct
2288 2433 2530 2489 creditur
2550 2444 2606 2490 et
2627 2443 2899 2505 speratur,
2918 2433 3263 2505 judicaturns
3294 2435 3445 2490 rivos
3469 2442 3527 2490 et
3550 2442 3815 2501 mortuos,

2213 2542 2247 2583 a
2278 2529 2430 2600 cujus
2458 2536 2705 2597 aspectu,
2738 2536 2798 2583 ut
2823 2527 3109 2598 Scriptura
3134 2533 3384 2593 testatur,
3428 2527 3593 2598 fugiet
3636 2527 3818 2583 etclam

2213 2628 2263 2674 et
2304 2628 2440 2674 terra
2484 2620 2671 2691 (Apoc.
2705 2635 2797 2687 xx,
2844 2619 2971 2691 ll):
3027 2628 3083 2675 et
3127 2620 3368 2675 existunt
3411 2619 3699 2687 homines,
3725 2620 3817 2692 qui

2216 2725 2353 2776 nec,
2407 2721 2629 2782 propter
2670 2711 3035 2784 ignorantiam
3058 2754 3073 2779 ,
3107 2721 3165 2767 ut
3205 2727 3316 2768 non
3359 2712 3559 2780 dicam,
3598 2724 3819 2785 propter

2212 2808 2602 2866 conscientiam
2628 2849 2646 2878 ,
2689 2807 2897 2880 judicio
2942 2817 3339 2880 superventuro
3381 2808 3662 2880 subjectos
3698 2824 3818 2866 esse

2212 2916 2275 2959 se
2297 2901 2566 2973 judicent,
2598 2916 2699 2958 nec
2721 2901 3013 2960 adventum
3039 2902 3255 2957 Domini
3284 2901 3817 2975 illustratinncmque

2212 2993 2449 3068 fulgoris
2483 2995 2637 3067 ejus,
2667 2995 2956 3052 elementis
3001 2994 3342 3063 ardentibus,
3374 3005 3430 3051 et
3458 2996 3667 3052 mundo
3696 3012 3817 3068 per-

2214 3098 2400 3161 eunte,
2451 3090 2725 3163 trepident
2746 3090 2813 3163 (ll
2839 3089 2956 3145 Pet.
2978 3106 3058 3159 tu,
3080 3089 3193 3162 10).
3221 3089 3368 3159 Quos
3395 3104 3461 3146 ex
3484 3090 3593 3146 illis
3615 3090 3735 3148 fore
3760 3092 3818 3147 ti-

500 3168 905 3241 judieandum?
933 3170 1110 3255 _Autsi
1152 3170 1275 3226 libri
1309 3171 1385 3227 illi
1414 3172 1555 3231 sacri
1587 3187 1878 3243 numquam
1910 3173 2016 3230 nisi
2054 3173 2107 3230 in
2135 3168 2180 3231 C
2213 3199 2356 3254 nico,
2371 3183 2439 3240 de
2457 3182 2659 3254 quibus
2674 3192 2974 3255 praemonet
2992 3184 3249 3240 Dominus
3273 3203 3285 3238 :
3310 3182 3468 3239 Multi
3491 3187 3630 3240 enim
3645 3186 3817 3241 dicent

502 3260 714 3332 judicio
744 3246 1047 3332 aperiendi,
1078 3263 1281 3333 pariter
1307 3262 1429 3319 vita:
1461 3272 1662 3321 nostrae
1687 3265 1830 3321 bona
1861 3268 2112 3338 malaque

508 3354 846 3425 suscipiunt,
880 3368 1105 3412 examen
1152 3354 1343 3427 judicii
1393 3356 1448 3413 in
1504 3358 1744 3429 pondere
1793 3360 2106 3430 praebituri,

507 3447 782 3520 quomodo
817 3449 939 3506 sine
981 3449 1229 3506 examine
1259 3450 1314 3506 in
1362 3452 1464 3509 hac
1487 3453 1591 3508 vita
1621 3462 1677 3509 et
1706 3463 1832 3511 ante
1879 3464 2110 3513 mortem

511 3540 747 3597 abolitos
767 3555 889 3598 esse
910 3544 1312 3614 cognoscimus,
1331 3559 1467 3616 quos
1488 3561 1595 3602 non
1619 3546 1795 3603 solum
1824 3555 1947 3617 post
1968 3563 2114 3605 mor-

511 3642 644 3703 tem,
678 3649 866 3691 verutn
904 3636 1066 3693 etiam
1093 3647 1217 3708 post
1240 3637 1694 3697 resurrectionem
1725 3640 1958 3713 legimus
1987 3657 2114 3713 pro-

507 3720 801 3783 ferendoS?
826 3728 940 3801 Ego
967 3729 1023 3785 in
1057 3739 1324 3801 potestate
1354 3731 1517 3788 habui
1544 3748 1801 3804 peccare:
1835 3734 2052 3791 liberari
2080 3751 2110 3790 a

510 3828 738 3892 peccato
770 3821 823 3876 in
855 3828 1121 3892 potestate
1170 3836 1279 3879 non
1307 3822 1501 3881 habeo.
1542 3825 1757 3883 Precari
1796 3842 1975 3885 meum
2003 3838 2109 3894 est,

513 3912 726 3969 absolvi
754 3928 858 3969 non
879 3915 1200 3972 meum.Ubi
1219 3930 1351 3971 vero
1368 3925 1590 3987 peceato
1621 3934 1707 3974 me
1738 3918 1884 3989 dedi,
1915 3934 2110 3976 servus

508 4005 681 4061 factus
711 4023 831 4062 sum
861 4008 1220 4076 accusatoris,
1250 4011 1615 4080 reusjudicis.
1641 4011 1865 4068 Possunt
1893 4024 2112 4085 propter

508 4099 848 4156 assiduarum
881 4116 1100 4172 precum
1132 4102 1410 4172 praemissa
1463 4102 1718 4176 suffragia
1763 4104 1832 4162 dc
1858 4106 2003 4162 bono
2024 4106 2114 4178 ju-

507 4193 631 4250 dice
660 4209 816 4263 spem
857 4193 1000 4252 ferre
1026 4214 1038 4249 :
1084 4194 1429 4253 innocentem
1460 4197 1581 4254 sine
1610 4199 1805 4255 timore
1832 4201 2115 4257 conscien-

508 4287 640 4343 tiam
683 4296 809 4344 ante
852 4288 1344 4360 promulgationem
1381 4292 1667 4347 sentcntiae
1699 4293 1974 4350 vindicare
2003 4310 2111 4354 non

509 4397 751 4454 possum.
790 4383 933 4440 Dicit
981 4384 1127 4441 cnitn
1157 4385 1487 4456 Apostolus:
1541 4385 1720 4442 Nolite
1752 4397 1871 4444 ante
1911 4397 2111 4461 tempus

507 4476 674 4548 600
699 4479 824 4549 quid
840 4478 1119 4549 judicare,
1154 4477 1318 4532 donec
1344 4479 1510 4533 veniat
1539 4477 1813 4548 Dominus,
1847 4486 1936 4552 qui
1961 4492 2021 4538 et
2042 4470 2137 4538 ξιξ

507 4569 783 4625 luminabit
810 4571 1017 4625 occulta
1047 4569 1392 4636 tenebrarum,
1437 4580 1485 4624 et
1514 4573 1867 4643 manifestabit
1895 4575 2109 4631 consilia

507 4754 586 4828 5).
632 4756 882 4828 Alioquin
907 4755 952 4812 si
991 4756 1046 4812 itt
1077 4763 1345 4829 potestate
1383 4755 1621 4813 hominis
1648 4768 1754 4825 est,
1786 4768 1844 4814 ut
1876 4759 2108 4818 liberum

508 4862 572 4906 se
597 4848 713 4921 ipse
744 4848 905 4904 faciat
925 4863 952 4902 a
986 4857 1211 4919 peccato
1237 4863 1365 4904 suo:
1393 4859 1486 4905 aut
1514 4865 1625 4906 non
1648 4860 1728 4907 est
1755 4850 1917 4923 judex
1949 4852 2107 4910 Chri-

511 4951 650 5010 stus,
680 4952 772 4999 aut
812 4941 1013 4999 frustra
1040 4951 1144 4997 est.

579 5037 666 5092 14.
698 5034 805 5092 Sed
836 5034 1003 5091 dicis:
1024 5034 1135 5107 Ego
1157 5033 1271 5090 dixi
1297 5035 1574 5092 hominem
1601 5035 1721 5092 sine
1744 5046 1990 5108 peccato,
2019 5053 2106 5097 se-

505 5132 743 5189 cundum
785 5131 932 5188 hunc
979 5145 1242 5187 sensum:
1284 5129 1546 5187 Peccator
1574 5144 1695 5187 cum
1748 5130 2104 5202 ingemuerit,

507 5236 637 5281 tunc
680 5224 864 5281 salvus
911 5224 1044 5289 erit,
1084 5222 1189 5278 hoc
1219 5231 1331 5288 est,
1368 5230 1495 5279 tunc
1525 5222 1594 5278 ad
1622 5223 1850 5279 salutem
1888 5225 2112 5295 incipiet

505 5317 783 5390 pertinere
810 5335 822 5370 :
857 5325 1039 5372 tamen
1082 5314 1201 5370 sine
1231 5324 1457 5385 peccato
1486 5315 1672 5371 statim
1704 5320 1812 5372 non
1843 5317 1968 5373 erit.
2003 5317 2108 5373 Do-

506 5409 688 5467 minus
709 5409 877 5474 enim,
901 5421 1023 5463 cum
1045 5407 1306 5464 intrasset
1329 5406 1553 5463 domum
1574 5407 1787 5464 Zachzei
1809 5409 2105 5481 credentis,

502 5503 610 5559 ait:
644 5500 823 5558 Hodie
852 5500 998 5556 salus
1042 5500 1220 5556 domui
1246 5498 1372 5554 huic
1416 5503 1557 5571 facta
1584 5510 1659 5555 est
1696 5499 1847 5571 (Luc.
1882 5518 1993 5570 XIX,
2027 5500 2105 5574 9).

506 5593 778 5666 Numquid
822 5595 869 5651 si
909 5607 1051 5651 unus
1079 5592 1352 5663 credidit,
1406 5590 1589 5649 statim
1623 5593 1871 5652 universa
1914 5594 2111 5653 domus

2209 3278 2370 3351 θοι
2402 3278 2455 3332 in
2484 3277 2580 3332 illa
2609 3277 2695 3333 die
2721 3277 3008 3350 (homines
3033 3277 3247 3334 scilicet
3270 3277 3338 3335 de
3370 3277 3462 3333 illa
3484 3279 3696 3335 carnali
3732 3293 3817 3334 ar-

2210 3373 2477 3442 rogantia,
2501 3385 2605 3442 qua
2628 3369 2880 3427 homines
2896 3370 3250 3438 sedncebant,
3279 3380 3336 3427 et
3355 3386 3464 3427 non
3489 3381 3600 3427 tam
3622 3386 3809 3429 coram

2218 3466 2354 3533 Deo,
2390 3481 2551 3537 quam
2585 3466 2764 3523 adhuc
2789 3466 2934 3537 apud
2963 3466 3296 3537 semetipsos
3323 3466 3522 3539 justi):
3549 3466 3771 3522 Domine
3795 3509 3811 3535 ,

2212 3559 2456 3627 Domine,
2489 3575 2659 3615 nonne
2701 3562 2757 3615 in
2784 3561 2991 3615 nomine
3042 3569 3130 3614 tuo
3180 3561 3625 3632 prophetavimus,
3662 3570 3712 3616 et
3759 3563 3811 3616 in

2212 3653 2419 3707 nomine
2445 3662 2536 3706 tuo
2564 3652 2777 3706 virtutes
2806 3668 3025 3722 magnas
3053 3653 3269 3722 fecimus
3287 3654 3312 3706 2’
3344 3651 3408 3705 Et
3441 3661 3567 3706 tunc
3595 3669 3691 3724 ego
3723 3656 3816 3726 ju-

2208 3747 2333 3801 rabo
2363 3745 2496 3814 illis,
2527 3755 2575 3801 et
2606 3746 2776 3801 dicant
2809 3763 2822 3800 :
2856 3744 2983 3800 Non
3031 3745 3150 3800 natn'
3193 3761 3315 3812 ros;
3345 3745 3597 3801 discedite
3638 3761 3672 3799 α
3711 3762 3811 3813 me,

2212 3839 2440 3910 cperarii
2460 3838 2750 3909 iniquitatis
2778 3835 3008 3911 (Matth.
3039 3851 3135 3902 vn,
3168 3835 3262 3900 22,
3292 3835 3418 3908 25).
3468 3836 3689 3892 Dicitur
3718 3852 3817 3906 per

2214 3930 2537 4001 prophetam
2570 3930 2737 3985 David
2779 3930 2834 3985 in
2875 3943 3112 3999 persona
3146 3927 3349 3986 Christi
3380 3949 3392 3983 :
3420 3928 3667 3998 Domine,
3700 3932 3816 4003 quis

2214 4024 2466 4080 habitabit
2493 4026 2551 4079 in
2592 4024 2929 4079 tabernaculo
2979 4032 3091 4089 tuo,
3142 4034 3232 4078 aut
3269 4027 3384 4095 quis
3432 4026 3717 4093 requiescet
3758 4027 3812 4080 in

2214 4128 2385 4173 tuante
2415 4128 2503 4172 tuo
2532 4118 2759 4172 sancto?
2784 4115 2883 4183 Qui
2905 4117 3194 4191 ingreditur
3224 4118 3336 4172 sine
3358 4118 3587 4185 macula,
3618 4129 3666 4173 et
3696 4136 3817 4190 ope-

2213 4218 2363 4265 ratur
2383 4210 2651 4283 justitiam
2682 4208 2864 4278 (Psal.
2898 4225 3013 4275 xiv,
3046 4211 3097 4276 1,
3126 4208 3218 4281 2).
3252 4209 3365 4266 Hoc
3391 4220 3477 4267 est
3505 4227 3706 4267 revera
3734 4212 3818 4267 di-

2215 4320 2346 4362 cere
2374 4324 2385 4359 :
2410 4305 2501 4376 qui
2531 4313 2710 4376 potest
2737 4319 2880 4373 esse,
2914 4317 2968 4362 ct
2995 4316 3077 4362 est
3109 4307 3228 4362 sine
3266 4315 3515 4378 peccato.
3568 4307 3710 4364 Nam
3758 4318 3817 4364 et

2216 4398 2332 4467 ipse
2363 4397 2431 4453 de
2460 4411 2521 4453 se
2548 4398 2810 4453 Dominus
2837 4397 2950 4453 ait:
2986 4396 3131 4454 Venit
3161 4399 3401 4470 princeps
3425 4398 3611 4456 mundi
3631 4400 3812 4474 hujus,

2214 4498 2264 4545 et
2293 4490 2426 4546 nihil
2452 4491 2505 4545 in
2555 4507 2636 4546 me
2677 4491 2876 4563 invenit
2921 4507 3076 4545 suum
3106 4490 3302 4563 (loan.
3354 4508 3465 4560 xtv,
3511 4491 3642 4565 50).
3673 4493 3815 4563 Quid

2137 4558 2189 4621 Ῑ)
2212 4583 2358 4640 enim
2384 4590 2469 4640 est
2489 4583 2775 4639 diabolus?
2803 4562 2957 4639 Haud
2987 4558 3209 4640 dubium
3234 4585 3363 4656 quin
3392 4558 3719 4656 peccatum:
3736 4588 3814 4644 Ab

505 4662 741 4716 cordium
762 4679 779 4712 :
808 4672 854 4717 et
888 4671 1011 4717 tunc
1033 4662 1147 4718 laus
1176 4662 1272 4717 erit
1312 4663 1588 4735 unicuique
1606 4681 1639 4718 a
1668 4662 1776 4720 Deo
1807 4665 1851 4739 (Ι
1879 4666 1999 4722 Cor.
2031 4683 2109 4738 tv,
2135 4729 2142 4735 ,

2211 4674 2361 4729 initio
2391 4674 2538 4729 cnim
2566 4674 2806 4730 diabolus
2826 4674 3054 4730 mendax
3080 4685 3155 4731 est
3179 4676 3198 4747 (
3218 4675 3239 4731 ι
3257 4675 3419 4732 Joan.
3442 4693 3525 4742 ιιι,
3557 4678 3625 4745 8;
3646 4678 3810 4734 Joan.

2212 4782 2330 4835 vttt,
2358 4766 2461 4840 4i)
2491 4786 2502 4821 :
2536 4777 2594 4824 et
2624 4777 2817 4824 contra
2850 4768 3114 4824 Dominus
3138 4784 3290 4825 meus
3322 4779 3428 4838 est,
3459 4771 3551 4843 qui
3579 4771 3813 4844 loquitur

2213 4862 2483 4916 veritatem
2512 4862 2565 4915 in
2604 4861 2761 4916 corde
2785 4878 2902 4929 suo,
2932 4871 2980 4917 et
3023 4879 3125 4918 non
3161 4863 3263 4934 egit
3308 4862 3488 4918 dolum
3535 4866 3591 4920 in
3621 4866 3807 4940 lingua

2208 4971 2308 5010 sua
2339 4952 2527 5029 (Psal.
2557 4970 2673 5010 xxv.
2696 4956 2787 5027 5).
2821 4957 3062 5028 Angelus
3091 4972 3320 5029 magnus
3347 4965 3403 5014 et
3437 4957 3630 5025 fortis,
3665 4961 3813 5018 Scri-

2210 5054 2370 5114 ptura
2400 5054 2657 5115 testante,
2686 5046 2887 5103 clamat
2917 5048 2969 5103 in
2993 5050 3136 5105 coelo
3170 5068 3182 5103 :
3216 5050 3345 5117 Quis
3369 5060 3445 5105 est
3467 5051 3657 5124 dignus
3686 5070 3811 5124 oper

2213 5138 2320 5192 rire
2349 5139 2559 5205 librum,
2589 5149 2637 5194 et
2666 5139 2862 5194 solvere
2903 5141 3053 5212 signa
3074 5143 3229 5214 ejus?
3261 5140 3375 5197 Nec
3402 5142 3680 5216 quisquam
3710 5162 3811 5216 po-

2212 5239 2366 5297 terat,
2407 5248 2569 5304 neque
2594 5233 2649 5287 in
2688 5231 2840 5299 caelo,
2872 5249 3037 5305 neque
3060 5233 3113 5288 in
3157 5244 3316 5302 terra,
3349 5251 3515 5307 neque
3542 5237 3640 5292 sub
3668 5247 3806 5293 terra

2212 5323 2420 5392 aperire
2446 5323 2656 5390 librum,
2687 5340 2851 5396 neque
2871 5326 3162 5396 perspicere
3188 5343 3304 5382 eum
3330 5328 3531 5399 (Apoc.
3559 5346 3613 5395 v,
3637 5330 3693 5399 2,
3716 5330 3802 5401 3).

2212 5413 2335 5471 Flet
2363 5415 2591 5472 multum
2620 5417 2862 5473 Joannes
2893 5426 2947 5473 et
2987 5418 3156 5489 luget,
3189 5418 3334 5490 quod
3358 5435 3424 5475 cx
3454 5422 3807 5477 universitate

2211 5504 2563 5563 rationalium
2578 5516 2956 5565 creaturarum
2974 5523 3136 5565 nemo
3156 5509 3352 5581 dignus
3368 5522 3621 5582 repertus
3641 5522 3804 5579 esset,

2212 5600 2304 5671 qui
2335 5602 2576 5671 aperiret
2602 5601 2824 5672 librum,
2852 5612 2913 5660 ut
2941 5602 3147 5662 videret
3174 5617 3319 5660 eum.
3350 5602 3603 5663 Flentem
3650 5605 3810 5663 Joan-

574 5811 600 5839 ⁸
623 5800 841 5861 Schott.
871 5803 1024 5875 legit,
1057 5806 1282 5875 majore,
1313 5810 1370 5863 et
1399 5816 1526 5866 mox
1552 5802 1806 5877 fortasse,
1839 5804 2388 5868 credente.Gu.t.Ann.
