4076 6352
294 331 436 390 1185

1392 329 1591 389 LIBER
1634 329 1722 389 DE
1763 327 2064 389 ARBITRI!
2107 281 2518 388 LIBERTATE.

3464 333 3606 394 “86

293 465 416 504 nem
450 465 588 504 unus
613 452 970 508 escnioribus
998 451 1310 508 consolatur
1334 459 1389 506 ct
1414 451 1573 506 dicit:
1601 450 1730 506 Noli
1756 453 1902 522 ﬂere,
1934 457 1986 511 Α
2016 458 2290 520 potentem
2315 496 2329 520 ,
2374 466 2482 522 quo
2526 451 2764 506 affirmet
2808 465 2966 522 posse
2994 465 3118 510 esse
3162 452 3440 510 hominem
3489 436 3608 512 sine

296 543 563 608 Joannes;
599 543 733 600 Ecce
761 547 878 600 vicit
909 545 1010 600 Leo
1042 562 1105 601 ex
1132 546 1267 599 tribu
1295 543 1471 611 Juda,
1515 544 1672 598 radix
1701 541 1894 610 David,

293 638 496 705 aperire
521 639 707 692 librum
731 649 776 694 et
795 639 992 695 solvere
1017 641 1164 712 signa
1191 640 1302 710 ejus
1333 638 1606 710 (Apoc.,v,
1637 637 1716 710 5).
1743 637 1896 704 Quis,

295 744 452 798 rogo,
478 729 581 785 istc
611 731 748 787 liber
775 740 878 801 est,
899 748 1058 802 quem
1084 730 1150 788 dc
1175 746 1336 786 manu
1359 731 1594 786 viventis
1623 732 1678 784 in
1703 729 1900 784 saecula

294 821 480 878 nullus
510 821 612 877 fuit
637 822 833 894 dignus
879 826 1153 894 accipere,
1189 823 1292 878 nisi
1322 823 1412 895 qui
1458 823 1750 896 ingreditur
1792 823 1903 877 sine

295 919 506 973 macula
542 927 590 973 et
619 929 864 992 aperatur
893 920 1160 991 justitiam
1191 918 1374 989 (Psal.
1409 934 1524 986 xtv,
1557 915 1662 989 ‘2)?
1694 917 1890 972 Parum

298 1018 384 1067 est
411 1010 539 1082 quia
570 1013 689 1066 sine
718 1011 954 1079 macula,
990 1027 1180 1083 parum
1205 1011 1331 1083 quia
1363 1026 1554 1082 agnus,
1587 1010 1690 1065 nisi
1723 1019 1777 1065 et
1809 1025 1904 1064 oc-

297 1106 468 1174 cisus,
496 1107 598 1163 nisi
629 1108 921 1178 puritatem
948 1108 1076 1163 vita:
1099 1105 1372 1178 passionis
1399 1105 1711 1161 testimonio
1743 1120 1903 1162 coro-

300 1206 510 1264 nasset,
541 1198 731 1254 habens
776 1209 969 1272 septem
1013 1215 1209 1254 cornua
1247 1209 1295 1254 et
1323 1198 1502 1254 oculos
1547 1209 1764 1268 septem,
1813 1199 1903 1266 qui

298 1300 421 1348 sunt
447 1300 645 1362 septem
682 1293 901 1362 spiritus
930 1291 1031 1346 Dei
1066 1292 1268 1363 (Apoc.
1300 1309 1352 1358 v,
1375 1293 1471 1363 6):
1506 1305 1605 1348 nec
1651 1291 1898 1357 dubium,

299 1386 433 1458 quin
478 1387 697 1457 spiritus
719 1387 988 1456 sapientia:
1014 1395 1060 1440 et
1108 1387 1421 1454 intellectus,
1456 1386 1668 1458 spiritus
1699 1382 1906 1438 consilii

302 1488 352 1534 et
378 1480 606 1545 virtutis,
639 1479 853 1552 spiritus
880 1479 1110 1534 scicntia:
1135 1486 1179 1532 et
1204 1479 1433 1551 pietatis,
1456 1478 1675 1548 spiritus
1707 1476 1906 1531 timoris

301 1569 522 1627 Domini
554 1573 726 1645 (Isai.
751 1575 898 1640 x1,‘2,
925 1571 1012 1645 5).
1036 1573 1168 1640 Quis
1203 1588 1332 1643 ergo
1370 1573 1473 1627 istc
1497 1583 1581 1628 cst
1626 1571 1799 1626 liber?
1848 1581 1902 1624 ul

299 1663 502 1730 credo,
541 1664 758 1734 judicii.
801 1664 962 1720 Pater
1000 1665 1135 1719 enim
1185 1681 1287 1720 non
1309 1664 1517 1734 judicat
1569 1679 1902 1735 quamquam,

303 1756 396 1812 sed
419 1773 566 1813 omne
585 1758 853 1831 judicium
883 1757 1026 1812 Filio
1057 1759 1198 1813 dedit
1222 1758 1413 1827 (Joan.
1441 1775 1494 1828 v,
1525 1757 1650 1829 ΕΗ).

2005 554 2258 614 peccato;
2292 544 2490 614 spiritu
2519 544 2766 601 scientia:
2789 545 3053 615 inﬂatum,
3076 547 3238 620 603
3261 563 3368 618 quo
3397 557 3602 619 sperat,

2005 637 2106 692 nisi
2129 637 2219 708 qui
2251 636 2530 693 scientiam
2564 637 2701 710 legis
2734 637 3021 710 habuerit,
3056 639 3176 696 sine
3216 649 3444 710 peccato
3482 654 3604 695 esse

2005 745 2112 784 non
2139 745 2300 801 posse
2323 731 2547 802 :Spiritu
2577 732 2794 794 pietatis
2815 731 3233 799 exuberantem,
3265 747 3373 802 quo
3395 730 3614 800 doceat,

2006 825 2287 881 inimicum
2338 826 2487 881 velut
2530 825 2764 881 anticum
2806 827 3182 898 diligendum,
3228 826 3437 883 oblitus
3484 827 3611 897 quia

2005 918 2122 988 ipse
2142 918 2340 974 dixerit
2374 937 2428 972 ει
2458 919 2682 975 Inimico
2699 919 3027 976 omnimodis
3051 935 3158 976 non
3181 918 3551 976 credendum:
3589 937 3607 970 ι

2005 1011 2202 1082 Spiritu
2237 1011 2452 1068 timoris
2483 1011 2582 1068 Dei
2615 1011 3061 1079 cohonestatum,
3105 1011 3196 1082 qui
3239 1020 3362 1083 post
3386 1010 3613 1066 multam

2005 1104 2288 1174 crapulam
2313 1103 2609 1159 novissime
2635 1103 3051 1175 espergcfactus
3073 1103 3320 1175 adjunxit
3354 1121 3364 1155 :
3389 1120 3409 1156 σ
3445 1117 3607 1173 posse

2007 1194 2283 1251 hominem
2306 1197 2425 1250 sine
2453 1204 2677 1266 peccato
2695 1209 2838 1262 esse,
2863 1210 2973 1250 non
2998 1195 3116 1251 sine
3137 1194 3410 1266 adjutorio
3435 1194 3552 1261 Dei,
3588 1214 3608 1248 s

2005 1297 2062 1344 et
2092 1303 2189 1360 per
2220 1289 2319 1344 hos
2349 1290 2859 1360 praesumptionem,
2896 1299 2953 1346 ut
2977 1290 3234 1358 arbitror,
3264 1289 3467 1362 gradus
3499 1306 3610 1347 non

2007 1379 2326 1435 reformidat
2351 1381 2668 1449 ascendere,
2700 1395 2872 1452 usque
2919 1383 2972 1437 in
3015 1381 3068 1437 id
3099 1382 3305 1446 elatus;
3341 1391 3397 1437 ut
3423 1381 3608 1448 dicat,

2007 1474 2132 1544 quia
2173 1473 2224 1528 in
2263 1471 2678 1528 similitudinem
2723 1472 2927 1531 Christi
2972 1474 3212 1546 perfecta
3256 1475 3339 1530 sui
3375 1477 3614 1546 potentia

2008 1565 2223 1636 plenus,
2262 1567 2314 1620 iu
2341 1574 2460 1622 toto
2488 1581 2651 1637 super
2681 1581 2803 1622 eum
2843 1565 3190 1623 descenderit
3219 1567 3457 1638 Spiritus
3483 1583 3613 1623 san-

2006 1667 2129 1716 ctus
2159 1668 2214 1715 et
2239 1660 2505 1716 manserit
2540 1678 2551 1712 :
2585 1675 2710 1716 cum
2759 1669 2944 1715 tamen
2990 1660 3094 1716 hoc
3134 1660 3216 1716 illi
3247 1660 3350 1716 soli
3389 1675 3420 1715 a
3451 1660 3615 1718 Patre

2008 1753 2122 1809 Deo
2145 1753 2330 1809 datum
2357 1754 2446 1821 sit,
2475 1753 2558 1808 cui
2583 1755 2742 1808 etiam
2770 1753 2913 1809 dedit
2942 1770 3154 1821 nomen,
3186 1755 3325 1826 quod
3353 1764 3425 1811 est
3459 1771 3618 1826 super

379 1851 467 1905 i6.
510 1849 656 1905 Proh
687 1851 875 1906 dolor!
909 1865 1076 1922 cogor
1102 1850 1308 1920 dicere,
1341 1851 1487 1923 quod
1531 1851 1717 1907 horrui
1758 1851 1904 1922 cogi-
1937 1843 1980 1904 Β
2009 1863 2158 1902 onmc
2183 1864 2366 1902 nomen
2399 1846 2674 1920 (Philipp.
2702 1865 2763 1917 tt,
2792 1849 2890 1920 9),
2925 1850 3018 1921 qui
3047 1849 3200 1906 solus
3240 1851 3362 1906 sine
3389 1859 3620 1922 peccato

309 1949 478 1998 tasse.
502 1942 642 1999 Ecce
671 1957 813 1998 nunc
833 1951 890 1998 et
912 1943 1182 2014 Pelagius,
1210 1944 1301 2014 qui
1325 1958 1487 1999 ausus
1514 1954 1596 1999 cst
1640 1941 1906 2014 proﬁteri,

309 2051 371 2093 se
415 2051 538 2094 esse
576 2037 695 2094 sine
737 2037 948 2093 macula
990 2045 1154 2109 atque
1203 2048 1460 2109 peccato,
1508 2046 1913 2108 consequenter

311 2129 606 2184 arbitratur
630 2130 794 2202 602
826 2129 1050 2202 dignum
1098 2146 1158 2186 sc
1188 2130 1256 2185 ad
1305 2130 1682 2200 accipiendum
1714 2130 1912 2186 librum

309 2233 474 2292 atque
498 2223 762 2293 judicium
789 2241 800 2276 :
833 2224 1257 2296 proximumque
1281 2233 1364 2280 est
1386 2234 1446 2279 ut
1467 2224 1614 2281 dicat
1645 2224 1778 2280 sibi:
1806 2225 1914 2296 Ego

311 2324 640 2387 potestatem
672 2316 844 2373 habeo
875 2317 1110 2388 ponendi
1141 2319 1378 2374 animam
1409 2333 1604 2384 meam,
1637 2329 1693 2374 et
1716 2319 1914 2375 iterum

315 2409 568 2466 sumendi
597 2425 740 2476 eam,
768 2419 821 2466 et
849 2420 1121 2482 praeparat
1151 2426 1210 2467 se
1235 2413 1286 2466 in
1318 2414 1516 2466 throno
1545 2410 1744 2467 Christi
1775 2412 1917 2466 futu-

315 2519 437 2558 rum
468 2518 591 2561 esse
629 2514 962 2580 consortem.
1011 2504 1174 2560 Miser
1221 2505 1410 2560 homo!
1447 2505 1537 2575 qtti
1584 2519 1691 2560 non
1741 2505 1919 2574 potius

317 2597 575 2668 intelligit
599 2613 908 2670 praeparare
936 2615 995 2655 se
1029 2599 1356 2655 Antichristi
1398 2600 1656 2656 adventui
1681 2615 1920 2671 praecur-

318 2693 649 2762 sorem,qui,
676 2710 792 2748 cum
820 2695 975 2764 fuerit
995 2694 1272 2762 revelatus,
1299 2695 1497 2750 extollit
1521 2711 1576 2748 se
1597 2710 1750 2764 super
1772 2710 1922 2748 omne

321 2787 460 2857 quod
483 2785 696 2852 dicitur,
720 2794 808 2840 aut
829 2786 968 2858 quod
995 2785 1184 2841 colitur
1207 2784 1346 2840 Deus
1371 2786 1447 2858 (Il
1475 2784 1651 2841 Thess.
1677 2801 1736 2852 tt,
1761 2785 1816 2850 5,
1839 2785 1917 2856 4);

316 2876 480 2948 juxta
529 2878 675 2932 hunc
704 2877 794 2948 qui
832 2891 892 2933 se
920 2877 1032 2948 jam
1063 2887 1348 2948 comparat
1395 2881 1448 2961 in
1491 2879 1921 2950 comquationem

324 2974 469 3029 unici
494 2972 620 3029 Filii
653 2973 768 3028 Dci.
800 2971 989 3044 Agnus
1020 2973 1138 3040 Dei,
1163 2973 1334 3029 Filius
1357 2973 1476 3039 Dei,
1505 2984 1564 3028 ttt
1593 2973 1827 3044 accipiat
1859 2973 1924 3028 li-

321 3065 478 3122 brum
509 3066 576 3121 de
608 3080 771 3120 manu
804 3065 1002 3131 Patris,
1055 3066 1281 3136 praefert
1318 3067 1570 3136 stigmata
1613 3066 1885 3137 passionis
1909 3107 1924 3134 ,

322 3175 431 3215 non
452 3158 702 3229 judicans
727 3167 1090 3229 perpetratam
1122 3160 1224 3214 nisi
1252 3160 1307 3215 in
1335 3168 1511 3216 morte
1537 3171 1697 3232 atque
1727 3161 1778 3216 in
1809 3175 1930 3215 sur-

2015 1952 2100 1999 est
2133 1953 2187 1999 et
2217 1942 2519 2015 ingreditur
2567 1945 2688 2000 sine
2733 1943 2971 2012 macula,
3025 1944 3168 2016 apud
3217 1960 3380 2016 quem
3431 1954 3619 2003 manet

2015 2034 2190 2105 ipsum
2232 2033 2539 2090 sanctitatis
2581 2045 2944 2107 unguentum.
2988 2035 3101 2092 Nos
3131 2047 3314 2094 autem
3360 2036 3416 2093 in
3448 2037 3622 2094 odore

2015 2135 2419 2198 unguentorum
2458 2126 2577 2196 ejus
2612 2129 2918 2197 currimus,
2963 2138 3020 2186 et
3063 2130 3278 2185 interim
3314 2144 3483 2202 super
3515 2145 3617 2186 nos

2019 2234 2165 2273 aura:
2209 2218 2387 2274 vitalis
2431 2219 2615 2274 aftlatu
2661 2219 2842 2275 dulcia
2877 2221 3001 2276 vitae
3047 2221 3344 2292 spiramina
3390 2221 3622 2278 Domino

2019 2310 2359 2382 praecedente
2388 2319 2669 2382 captamus
2694 2309 2882 2384 (Cant.
2920 2329 2960 2379 t,
2997 2315 3087 2384 5).

2093 2403 2182 2461 17.
2213 2403 2318 2460 Sed
2347 2404 2521 2461 dicis:
2549 2404 2658 2462 Cur
2693 2415 2838 2462 tanta
2869 2421 2957 2463 me
2985 2407 3208 2463 lacessis
3243 2407 3484 2479 injuria?
3516 2408 3626 2464 Cur

2021 2505 2132 2552 tam
2163 2497 2552 2568 arrogantibus
2579 2499 2765 2556 verbis
2802 2500 3003 2556 invidia
3033 2501 3272 2572 gravas?
3313 2502 3501 2574 Egone
3541 2519 3630 2559 me

2021 2605 2215 2646 servus
2273 2605 2598 2661 comparare
2646 2591 2877 2649 audeam
2933 2594 3166 2651 Domino
3225 2595 3392 2652 meo?
3439 2595 3626 2667 Egone

2025 2694 2172 2740 terra
2205 2694 2262 2742 et
2302 2687 2440 2742 cinis
2478 2685 2760 2742 conferam
2809 2687 2989 2745 Verbo
3031 2689 3180 2745 Dei?
3228 2689 3418 2762 Egone
3463 2691 3629 2746 morti

2025 2780 2316 2848 obnoxius,
2345 2779 2452 2836 dici
2482 2779 2708 2836 debeam
2743 2781 2938 2838 victori
2969 2786 3162 2839 mortis
3186 2785 3453 2856 tequalis?
3483 2785 3629 2841 Bene

2025 2873 2246 2944 quidem
2275 2913 2290 2938 ,
2326 2887 2359 2928 ο
2386 2873 2747 2930 condemnata
2775 2875 3018 2946 nequitia
3043 2917 3057 2943 ,
3087 2878 3223 2932 dans
3253 2877 3626 2933 testimonium

2027 2967 2142 3023 Deo
2173 3009 2188 3035 ,
2241 2966 2549 3023 humiliaris
2581 2969 2634 3022 in
2667 2969 2848 3025 verbis
2876 3009 2890 3035 ,
2940 2970 3039 3025 sed
3084 2970 3251 3026 aliter
3285 2985 3475 3027 sensus
3507 2980 3630 3028 tuus

2027 3061 2227 3117 clamat
2255 3061 2309 3116 in
2333 3061 2582 3133 paganis.
2614 3061 2760 3118 Dicis
2796 3081 2814 3114 ι
2852 3062 3129 3119 hominem
3160 3078 3327 3135 posse
3357 3079 3481 3121 esse
3507 3065 3630 3120 sino

2032 3163 2274 3225 peccato.
2315 3175 2336 3209 ι
2370 3155 2574 3212 lterum
2605 3171 2670 3213 ac
2699 3157 2901 3229 sacpius
2928 3168 3136 3230 repeto.
3177 3158 3373 3228 Homo,
3406 3161 3496 3232 qui
3529 3158 3633 3215 hoc

323 3251 566 3309 rectione
593 3251 882 3307 victoriam
907 3267 922 3318 ;
953 3260 1011 3308 et
1037 3254 1394 3329 ἀναμάρτητος
1427 3268 1579 3309 meus
1613 3253 1802 3308 venire
1823 3252 1926 3307 sibi
1955 3227 2002 3292 (ἶ
2033 3257 2229 3318 potest,
2251 3247 2498 3306 Christus
2520 3259 2624 3307 est.
2645 3251 3044 3322 Autprmsume
3068 3268 3290 3321 nomen,
3310 3265 3399 3310 aut
3421 3254 3635 3325 depone

324 3361 490 3418 posse
530 3346 922 3418 perfectionem
964 3347 1089 3402 vitm
1130 3346 1493 3403 immaculatae
1541 3346 1927 3412 manducanti,

325 3437 560 3506 bibenti,
586 3438 989 3510 dormientique
1011 3438 1335 3494 confirmat?
1363 3439 1652 3495 Dominum
1684 3449 1931 3496 nostrum

327 3531 515 3586 Jesum
549 3540 672 3601 pust
697 3530 1054 3602 quadraginta
1085 3530 1298 3588 dierum
1326 3532 1596 3603 jejunium
1633 3541 1713 3588 ter
1740 3533 1932 3589 diabo-

328 3622 414 3678 lus
435 3632 676 3692 tentans,
709 3634 902 3695 terque
925 3637 1214 3696 superatus
1243 3627 1484 3698 reliquit,
1508 3636 1561 3684 et
1583 3643 1690 3683 non
1715 3628 1937 3699 reliquit

326 3717 384 3774 in
415 3727 758 3789 perpetuum,
785 3718 882 3774 sed
916 3719 986 3773 ad
1020 3729 1217 3790 tempus
1243 3719 1398 3792 (Luc.
1427 3736 1501 3790 tv,
1530 3721 1619 3792 15)
1644 3722 1821 3776 acrior
1848 3736 1937 3776 us-

331 3826 440 3883 que
468 3813 536 3867 ad
567 3823 796 3869 mortem
826 3813 1007 3868 crucis
1044 3813 1313 3884 Apostolo
1341 3815 1746 3885 przevaricante
1785 3816 1937 3870 redi-

333 3912 512 3973 turus,
545 3913 602 3961 et
628 3907 826 3968 ἀπαθής
857 3915 1069 3976 noster,
1105 3907 1264 3962 victis
1289 3922 1444 3974 sane,
1477 3918 1535 3964 ut
1557 3909 1662 3965 sibi
1697 3908 1936 3980 videtur,

333 4011 460 4054 cum
487 4007 715 4055 auctore
748 3998 1164 4067 tcntationibus,
1207 4015 1315 4054 non
1349 4013 1510 4069 posse
1539 4015 1601 4056 se
1643 3999 1786 4055 ultra
1819 4008 1938 4056 ten.

335 4091 464 4157 tari,
512 4091 934 4162 perturbarique
977 4092 1235 4148 confidit?
1263 4093 1453 4163 Agnus
1495 4094 1586 4150 ille
1627 4095 1938 4166 perlectus,

335 4182 434 4238 ille
464 4183 555 4254 qui
594 4198 702 4239 non
734 4184 910 4238 solum
952 4193 1239 4254 peccatum
1282 4199 1392 4240 non
1423 4184 1610 4252 habet,
1636 4185 1732 4242 sed
1774 4186 1940 4242 etiam

336 4274 482 4330 tollit
511 4285 794 4346 peccatum
829 4275 1036 4342 mundi,
1070 4284 1124 4332 ct
1153 4277 1245 4347 qui
1288 4276 1454 4334 habet
1484 4293 1689 4334 cornua
1727 4289 1942 4349 septem

335 4367 392 4422 in
423 4367 626 4437 capite,
657 4382 768 4422 non
799 4366 873 4422 ita
902 4367 1170 4424 ventilare
1199 4369 1434 4425 sufficiat
1456 4379 1782 4428 tcntatorem
1815 4372 1946 4443 quin

335 4460 550 4528 redeat,
579 4469 636 4518 et
665 4470 854 4518 noster
880 4461 968 4517 hic
999 4463 1250 4532 mutilus,
1294 4465 1446 4520 lmvis
1485 4466 1541 4519 in
1599 4464 1802 4533 fronte,
1828 4487 1948 4538 μον-

336 4555 594 4628 ὁφθαλμος
613 4601 626 4625 ,
659 4569 765 4611 ηοη
787 4557 1161 4612 necessarium
1191 4556 1294 4612 sibi
1324 4558 1562 4613 aestimat
1582 4559 1860 4614 munimen
1891 4559 1946 4615 in

2035 3340 2312 3398 ﬁduciam.
2341 3342 2481 3399 Deus
2513 3342 2646 3398 illud
2674 3343 2768 3398 uni
2799 3352 3011 3400 tantum
3043 3344 3286 3416 donavit,
3316 3356 3371 3402 et
3399 3347 3506 3403 hoc
3527 3361 3635 3402 non

2037 3435 2139 3490 nisi
2171 3435 2538 3508 primogenito
2570 3437 2623 3491 in
2657 3435 2845 3493 multis
2872 3435 3132 3494 fratribus
3166 3437 3355 3512 (Rom.
3385 3455 3504 3508 vttt,
3536 3439 3633 3508 9).

2037 3529 2128 3586 Sic
2159 3529 2428 3587 catholica
2473 3531 2582 3587 fide
2622 3532 2854 3588 traditur
2877 3574 2892 3598 ,
2937 3533 3019 3588 sic
3047 3541 3320 3588 tenemus.
3354 3533 3500 3590 Sane
3530 3533 3644 3588 Do-

2038 3621 2219 3677 minus
2246 3631 2434 3679 noster
2461 3624 2744 3680 admonuit
2771 3623 3050 3682 intideles:
3077 3625 3192 3698 Ego
3221 3627 3334 3682 veni
3355 3627 3408 3680 in
3435 3626 3642 3681 nomine

2041 3718 2224 3775 Patris
2247 3721 2366 3789 mei,
2387 3729 2434 3774 et
2457 3737 2557 3776 non
2581 3737 2662 3776 me
2681 3722 2969 3794 recepistis.
2997 3721 3176 3777 Veniet
3201 3722 3338 3778 alius
3358 3722 3413 3776 in
3436 3722 3643 3776 nomine

2039 3829 2178 3867 suo:
2207 3813 2429 3885 forsitan
2457 3813 2624 3886 ipsum
2651 3813 2911 3885 recipietis
2943 3809 3130 3882 (Joan.
3162 3830 3220 3881 v,
3253 3813 3371 3884 45).
3403 3815 3511 3870 Aut
3541 3829 3642 3869 no-

2041 3905 2253 3961 biscum
2285 3905 2457 3972 illttm,
2491 3906 2576 3961 cui
2605 3905 2882 3962 credimus
2915 3917 3268 3977 peccatores,
3324 3921 3489 3961 unum
3521 3906 3642 3962 sine

2043 4005 2270 4068 peccato
2299 3996 2663 4069 eumdemque
2693 3998 3030 4070 unigenitum
3061 4014 3294 4070 sequere
3317 4041 3331 4066 ,
3372 4009 3466 4054 aut
3507 3999 3551 4055 si
3585 4008 3642 4055 tu

2044 4105 2103 4147 es
2134 4090 2228 4146 ille
2249 4091 2408 4161 alius,
2441 4091 2724 4148 confitere.
2756 4093 2876 4163 Ipse
2907 4103 2990 4148 est
3019 4087 3283 4149 Dominus
3305 4093 3498 4158 Jesus;
3527 4094 3643 4164 qui,

2053 4195 2232 4240 morte
2264 4184 2479 4241 devicta
2512 4194 2566 4240 et
2595 4184 2814 4244 diabolo
2844 4185 3176 4258 triumphato
3198 4231 3212 4256 ,
3259 4187 3562 4244 ascendens
3593 4187 3648 4243 in

2047 4277 2214 4334 altum
2235 4321 2250 4346 ,
2287 4281 2554 4351 captivam
2584 4281 2739 4337 duxit
2765 4282 3138 4353 captivitatem
3166 4325 3180 4350 ,
3211 4281 3358 4337 dedit
3383 4281 3524 4338 dona
3551 4280 3649 4336 ho-

2049 4371 2290 4429 minibus
2326 4372 2514 4445 (Psal.
2547 4391 2689 4430 vatt
2716 4416 2731 4443 ,
2766 4375 2832 4432 i9
2854 4376 2890 4447 ).
2945 4373 3024 4430 De
3051 4378 3166 4446 ejus
3197 4373 3520 4444 plenitudine
3556 4389 3650 4427 nos

2051 4483 2223 4523 omnes
2247 4469 2543 4538 accepimus
2569 4467 2748 4539 (Joan.
2774 4484 2813 4536 ι,
2842 4468 2957 4538 16),
2983 4469 3124 4524 sicut
3147 4467 3438 4538 Apostolus
3461 4467 3649 4524 decet:

2057 4557 2342 4628 Unicuique
2385 4569 2557 4615 autem
2600 4569 2836 4615 nostrum
2880 4560 3004 4613 data
3044 4568 3118 4614 est
3163 4558 3329 4631 gratia
3369 4559 3656 4614 secundum

336 4623 540 4719 capite,
572 4623 660 4719 qui
693 4649 1114 4720 possibilitatem
1140 4651 1423 4716 prmsumit
1451 4651 1504 4706 in
1528 4653 1726 4708 carne?
1757 4651 1942 4721 Miser,
1973 4623 2025 4684 D
2053 4623 2347 4706 mensuram
2410 4650 2575 4724 604
2635 4652 2933 4707 donationis
3001 4623 3196 4708 Cltrisli
3257 4651 3278 4724 (
3302 4650 3493 4724 Ep/tes.
3558 4667 3610 4706 tv
3636 4695 3651 4721 ,

338 4741 434 4812 qui
461 4741 760 4798 secundum
788 4742 1140 4812 Evangelium
1168 4742 1365 4813 (Joan.
1399 4759 1490 4808 xv,
1518 4744 1613 4811 22,
1642 4745 1750 4816 24)
1775 4747 1944 4817 magis

339 4836 483 4893 forte
503 4838 548 4892 si
576 4851 757 4893 cacus
785 4845 954 4904 esset,
987 4846 1265 4907 peccatum
1288 4854 1396 4894 non
1420 4838 1677 4894 haberet!
1708 4837 1815 4895 Sed
1837 4839 1947 4894 lor-

343 4931 511 5000 sitan,
545 4931 667 5004 quia
698 4940 906 5001 septem
940 4932 1085 4989 oculi
1110 4943 1321 5006 septem
1349 4935 1574 5005 spiritus
1595 4943 1746 5001 sunt,
1775 4935 1946 4992 abun-

344 5025 479 5082 dare
504 5041 563 5082 se
595 5026 680 5081 his
714 5026 968 5082 omnibus
993 5027 1187 5097 jactat,
1217 5037 1274 5082 et
1304 5027 1461 5099 quasi
1492 5026 1808 5084 interiorem
1843 5029 1945 5084 ho-

344 5117 550 5174 minem
599 5133 756 5174 suum
807 5118 1087 5190 congestis
1141 5117 1476 5190 septiformis
1523 5121 1712 5192 gratiae
1763 5120 1947 5192 vigere

344 5211 640 5268 virtutibus
675 5231 689 5266 :
725 5213 1028 5282 praesertim
1069 5214 1160 5284 qui
1203 5213 1305 5270 sibi
1359 5212 1582 5271 totidem
1633 5213 1944 5286 dogmatum

345 5319 570 5363 suorum
597 5307 766 5362 titulis
786 5307 1073 5378 gloriatur.
1101 5307 1256 5365 Unde
1279 5307 1399 5364 fieri
1429 5318 1635 5380 potest,
1667 5316 1723 5364 ut
1743 5307 1949 5380 judicio

346 5412 451 5455 suo
482 5413 541 5456 se
571 5398 868 5454 arbitretur
895 5398 1096 5469 spiritu
1125 5400 1406 5472 sapientia:
1439 5402 1720 5469 refertum,
1757 5401 1949 5474 ρι’ωοί-

348 5504 458 5561 pue
480 5505 604 5546 cum
628 5489 798 5560 dicat,
831 5490 1016 5547 facilia
1046 5491 1144 5548 Dei
1175 5507 1298 5549 esse
1330 5495 1616 5563 mandata;
1646 5495 1844 5566 spiritu
1869 5495 1951 5552 in-

349 5583 603 5640 tellectus
625 5583 993 5641 sufficientem
1017 5585 1274 5653 maxime,
1297 5588 1389 5658 qui
1413 5600 1713 5659 praenoscat
1735 5600 1793 5647 et
1813 5608 1953 5664 pra:—

349 5678 500 5735 dicat
537 5693 729 5734 omnes
765 5687 1082 5748 peccatores
1112 5679 1274 5736 simul
1310 5694 1433 5736 cum
1467 5680 1648 5752 impiis
1681 5683 1734 5738 in
1785 5693 1950 5741 teter-

349 5787 481 5829 num
505 5772 684 5844 ignem
708 5787 832 5830 esse
853 5771 1220 5839 damnandos;
1247 5772 1441 5844 spiritu
1468 5773 1685 5831 consilii
1707 5774 1950 5847 divitem,

353 5863 446 5942 qui
477 5875 702 5924 moneat
729 5866 932 5924 malum
966 5881 1067 5924 nec
1095 5865 1476 5939 cogitandum;
1515 5869 1710 5942 spiritu
1738 5871 1955 5931 virtutis

2055 4744 2142 4816 7).
2193 4744 2258 4800 Et
2283 4743 2350 4798 ad
2381 4744 2655 4801 Romanos
2683 4742 2830 4801 idem
2863 4744 3122 4816 magister
3152 4744 3391 4817 gentium
3420 4743 3653 4800 scribit:

2053 4835 2190 4892 Dico
2216 4837 2354 4891 enim
2384 4853 2476 4910 per
2498 4838 2721 4908 gratiam
2745 4881 2761 4907 ,
2813 4854 2930 4908 qua:
2955 4837 3081 4892 data
3107 4848 3181 4892 est
3207 4836 3334 4891 mihi
3357 4877 3373 4904 ,
3423 4834 3654 4891 omnibus

2052 4930 2143 5001 qui
2168 4941 2287 4986 sunt
2311 4931 2446 4986 inter
2471 4947 2556 4987 vos
2583 4948 2685 4987 non
2708 4933 2826 5003 plus
2853 4948 3038 5004 sapere
3056 4949 3214 5004 quam
3235 4941 3429 5004 oportet
3450 4948 3656 5002 sapere,

2053 5024 2144 5079 sed
2171 5041 2350 5096 sapere
2370 5025 2440 5078 ad
2461 5025 2811 5081 sobrietatem.
2848 5024 2916 5079 Et
2939 5027 3216 5098 unicuique
3240 5026 3372 5081 sicut
3401 5026 3542 5082 Deus
3573 5027 3627 5080 di
3636 5055 3656 5068 ο

2055 5120 2174 5176 visit
2203 5137 2503 5175 mensuram
2528 5120 2650 5190 ﬁdei
2677 5119 2857 5192 (Rom.
2878 5136 2976 5190 xu,
3003 5122 3113 5191 15).
3146 5120 3350 5177 Deinde
3377 5120 3443 5175 ad
3467 5119 3660 5178 Corin-

2059 5213 2201 5270 tltios
2226 5213 2517 5284 prazdicat:
2542 5212 2837 5270 Divisiones
2864 5231 2985 5270 vero
3011 5215 3301 5286 gratiarum
3329 5225 3450 5270 sunt
3473 5231 3492 5270 :
3519 5214 3658 5271 idem

2058 5317 2230 5364 autem
2251 5308 2490 5381 spiritus.
2530 5306 2602 5362 Et
2626 5308 2903 5366 divisiones
2932 5310 3294 5382 Operationum
3320 5319 3444 5365 sunt
3474 5325 3493 5364 :
3521 5310 3658 5366 idem

2059 5412 2231 5458 autem
2275 5401 2554 5458 Dominus.
2603 5401 2672 5459 Et
2717 5405 2996 5461 divisiones
3052 5405 3494 5462 ministrationum
3541 5414 3663 5461 sunt

2061 5497 2107 5570 (l
2136 5496 2256 5554 Cor.
2283 5512 2380 5567 xu,
2407 5495 2564 5569 4-6),
2595 5499 2891 5568 gratiarum
2913 5506 3076 5570 atque
3098 5499 3381 5556 virtutum.
3403 5499 3660 5572 Subjicit,

2059 5589 2187 5647 Παῖς
2216 5600 2392 5646 autem
2423 5590 2596 5646 omnia
2627 5601 2870 5664 operatur
2897 5607 3032 5647 unus
3059 5601 3214 5664 atque
3242 5593 3382 5649 idem
3407 5595 3624 5665 spiritus
3643 5635 3661 5664 ,

2057 5684 2290 5741 dividens
2332 5683 2559 5755 singulis
2601 5694 2756 5754 prout
2794 5684 2903 5740 vult
2930 5685 2951 5758 (
2975 5683 3116 5743 Ibid.
3147 5684 3278 5758 11).
3331 5685 3537 5744 Deinde
3563 5701 3662 5760 per

2057 5774 2522 5849 comparationem
2573 5775 2948 5833 membrorum
2995 5777 3050 5834 in
3094 5793 3332 5852 corpore
3383 5779 3664 5852 hominis,

2059 5870 2377 5932 manifestat
2416 5884 2620 5945 corpus
2646 5871 2872 5932 unitatis
2899 5871 3164 5934 Ecclesiae
3195 5871 3508 5951 disparibus
3532 5888 3664 5951 ope-
