4060 6352
474 309 610 367 1187

1887 305 2094 367 PAULI
2133 308 2359 370 OROSII

3628 327 3654 384 i
3668 327 3769 386 188

471 438 590 479 rum
623 422 826 493 modis,
858 424 915 480 in
947 438 1112 481 unam
1138 422 1489 496 perfectionis
1518 421 1815 476 convenire
1845 437 2073 478 eoncor-
2102 427 2146 485 Α
2180 424 2534 495 negligentia,
2589 429 2736 484 mitis
2782 430 2995 502 pigritia
3021 476 3035 503 ,
3077 422 3282 505 doctus,
3308 434 3601 507 iactantia,
3648 442 3777 495 sub-

467 515 650 582 diam,
704 518 938 586 probans
975 518 1181 572 nullum
1230 517 1447 586 penitus
1486 530 1610 571 esse
1656 514 2067 583 membrorum,

467 611 612 680 quod
655 627 762 666 non
811 619 972 683 egeat
1011 612 1239 667 alterius
1267 626 1371 683 ope
1396 618 1562 678 atque
1593 623 1854 678 compage
1879 648 1895 676 ,
1950 609 2070 679 ipso

468 706 700 763 Domino
737 707 915 776 capite
954 708 1252 764 constituto
1278 748 1292 775 ,
1338 706 1392 762 in
1430 723 1531 778 quo
1581 722 1755 760 omnes
1789 722 1971 760 sensus
2008 722 2070 761 ac

463 801 696 857 thesauri
719 803 986 872 sapientia:
1008 812 1055 859 et
1082 804 1314 858 scientia:
1340 813 1462 858 sunt
1490 802 1781 858 absronditi
1825 801 1845 873 (
1868 800 2066 857 Coloss.

469 910 531 959 II,
554 894 634 966 5).
657 894 810 952 Unde
840 903 888 949 et
916 895 1062 950 nobis
1089 895 1231 950 dedit
1258 912 1489 962 sensum,
1520 912 1611 965 per
1630 912 1780 967 quem
1798 894 2066 964 sciremus,

465 989 613 1059 quod
641 998 727 1044 est
757 988 988 1045 Verbum
1024 990 1077 1044 in
1104 987 1325 1045 Christo
1349 989 1479 1045 Jesu
1513 988 1533 1059 (
1558 988 1572 1041 1
1601 987 1761 1043 Joan.
1793 1002 1826 1042 v
1851 1028 1866 1052 ,
1915 986 2027 1058 20)
2050 1025 2066 1052 ,

460 1083 517 1137 in
561 1099 662 1154 quo
713 1093 789 1138 est
836 1084 1002 1138 omnis
1054 1083 1323 1157 plenitudo
1372 1084 1662 1138 divinitatis
1723 1080 2071 1155 corporaliter

466 1174 690 1245 (Coloss.
722 1191 780 1242 tt,
816 1174 875 1245 9)
908 1194 919 1229 ε
954 1177 1007 1230 in
1037 1192 1194 1246 quem
1218 1220 1231 1242 ,
1260 1175 1419 1247 juxta
1449 1176 1817 1233 testimonium
1842 1175 2070 1232 Joannis

465 1266 649 1339 (Joon.
684 1284 735 1336 ι,
767 1267 861 1341 52)
891 1311 904 1334 ,
953 1270 1295 1326 descendens
1326 1269 1560 1341 Spiritus
1587 1280 1808 1325 sanctus
1847 1279 1904 1326 et
1943 1285 2068 1340 per-

465 1377 694 1419 manens
724 1363 776 1419 in
804 1363 922 1435 ipso
942 1407 957 1432 ,
989 1380 1110 1420 esse
1137 1365 1422 1421 Dominum
1452 1365 1771 1421 declaravit.
1807 1364 1993 1433 Itaque
2020 1363 2068 1420 si

468 1470 631 1511 nemo
658 1454 864 1525 habet,
911 1457 1014 1512 nisi
1044 1456 1169 1528 quia
1202 1472 1233 1512 a
1265 1467 1317 1513 te
1346 1457 1485 1528 petit
1517 1455 1735 1528 (Matth.
1765 1472 1820 1523 ν,
1847 1453 1982 1526 42),
2015 1464 2073 1512 et

468 1564 632 1605 nemo
659 1546 765 1605 nisi
794 1549 1093 1609 secundum
1138 1550 1463 1607 divisionem
1509 1564 1935 1620 mensuramque
1982 1563 2067 1604 ac-

465 1644 652 1713 cepit,
689 1655 741 1699 et
770 1645 863 1715 qui
894 1653 1179 1716 acceptum
1212 1644 1418 1713 habet,
1450 1645 1516 1700 ad
1547 1645 1726 1716 ipsum
1751 1642 2070 1700 custodien-

461 1733 591 1790 dum
618 1734 801 1791 alieno
830 1746 951 1807 eget
982 1736 1211 1808 auxilio,
1243 1753 1380 1809 qua,
1412 1751 1568 1808 rego,
1595 1735 1835 1793 amentia
1865 1735 1969 1791 sibi
1999 1735 2071 1791 de

2177 520 2375 572 missus
2415 520 2616 575 invidia
2637 564 2650 588 ,
2694 533 2849 580 extra
2878 525 3027 581 illam
3060 542 3181 598 quae
3219 537 3302 583 est
3331 532 3583 592 omnium
3606 533 3781 588 hono-

2176 624 2294 664 rum
2330 626 2555 681 cperum
2597 614 2774 685 caligo
2818 618 3123 691 generalis,
3156 635 3308 673 vauze
3350 622 3536 691 gloria:
3582 639 3781 680 concu-

2175 702 2518 772 piscentiam.
2551 706 2703 775 Quod
2742 709 2789 764 si
2829 709 2932 766 hoc
2975 710 3061 781 pie
3099 722 3402 783 sancteque
3431 716 3776 787 intelligitur,

2175 796 2549 868 unusquisque
2596 810 2843 858 nostrum
2889 813 3134 859 assumat
3177 810 3680 877 comparationem,
3722 818 3787 865 ut‘

2174 891 2344 960 magis
2361 893 2715 960 semetipsum
2740 894 2793 949 in
2817 895 3060 951 melioris
3082 897 3399 968 praelatione
3422 900 3781 972 condemnet,

2174 995 2333 1051 quam
2367 982 2419 1037 in
2444 981 2672 1038 minoris
2702 984 3113 1055 despectatione
3138 987 3420 1058 iustificet.
3453 990 3529 1046 lta
3554 992 3779 1049 demum

2174 1073 2404 1128 invicem
2445 1076 2689 1132 membra
2738 1078 2997 1147 sociabit,
3044 1081 3315 1151 praecipue
3345 1083 3389 1138 si
3414 1124 3427 1148 ,
3458 1099 3564 1139 una
3595 1085 3782 1141 chari-

2175 1174 2283 1222 tate
2312 1167 2478 1221 Veluti
2508 1170 2650 1238 pelle
2673 1184 2795 1224 oss:i
2828 1172 3231 1241 circumdante,
3256 1175 3549 1247 nervisque
3565 1177 3778 1248 junctis

2173 1257 2472 1330 indigentia
2494 1261 2609 1330 sui,
2642 1264 2895 1319 conscius
2921 1265 3103 1332 homo,
3128 1266 3268 1323 hanc
3294 1268 3466 1338 ipsam
3487 1285 3652 1342 quam
3680 1270 3779 1327 ha-

2173 1352 2267 1407 bet
2293 1352 2545 1423 gratiam,
2569 1354 2772 1411 donum
2797 1357 3233 1428 intelligatesse,
3262 1375 3370 1416 non
3397 1363 3651 1419 meritum
3680 1382 3693 1417 :
3724 1374 3779 1421 et

2174 1446 2345 1515 magis
2374 1460 2438 1500 ex
2466 1460 2532 1515 eo
2560 1447 2701 1503 unde
2731 1448 2943 1518 accepit
2970 1450 3238 1521 glorietur
3261 1453 3313 1508 in
3335 1453 3591 1529 Domino,
3613 1472 3775 1528 quam

2175 1536 2319 1593 unde
2346 1551 2454 1594 non
2476 1540 2752 1610 acceperit
2774 1542 3059 1598 irascatur.
3082 1542 3194 1599 Nos
3214 1546 3360 1601 enim
3380 1562 3502 1602 cunt
3526 1562 3780 1606 essemus

2176 1631 2500 1688 naturaliter
2530 1632 2623 1688 lilii
2651 1633 2746 1689 ira:
2777 1645 2997 1706 propter
3023 1634 3284 1692 delictum
3312 1647 3564 1695 nostrum
3587 1681 3603 1704 ,
3644 1641 3776 1697 facti

2172 1738 2361 1777 sumus
2391 1730 2422 1770 ι»
2456 1724 2859 1781 misericordia:
2884 1738 3106 1801 propter
3136 1729 3488 1789 clementiam
3521 1733 3778 1809 Domini,

465 1827 802 1899 plenitudine
830 1830 1142 1899 promittit,
1187 1830 1278 1902 qui
1309 1829 1364 1885 in
1396 1828 1783 1902 singularitate
1813 1842 1921 1885 non
1953 1827 2057 1883 suf-

2170 1814 2304 1872 nihil
2334 1817 2485 1889 digni
2526 1821 2628 1875 nisi
2666 1820 3021 1878 damnatione
3062 1821 3289 1895 (Ephes.
3323 1842 3391 1892 tt,
3434 1829 3497 1893 5,
3529 1827 3614 1900 4).
3653 1828 3773 1885 Non

464 1918 623 1975 ﬁcit?
677 1920 751 1977 De
782 1920 1015 1978 Domino
1046 1921 1390 1994 Evangelista
1423 1931 1658 1980 testatur
1685 1940 1697 1976 :
1732 1921 1864 1976 Erat
1892 1930 2065 1976 autem

466 2012 560 2067 lita:
588 2027 729 2077 uera,
760 2030 875 2085 qua:
897 2013 1162 2069 illuminat
1186 2031 1391 2071 omnem
1417 2016 1670 2071 hominem
1701 2014 1979 2070 venientem
2009 2014 2063 2068 in

461 2107 600 2160 hunc
630 2106 884 2160 mundum
915 2106 1097 2177 (Joan.
1125 2124 1163 2169 ι.
1193 2109 1271 2180 9).
1308 2109 1448 2163 Dicit
1479 2122 1608 2163 vero
1642 2107 1904 2163 Dominus
1933 2120 2066 2175 apo-

459 2197 614 2253 stolis
640 2198 756 2253 suis
782 2217 793 2251 :
835 2199 942 2253 Vos
969 2201 1089 2254 estis
1111 2200 1204 2255 tua:
1229 2200 1391 2274 hujus
1416 2200 1600 2254 mundi
1623 2198 1840 2274 (Matth.
1865 2214 1919 2265 γ,
1947 2197 2060 2270 ιι).

465 2289 539 2345 Ibi
567 2292 619 2346 in
649 2290 767 2346 solo
793 2292 1028 2346 Domino
1058 2292 1148 2347 lux
1173 2300 1309 2359 tota,
1331 2294 1457 2363 quia
1480 2307 1640 2349 vera:
1665 2291 1754 2347 hic
1772 2291 1827 2346 in
1850 2290 2065 2346 cunctis

460 2383 723 2454 apostolis
751 2384 843 2439 lux
869 2383 1089 2454 quidem
1117 2424 1132 2452 ,
1184 2383 1284 2440 sed
1313 2384 1382 2440 de
1414 2384 1536 2439 luce
1562 2398 1687 2455 qua:
1718 2392 1830 2438 tota
1856 2394 1962 2438 est.
1996 2381 2064 2437 Et

464 2490 592 2531 cum
621 2473 725 2532 hoc
753 2476 1092 2547 inapostolis
1134 2477 1207 2532 ita
1244 2486 1366 2547 est,
1422 2478 1473 2533 in
1519 2490 1748 2548 quorum
1796 2476 2065 2532 electione

463 2570 777 2624 universum
827 2568 1083 2625 Ecclesiae
1134 2584 1334 2641 corpus
1379 2577 1718 2641 assumptum
1755 2578 1879 2637 est,
1932 2569 2062 2642 quid

460 2678 562 2719 nos
587 2703 603 2729 ,
649 2677 776 2730 nos,
810 2663 1031 2735 inquam
1054 2706 1070 2733 ,
1093 2673 1149 2719 et
1178 2665 1377 2736 singuli
1403 2705 1419 2731 ,
1461 2662 1590 2734 quid
1622 2674 1743 2733 post
1769 2679 1862 2719 eos
1888 2663 2062 2720 videri

459 2774 752 2831 possumus
778 2803 793 2827 ,
827 2760 931 2816 nisi
959 2760 1260 2819 secundum
1288 2759 1595 2831 apostolum
1625 2758 1849 2815 Petrum
1882 2758 2059 2815 homi-

456 2865 555 2909 nes
584 2851 760 2925 ignari
787 2894 803 2919 ,
847 2851 1140 2910 credentes
1169 2862 1375 2911 tantum
1404 2868 1502 2923 per
1543 2851 1707 2909 fidem
1743 2851 2061 2921 evangelica

456 2947 893 3018 propheticoque
927 2947 1209 3015 sermoni,
1241 2957 1504 3019 tamquam
1531 2951 1758 3003 lucernae
1786 2944 1979 3001 lucenti
2006 2946 2060 3001 in

456 3039 746 3111 caliginoso
796 3040 910 3094 loco
955 3038 1037 3112 (11
1068 3037 1187 3096 Pet.
1218 3054 1275 3108 ι,
1320 3038 1463 3111 19)ἳ
1492 3046 1521 3079 α
1550 3038 1727 3108 Quum
1760 3038 2012 3095 illustrati
2039 3081 2054 3108 ,

456 3134 621 3188 etiam
653 3133 758 3203 ipsi
785 3133 1182 3203 persuademur
1214 3152 1226 3186 :
1277 3143 1334 3187 ut
1367 3141 1685 3203 praeparatae
1713 3133 1768 3189 in
1799 3132 2056 3205 operibus

2172 1910 2480 1981 ingeramus
2512 1913 2742 1969 Domino
2769 1912 2838 1971 de
2861 1930 2970 1972 non
2990 1927 3217 1988 accepto
3238 1920 3518 1990 querelam
3537 1963 3554 1988 ,
3575 1922 3679 1979 sed
3703 1923 3777 1978 de

2167 2013 2394 2076 accepto
2444 2007 2675 2078 gratiam
2723 2023 3113 2079 repensemus,
3159 2012 3502 2085 gloriamque
3544 2016 3649 2071 soli
3699 2017 3775 2073 illi

2167 2101 2403 2156 creatori
2435 2102 2882 2173 redemptorique
2907 2113 3104 2160 nostro
3135 2104 3368 2163 Domino
3392 2105 3522 2164 Jesu
3549 2107 3772 2166 Christo

2170 2192 2503 2263 tribuamus,
2553 2214 2703 2269 quem
2754 2199 2925 2269 posuit
2974 2197 3116 2255 Deus
3166 2202 3565 2275 propitiatorem
3607 2206 3774 2279 ϐω

2166 2287 2220 2339 in
2260 2290 2513 2360 sanguine
2550 2307 2645 2346 suo
2690 2290 2877 2363 (Rom.
2910 2308 2997 2362 ιιι,
3027 2291 3167 2366 25),
3211 2306 3267 2349 ut
3314 2297 3367 2351 in
3407 2300 3615 2354 nomine
3659 2304 3771 2371 ejus

2168 2396 2317 2437 omne
2343 2399 2478 2455 genu
2503 2395 2762 2453 curvetur,
2790 2386 3073 2441 celestium
3101 2396 3147 2441 et
3173 2390 3491 2443 terrestrium
3524 2400 3575 2446 et
3607 2392 3770 2460 infer-

2167 2491 2355 2531 norum
2380 2475 2646 2550 (Philipp.
2671 2493 2739 2547 ιι,
2769 2478 2862 2550 10)
2889 2496 2905 2535 :
2936 2495 3095 2550 quem
3130 2481 3182 2536 in
3212 2481 3300 2537 illa
3326 2483 3584 2554 praedicta
3616 2496 3772 2556 pote-

2164 2577 2306 2626 state
2352 2570 2689 2641 iudicantem
2731 2573 2910 2629 onmis
2949 2590 3079 2631 caro
3117 2574 3326 2643 videat,
3369 2588 3425 2633 et
3461 2581 3547 2634 cui
3587 2581 3765 2639 omnis

2166 2663 2345 2735 lingua
2377 2663 2632 2721 fateatur.
2667 2665 2821 2724 Unde
2850 2676 2907 2723 et
2932 2668 3230 2739 Apostolus
3258 2671 3371 2726 ait:
3406 2669 3538 2727 Ideo
3555 2684 3765 2729 conten-

2164 2755 2336 2812 dimus
2362 2759 2468 2813 sive
2498 2758 2756 2829 absentes,
2782 2761 2883 2816 sive
2908 2774 3208 2834 praesentes,
3238 2762 3444 2834 placere
3470 2765 3535 2820 ei.
3573 2765 3764 2822 0mm

2162 2849 2300 2903 enim
2332 2867 2427 2905 nos
2455 2852 2781 2921 manifestari
2809 2863 3010 2923 oportet
3036 2865 3157 2908 ante
3186 2854 3416 2909 tribunal
3445 2852 3675 2924 Christi,
3706 2866 3761 2913 ut

2161 2945 2351 3013 referat
2379 2946 2733 3016 unusquisque
2759 2949 2973 3018 propria
2996 2948 3229 3019 corporis
3259 2957 3412 3019 prout
3439 2950 3629 3019 gessit,
3661 2952 3761 3005 sive

2161 3034 2385 3105 bonum,
2428 3037 2532 3093 sive
2578 3038 2773 3093 malum
2828 3039 2847 3111 (
2884 3040 2931 3096 ΙΙ
2964 3040 3087 3097 Cor.
3124 3058 3178 3106 v,
3226 3042 3284 3108 9,
3325 3041 3448 3114 l0).
3499 3043 3565 3098 Et
3598 3044 3760 3101 alibi:

2165 3127 2353 3185 Omnes
2372 3130 2509 3184 enim
2528 3131 2781 3186 stabimus
2803 3141 2923 3186 ante
2943 3132 3175 3187 tribunal
3202 3132 3296 3188 Dei
3313 3133 3492 3207 (Rom.
3514 3135 3759 3207 stv,10).

456 3223 616 3279 bonis
643 3223 755 3280 sint
784 3225 1009 3280 lucerna:
1031 3225 1271 3280 ardentes
1298 3224 1352 3279 in
1380 3226 1617 3281 manibus
1647 3204 1843 3284 nostris
1878 3226 1897 3298 (
1922 3224 2051 3281 Luc.
2083 3204 2130 3269 (ἶ
2161 3219 2362 3276 Paulus
2392 3223 2676 3292 apostolus
2706 3221 2842 3278 dixit
2865 3224 3026 3279 etiam
3058 3240 3118 3279 se
3142 3204 3411 3281 staturum
3439 3238 3567 3284 ante
3595 3204 3759 3283 tribu-

457 3332 558 3384 xu,
593 3315 707 3387 55).
741 3333 864 3387 quae
891 3318 1225 3374 multimodis
1253 3318 1646 3375 tentationibus
1677 3319 1912 3392 fatigata:
1938 3361 1954 3388 ,
2003 3328 2059 3375 et

456 3408 669 3465 defectu
693 3409 858 3483 605
878 3425 1099 3482 semper
1118 3412 1338 3482 proprio
1360 3420 1415 3466 et
1435 3411 1661 3468 verbere
1686 3412 2058 3482 periclitantur

448 3501 650 3559 alieno.
675 3501 833 3559 Unde
857 3513 914 3559 et
942 3503 1205 3560 Dominus
1229 3503 1281 3560 in
1311 3504 1610 3576 Evangelia
1636 3506 1714 3561 ait
1738 3521 1753 3561 :
1779 3504 1847 3561 Et
1871 3507 1913 3562 si
1944 3508 2058 3579 ipsa

454 3591 585 3663 tum,
634 3598 752 3667 qua:
781 3595 832 3650 in
865 3594 1011 3651 nobis
1040 3606 1117 3651 est
1140 3636 1154 3662 ,
1199 3597 1420 3653 tenebrae
1457 3608 1575 3652 sunt
1611 3614 1631 3654 :
1670 3599 1797 3671 ipsa:
1838 3598 2058 3658 tenebrat

451 3695 660 3756 quanta:
683 3697 834 3742 erunt
862 3686 1083 3759 (Matth.
1122 3705 1177 3745 v1
1204 3734 1217 3760 ,
1248 3689 1391 3761 2'5)?

524 3779 611 3836 18.
659 3781 765 3838 Sed
805 3782 1079 3851 concedo,
1120 3793 1178 3839 ut
1206 3781 1341 3851 hoc,
1373 3785 1934 3856 quantulumcumque
1966 3786 2055 3842 lu-

450 3888 575 3928 men
606 3885 724 3941 est,
771 3873 1101 3932 indeficienti
1133 3890 1304 3948 usque
1346 3877 1397 3932 in
1432 3877 1593 3933 linem
1623 3878 1811 3950 vigore
1844 3894 2055 3948 perma-

454 3976 610 4030 neat,
647 3964 700 4020 id
726 3976 840 4035 est,
870 3966 1071 4022 donum
1104 3967 1237 4023 illud
1259 4012 1274 4035 ,
1305 3968 1448 4038 quod
1476 3969 1703 4025 sortitus
1733 3978 1819 4027 est
1845 3970 2055 4041 specia-

450 4058 518 4115 lis
545 4061 760 4132 gratitc,
794 4076 899 4117 non
935 4062 1153 4117 amittat
1191 4062 1456 4135 (alioquin
1488 4063 1771 4135 plenitudo
1800 4064 1934 4120 lucis
1966 4078 2054 4120 as-

449 4152 594 4207 sistit
622 4151 675 4208 in
706 4161 854 4219 toto,
885 4154 1064 4226 caligo
1093 4170 1201 4211 non
1229 4163 1515 4211 remanet:
1547 4156 1838 4226 caliginem
1869 4166 2048 4214 autem

448 4245 572 4302 dico
601 4244 963 4318 insipientiae,
1005 4247 1074 4305 de
1108 4249 1320 4321 peccati
1358 4247 1614 4306 sordibus
1657 4249 2047 4321 accidentem),

447 4339 577 4410 quid
609 4340 653 4396 si
685 4348 1009 4411 competens
1036 4344 1173 4397 ratio
1201 4350 1317 4412 est,
1349 4351 1409 4398 ut
1437 4352 1696 4414 quantum
1724 4342 1792 4398 de
1815 4343 1936 4400 luce
1957 4343 2052 4400 de-

444 4436 641 4505 fuerit,
692 4446 904 4494 tantum
946 4438 1013 4495 de
1057 4438 1290 4510 caligine
1337 4440 1615 4507 supersit?
1657 4441 1828 4497 Porro
1868 4452 2048 4499 autem

447 4526 836 4586 difficillimum
862 4538 980 4599 est,
1008 4541 1069 4587 ut
1090 4530 1477 4588 offendiculum
1501 4533 1677 4603 caligo
1699 4549 1805 4590 non
1827 4534 2046 4595 habeat.

2162 3312 2248 3366 nal
2278 3312 2411 3381 Dei,
2449 3324 2504 3370 et
2535 3313 2753 3386 propria
2784 3316 3032 3387 corporis
3062 3326 3220 3386 prout
3248 3319 3419 3389 gessit
3444 3335 3569 3374 cum
3598 3331 3755 3376 catc-

2163 3406 2237 3461 ris
2268 3405 2645 3462 redditurum:
2683 3418 2873 3464 contra
2910 3419 3091 3465 autem
3133 3410 3385 3483 Pelagius
3425 3409 3759 3469 confidenter

2159 3500 2326 3556 audet
2353 3500 2534 3557 dicere
2556 3521 2567 3555 :
2589 3501 2665 3558 lta
2689 3517 3014 3559 consummo
3042 3505 3352 3560 universam
3376 3505 3429 3561 in
3449 3520 3620 3563 carne
3642 3521 3759 3577 pero

2160 3593 2450 3651 lectionem
2475 3635 2490 3662 ,
2516 3602 2575 3651 ut
2597 3596 2664 3651 de
2680 3594 2886 3666 judicis
2910 3596 3154 3654 bonitate
3178 3598 3313 3653 nihil
3343 3614 3589 3669 sperem.
3620 3600 3756 3656 Justi

2158 3688 2213 3744 in
2243 3687 2335 3744 illa
2367 3689 2456 3746 die
2480 3688 2681 3760 iudicis
2714 3704 2939 3760 operum
2966 3704 3186 3746 suorum
3216 3692 3420 3762 glorias
3447 3692 3753 3759 audientes,

2156 3781 2335 3840 adhuc
2367 3791 2545 3838 tamen
2577 3784 2726 3838 velut
2755 3783 3070 3854 ignorantes
3090 3827 3106 3851 ,
3153 3784 3569 3855 inlcrrogabunt
3601 3803 3614 3837 :
3642 3781 3753 3838 Do-

2157 3877 2316 3945 mine,
2348 3875 2557 3948 quando
2588 3885 2633 3931 te
2661 3874 2916 3941 uidimus,
2947 3885 2999 3930 et
3031 3876 3140 3931 haec
3169 3876 3386 3948 ferimus
3420 3877 3511 3931 tibi
3541 3875 3754 3949 (Matth.

2156 3985 2283 4039 xxv,
2309 3968 2452 4040 37)?
2486 3979 2539 4023 et
2569 3968 2659 4025 hic
2690 3979 2879 4025 noster
2897 3968 3301 4025 scientissimus
3323 3968 3456 4040 legis
3482 3968 3753 4041 agnoscit,

2154 4077 2264 4133 quo
2284 4061 2373 4123 die
2393 4102 2409 4128 ,
2446 4077 2549 4129 qua
2594 4063 2728 4117 hora
2753 4102 2768 4126 ,
2799 4077 2908 4133 quo
2938 4073 3215 4117 momento
3235 4103 3250 4128 ,
3288 4063 3535 4119 ultimam
3562 4063 3745 4121 sedem

2156 4155 2297 4213 ultra
2334 4171 2493 4229 quam
2544 4171 2650 4211 non
2691 4155 2763 4212 sit
2804 4155 2906 4211 alia
2943 4156 3279 4227 plenissima:
3301 4157 3645 4226 sanctitatis,
3673 4157 3752 4213 in~

2154 4252 2341 4315 trahit.

2228 4345 2315 4401 i9.
2351 4346 2456 4401 Aut
2480 4343 2703 4400 forsitan
2729 4343 2994 4401 reclamat
3013 4353 3068 4401 et
3086 4344 3351 4417 loquitur:
3390 4365 3408 4399 ι
3434 4346 3605 4403 Recte
3625 4346 3756 4402 mibi

2154 4435 2272 4493 haec
2302 4447 2325 4477 ε
2353 4438 2590 4494 amentia
2614 4481 2629 4508 ,
2659 4446 2721 4493 ut
2745 4454 2853 4494 non
2880 4436 3058 4493 dicam
3086 4478 3102 4507 ,
3133 4437 3402 4510 Superbiae
3439 4439 3757 4510 ingereren-

2156 4539 2244 4586 tur
2273 4530 2601 4602 opprobria,
2636 4531 2682 4586 si
2712 4529 2979 4597 dicerem,
3008 4532 3128 4587 sine
3154 4529 3429 4601 adiutorio
3455 4530 3556 4587 Dei
3586 4530 3759 4587 homi-

446 4622 687 4680 Necesse
711 4634 796 4680 est
826 4624 1034 4680 homini
1062 4626 1115 4681 iu
1148 4626 1450 4697 quantitate
1482 4601 1698 4684 luminis
1716 4671 1731 4698 ,
1760 4640 1814 4685 et
1839 4629 1893 4686 in
1918 4631 2046 4686 reli-
2075 4601 2130 4663 D
2155 4640 2277 4680 nem
2303 4640 2466 4696 posse
2489 4639 2611 4681 esse
2637 4626 2758 4682 Sine
2785 4634 3012 4697 peccato
3037 4643 3050 4679 ε
3083 4640 3226 4681 nunc
3244 4636 3430 4682 aulem
3456 4641 3582 4681 cum
3607 4625 3759 4697 adju-

448 4715 596 4788 quiis
624 4717 872 4788 caliginis
899 4719 1220 4786 constituto,
1250 4721 1450 4776 volenti
1475 4720 1675 4777 bonum
1704 4732 1885 4779 etnon
1915 4724 2050 4780 eﬂ‘u-

443 4809 613 4883 gieuti
634 4811 859 4879 malum,
883 4820 937 4867 et
958 4811 1255 4870 subsistere
1280 4813 1632 4885 adiutorium,
1649 4824 1706 4872 et
1727 4832 1832 4872 non
1855 4817 2046 4876 deesse

443 4913 754 4976 peccatum.
785 4904 940 4974 Quod
966 4905 1013 4961 si
1040 4904 1290 4978 cuiquam
1322 4904 1556 4964 obscure
1577 4907 1781 4965 dictum
1809 4910 2042 4981 videtur,

442 4999 676 5071 accipiat
702 5000 1011 5070 exemplum
1039 5001 1468 5058 conversationis
1495 5003 1766 5059 humanae.
1789 5004 1908 5061 Duo
1928 5004 2045 5062 sin-

443 5094 554 5166 guli
587 5092 794 5150 habent
824 5094 964 5150 dona
989 5093 1243 5151 diversa:
1278 5110 1418 5152 unus
1451 5104 1509 5151 ut
1531 5096 1603 5153 sit
1635 5097 1858 5154 humilis
1890 5100 1941 5154 in
1972 5100 2046 5156 si-

442 5185 636 5253 lentio,
669 5186 808 5241 alter
839 5196 893 5242 ut
925 5185 998 5242 si‘t
1027 5185 1315 5243 suadibilis
1344 5187 1398 5244 in
1428 5188 1699 5246 docendo.
1734 5191 1832 5248 Ille
1856 5193 1943 5248 cui
1973 5193 2047 5252 si-

443 5277 671 5335 lentium
703 5280 858 5336 cordi
883 5287 1002 5348 est,
1038 5279 1081 5335 si
1111 5279 1253 5339 forte
1279 5292 1536 5353 poscatur
1562 5283 1825 5341 rationem
1848 5284 1917 5342 de
1940 5285 2047 5344 fide

444 5371 697 5438 reddere,
732 5384 959 5444 putasne
978 5416 994 5444 ,
1018 5374 1224 5431 nullam
1266 5377 1501 5432 assumit
1530 5378 1583 5433 in
1612 5378 1920 5436 humilitate
1949 5379 2047 5434 fal-

444 5462 684 5519 laciam?
714 5467 819 5520 Aut
840 5465 1002 5521 facile
1028 5467 1340 5535 arbitraris,
1374 5479 1434 5523 ut
1464 5471 1690 5541 simplex
1715 5472 2045 5530 scurrilitate

443 5568 662 5623 careat,
710 5557 869 5614 laetus
917 5562 1106 5628 verbo,
1157 5560 1426 5618 sollicitus
1471 5559 1782 5637 iracundia,
1831 5569 2043 5639 patiens

515 5704 539 5731 ι
579 5692 1129 5773 Catiandiusponens
1157 5694 1315 5773 Qua,
1356 5694 1549 5753 subdit
1575 5697 1628 5752 in
1647 5699 1851 5773 calce:
1890 5718 1909 5753 ι
1958 5699 2035 5756 Ita

396 5782 404 5790 ·
444 5776 595 5839 recte
611 5764 822 5839 _Scl_totti
852 5763 1044 5822 editio.
1072 5764 1215 5839 Male
1240 5766 1598 5839 ﬂavercsmp.
1632 5768 1827 5836 Quum.
1866 5789 1888 5825 ι

515 5831 543 5872 δ
599 5831 817 5890 Addunt
859 5847 1047 5892 vocem
1096 5834 1196 5906 ﬁlii
1239 5835 1495 5895 Schottus
1543 5831 1777 5913 conique
1819 5850 2037 5900 secutus

2155 4718 2356 4774 torium
2387 4717 2605 4789 adjicio,
2643 4719 2776 4773 nihil
2806 4717 3030 4773 difﬁcile
3058 4731 3268 4774 assero.
3300 4717 3383 4773 An
3418 4727 3471 4773 tu
3505 4717 3756 4773 fortassis

2156 4809 2251 4866 Dei
2268 4807 2596 4882 adiutorium
2620 4809 2822 4882 negas?
2841 4828 2861 4863 ι
2885 4808 3142 4865 Concedo
3165 4809 3437 4880 paulisper
3458 4810 3757 4867 calumnia:

2157 4913 2259 4960 tute
2280 4943 2306 4974 ν
2330 4914 2392 4960 ut
2421 4903 2548 4960 dum
2576 4904 2722 4976 quod
2753 4904 2803 4959 in
2832 4910 2886 4960 te
2917 4903 3245 4959 convincere
3276 4903 3435 4971 volo,
3468 4902 3527 4958 in
3553 4919 3642 4958 me
3671 4902 3753 4959 vi.

2154 4999 2287 5055 dear
2315 4999 2603 5070 detegere,
2630 4997 2975 5055 inveniamur
3005 4998 3199 5066 simul,
3228 5006 3281 5055 et
3310 5012 3410 5069 ego
3444 4996 3499 5053 in
3527 4996 3636 5053 mei
3663 4995 3753 5054 de-

2153 5089 2404 5147 fensione
2448 5090 2755 5162 purgatior,
2799 5097 2855 5145 et
2881 5097 2937 5144 tu
2969 5087 3024 5144 in
3058 5098 3142 5144 tua
3171 5088 3494 5145 confusione
3521 5088 3749 5145 manife-

2153 5185 2311 5243 stior.
2352 5186 2468 5243 Mea
2508 5199 2725 5257 semper
2766 5183 2886 5240 haec
2923 5193 3009 5240 est
3048 5182 3226 5240 fidelis
3256 5194 3416 5255 atque
3443 5183 3745 5239 indubitata

2149 5279 2441 5349 sententia,
2478 5280 2644 5337 Deum
2674 5277 3005 5351 adiutorium
3034 5293 3191 5334 suum
3213 5293 3321 5334 non
3346 5279 3525 5335 solum
3553 5279 3608 5333 in
3632 5292 3747 5334 cor-

2150 5388 2287 5446 pore
2312 5388 2433 5438 suo,
2457 5373 2603 5446 quod
2630 5382 2715 5430 est
2738 5372 3007 5440 Ecclesia,
3029 5374 3118 5428 cui
3146 5370 3404 5443 specialia
3426 5370 3500 5426 ob
3524 5370 3745 5427 creden-

2150 5473 2283 5529 tium
2326 5472 2485 5529 lidem
2526 5472 2715 5543 gratia:
2756 5485 2869 5527 sine
2898 5469 3041 5525 dona
3070 5468 3327 5539 largitur,
3359 5481 3552 5522 verum
3582 5466 3743 5522 etiam

2148 5567 2422 5624 universis
2467 5566 2518 5623 in
2564 5566 2669 5623 hoc
2713 5562 2918 5622 mundo
2957 5562 3213 5635 gentibus
3253 5568 3477 5634 propter
3503 5559 3743 5632 longani-

2144 5699 2394 5757 Galland.

2222 5782 2244 5812 ο
2274 5770 2595 5830 Gallandius
2619 5768 2878 5841 corrigit,
2909 5770 3169 5825 amentiae.
