4076 6352
239 235 376 291 “89
1316 236 1523 295 LIBER
1564 235 1656 294 DE
1699 235 2003 293 ARBITRI!
2044 235 2458 296 LIBEItTATE.
3398 243 3537 299 “90

241 371 378 408 mem
403 352 487 407 sui
509 358 766 407 mternam
791 366 876 420 tne
899 351 1244 407 clementius)
1269 353 1705 420 subministrare,
1734 365 1839 406 non
1871 355 1915 412 Α
1948 355 2041 411 hes
2075 373 2088 408 :
2120 371 2185 411 cn
2217 354 2332 424 ipse
2360 353 2635 422 diabolus,
2657 353 2783 408 dum
2811 361 3042 409 testatur
3063 355 3132 411 de
3161 355 3537 421 universitate,

237 454 299 500 ιιι
342 458 395 499 lu
440 443 641 498 asseris
681 459 801 497 cum
842 443 1108 514 discipulo
1153 455 1246 501 tuo
1283 443 1574 512 C(elestio,
1612 445 1699 501 cui
1724 443 1838 514 jam
1945 450 2015 506 de
2041 463 2149 505 uno
2178 449 2568 519 interrogatur.
2601 447 3044 517 Animadvertisti,
3077 449 3255 517 inquit
3280 448 3446 518 Deus,
3486 452 3543 505 in

241 555 287 605 a;
314 538 385 592 ιιι]
417 537 724 593 Africanam
757 538 1027 610 synodum
1066 540 1281 596 occulta
1311 539 1403 595 illa
1432 540 1718 611 impiorum
1744 539 1839 595 do-
1946 558 2158 614 puerum
2182 557 2349 595 nteant
2374 538 2475 596 Job
2499 579 2515 606 ,
2542 540 2667 612 quia
2695 557 2799 596 non
2824 551 2897 596 est
2933 541 3209 612 quisquam
3250 540 3441 595 similis
3464 540 3545 596 illi

243 643 484 702 guratum
522 644 715 717 natura
742 643 972 690 contusa
994 643 1100 697 est,
1126 634 1179 688 in
1203 633 1322 690 solo
1349 635 1579 689 naturali
1601 633 1768 701 bono,
1789 641 1846 688 et
1946 651 2105 706 super
2127 644 2318 690 terram
2338 632 2480 704 (Job.
2506 651 2545 702 ι,
2570 634 2669 705 8)?
2694 635 2855 690 Novit
2874 635 3157 704 speciatim
3183 649 3548 706 unumquem-

242 728 296 782 in
325 727 500 782 libero
527 726 752 782 arbitrio
777 726 1110 798 generaliter
1133 728 1408 783 universis
1430 743 1591 783 unam
1615 726 1844 798 gratiam

246 822 659 876 contributam:
708 821 803 876 sed
842 819 1128 891 speciatim
1168 821 1411 889 quotidie
1448 835 1548 892 per
1579 829 1847 888 tempora,

249 930 345 985 per
375 913 514 979 dies,
549 929 648 982 per
671 923 975 983 rnotnenta,
1006 928 1101 984 per
1121 911 1319 986 ἅτομας
1342 922 1400 970 et
1425 912 1635 970 cunctis
1660 922 1714 968 et
1736 911 1850 967 sin-

246 1008 387 1080 gulis
409 1007 740 1063 ministrare.
760 1008 900 1063 Dicit
917 1008 1060 1065 enim
1080 1006 1358 1077 Scriptura
1381 1025 1393 1060 :
1424 1007 1527 1074 Qui
1548 1006 1674 1077 facit
1692 1006 1852 1061 solem

247 1119 401 1157 suum
422 1102 583 1174 607
609 1102 735 1157 oriri
761 1117 917 1169 super
941 1101 1105 1156 bonos
1128 1109 1175 1155 et
1204 1098 1373 1155 malos
1396 1098 1613 1171 (Matth.
1645 1115 1699 1167 v,
1728 1098 1849 1169 45).

248 1194 319 1252 At
368 1205 423 1251 tu
466 1196 607 1251 forte
637 1195 976 1267 respondes:
1026 1194 1287 1251 Ordinem
1334 1208 1495 1250 suum
1547 1191 1852 1262 composita

251 1287 394 1344 bene
427 1295 619 1343 natura
647 1287 890 1345 custodit
915 1328 930 1356 ,
959 1301 1025 1343 ac
1051 1301 1150 1358 per
1183 1286 1287 1343 hoc
1318 1287 1466 1343 Deus
1482 1283 1854 1342 elementariis

252 1381 427 1438 semel
450 1382 700 1439 cursibus
721 1381 1057 1447 constitutis,
1081 1379 1211 1437 facit
1237 1380 1366 1437 inde
1391 1395 1513 1452 quae
1533 1378 1685 1436 facit.
1711 1376 1856 1448 Quid

254 1493 389 1550 ergo
418 1476 487 1533 de
517 1477 610 1533 illa
641 1476 932 1533 sententia:
969 1485 1125 1548 parte
1148 1515 1166 1545 ,
1201 1491 1323 1546 quae
1363 1475 1635 1545 sequitur,
1662 1474 1856 1544 opina-

255 1572 333 1627 ris
357 1589 370 1625 :
390 1567 497 1625 Dat
519 1569 749 1644 pluviam
772 1586 927 1643 super
942 1571 1123 1643 justas
1146 1578 1194 1625 et
1219 1570 1445 1641 injustas
1473 1567 1531 1640 (Ι
1537 1567 1669 1641 bid.)
1689 1568 1713 1624 τ
1735 1566 1857 1625 Uti-

255 1683 364 1739 que
388 1668 480 1738 qui
509 1666 643 1733 dat,
674 1682 798 1723 cum
830 1667 948 1722 vult
974 1665 1091 1733 dat,
1118 1675 1177 1722 et
1203 1665 1293 1722 ubi
1324 1665 1447 1721 vult
1467 1665 1559 1721 dat
1590 1685 1603 1719 :
1636 1664 1723 1722 vel
1750 1664 1861 1722 dis-

1949 743 2057 799 que
2084 728 2369 797 Dominus,
2400 728 2550 783 novit
2577 737 2634 784 et
2658 728 2938 784 diabolus.
2971 726 3071 784 Ille
3092 736 3364 799 potestate
3393 739 3551 782 natu-

1949 834 2050 888 rae,
2091 822 2192 876 iste
2220 819 2410 876 labore
2441 820 2720 889 nequitias.
2753 820 2865 877 Iste
2894 830 2953 877 ut
2983 828 3181 888 tentet,
3218 820 3310 876 ille
3342 832 3397 877 ut
3420 836 3549 892 pro-

1952 914 2061 971 bet.
2095 915 2199 972 Job
2218 957 2233 982 ,
2261 915 2669 972 contradicente
2696 915 3014 972 adversario
3040 962 3055 986 ,
3087 931 3115 971 a
3147 926 3400 973 creatore
3427 916 3547 971 lau-

1953 1008 2133 1064 datur.
2164 1008 2295 1063 Vult
2334 1009 2593 1064 Dominus
2619 1023 2757 1080 opus
2790 1008 3039 1078 judicare
3080 1008 3315 1064 hominis
3340 1051 3354 1077 ,
3403 1006 3549 1079 quod

1957 1100 2072 1169 ipse
2100 1110 2362 1169 operatur
2389 1100 2442 1155 in
2465 1117 2533 1157 eo
2567 1118 2580 1153 :
2613 1112 2670 1156 at
2692 1116 2821 1157 vero
2846 1101 2916 1157 de
2945 1101 3222 1171 adjutorio
3251 1102 3414 1156 etiam
3442 1100 3557 1156 dia-

1957 1192 2113 1249 bolus
2134 1191 2445 1248 conﬁtetur.
2482 1194 2623 1251 Dicit
2659 1195 2803 1250 enim
2837 1212 2849 1247 :
2885 1192 3075 1249 Nonne
3114 1203 3170 1249 tu
3214 1195 3552 1267 circumspi-

1956 1284 2075 1339 υἱειὶ
2110 1300 2226 1357 quas
2273 1295 2392 1341 sunt
2436 1295 2581 1340 extra
2624 1286 2867 1353 domum,
2898 1296 2946 1342 et
2994 1287 3133 1342 intra
3183 1286 3396 1342 domum
3440 1290 3556 1360 ejus

1957 1377 2125 1448 (Ibid.
2158 1378 2288 1450 i0)?
2318 1379 2619 1450 Expetente
2645 1379 2900 1447 inimico,
2934 1379 3194 1437 famulum
3219 1394 3375 1437 suum
3406 1380 3556 1436 Deus

1961 1472 2162 1543 spoliat
2191 1487 2288 1544 per
2316 1473 2696 1540 tentationem,
2730 1490 2837 1531 non
2868 1474 3035 1531 nudat
3063 1494 3075 1529 :
3102 1476 3277 1530 aufert
3304 1475 3561 1529 substan-

1965 1565 2094 1622 tiam
2116 1575 2175 1624 et
2197 1566 2290 1624 dat
2317 1569 2550 1639 gratiam
2579 1587 2591 1624 :
2622 1566 2779 1635 Ecce,
2805 1569 3000 1639 inquit,
3025 1570 3197 1623 omnia
3224 1582 3561 1640 quacumque

1964 1657 2114 1714 habet
2139 1658 2206 1714 do
2233 1659 2289 1714 in
2315 1675 2477 1715 manu
2505 1668 2596 1715 tua
2617 1700 2633 1727 ,
2658 1660 2749 1716 sed
2776 1661 2945 1732 ipsum
2976 1662 3084 1716 noli
3115 1669 3324 1733 tangere
3353 1663 3371 1732 (
3393 1659 3559 1728 lbid.,

256 1758 536 1831 pensando
558 1759 877 1830 dispositam
904 1758 1478 1824 constitutionem,vel
1523 1757 1856 1815 effundendo
1887 1744 1935 1807 Β
1962 1754 2081 1823 12).
2108 1755 2307 1811 Parum
2338 1765 2441 1812 est.
2491 1755 2710 1813 Invidus
2740 1755 2911 1823 furit,
2946 1764 3175 1813 mortem
3221 1765 3452 1812 conatur
3480 1756 3561 1812 in-

258 1853 535 1924 pmpriam
586 1851 922 1923 largitatem.
972 1851 1053 1909 Ac
1099 1866 1169 1908 ne
1211 1851 1511 1908 secundum
1561 1850 1861 1907 amentiam

260 1947 556 2018 impietatis
588 1957 699 2002 tuae
728 1947 894 2003 etiam
938 1946 1041 2001 hoc
1073 1960 1343 2002 evacuare
1382 1943 1665 2001 mediteris
1688 1984 1705 2011 ,
1733 1943 1862 2000 audi

264 2040 590 2113 prophetam
618 2056 783 2111 super
812 2039 914 2096 hac
942 2042 1170 2108 veritate
1198 2048 1487 2095 testantem
1521 2056 1533 2092 :
1565 2036 1668 2106 Qui
1695 2037 1860 2092 aduo-

260 2142 343 2187 cat
370 2149 533 2205 aquas
566 2133 725 2188 maris
750 2173 765 2198 ,
798 2142 847 2187 et
885 2131 1109 2201 effundit
1141 2148 1229 2188 eas
1267 2146 1425 2201 super
1454 2129 1644 2200 faciem
1670 2137 1823 2184 terrae
1843 2165 1861 2197 ,

260 2224 520 2280 Dominus
545 2240 731 2279 nomen
759 2234 835 2281 est
860 2224 941 2280 illi
966 2224 1146 2297 (Amos
1168 2239 1221 2291 ν,
1252 2222 1333 2295 8).
1365 2220 1505 2290 Quid
1527 2236 1658 2278 vero
1685 2221 1863 2277 dicam

261 2318 335 2376 de
364 2334 461 2390 spe
481 2332 613 2374 vera
637 2319 858 2390 generis
888 2316 1147 2383 humani,
1178 2319 1305 2388 quia
1331 2317 1501 2372 omnis
1526 2315 1616 2384 qui
1643 2322 1787 2380 arat,
1811 2313 1871 2369 in

262 2426 357 2482 spe
386 2419 503 2465 arat
534 2410 578 2484 (l
603 2408 726 2466 Cor.
753 2426 833 2479 ιιι,
860 2408 976 2482 10).
1003 2409 1243 2481 Sperare
1263 2420 1469 2474 autem,
1499 2422 1609 2463 non
1631 2416 1721 2465 est
1741 2420 1869 2478 pos-

265 2504 547 2565 sibilitatis
575 2503 830 2574 proprius,
859 2502 958 2558 sed
990 2502 1259 2574 largitatis
1285 2502 1501 2558 alienas.
1530 2500 1665 2557 Cum
1684 2509 1866 2556 autem

264 2598 391 2669 quis
417 2596 795 2662 seminaverit,
814 2595 1132 2667 jactamque
1151 2604 1452 2652 sementem
1485 2595 1539 2649 in
1564 2592 1687 2650 sinu
1710 2602 1869 2649 terra:

268 2688 452 2744 cultor
476 2686 849 2752 absconderit,
880 2701 992 2743 non
1023 2686 1190 2743 habet
1210 2687 1353 2742 ultra
1381 2684 1526 2757 quod
1554 2683 1737 2751 faciat,
1765 2680 1871 2739 nisi

271 2792 331 2839 ut
361 2781 552 2838 oculos
608 2779 796 2837 tendat
842 2780 909 2836 ad
954 2780 1152 2837 caelum
1178 2819 1194 2849 ,
1240 2788 1361 2837 oret
1392 2793 1501 2835 non
1551 2786 1751 2833 terram
1781 2775 1872 2832 cui

269 2874 567 2940 commisit,
593 2872 691 2929 sed
727 2873 896 2945 Deum
916 2873 1002 2928 cui
1033 2871 1287 2939 credidit,
1314 2880 1373 2927 ut
1398 2870 1615 2926 labores
1637 2868 1755 2938 ejus
1778 2863 1872 2924 vel

270 2968 540 3024 matutino
568 2966 655 3023 vel
684 2967 927 3023 serouno
956 2964 1132 3021 imbre
1172 2963 1447 3021 fecundat.
1483 2962 1588 3029 Et,
1622 2970 1684 3019 ut
1711 2959 1875 3032 spiri-

1963 1847 2189 1915 ducere,
2217 1850 2317 1906 sed
2346 1865 2377 1904 e
2407 1851 2688 1906 contrario
2714 1851 3129 1924 dispensatione
3162 1850 3256 1907 Dei
3288 1862 3562 1918 movetur,

1964 1942 2140 2012 gratia
2168 1958 2276 1998 non
2298 1941 2547 1997 aufertur
2578 1961 2589 1996 :
2618 1944 2856 2014 expetita
2886 1943 3133 2015 praedoni
3167 1943 3347 2014 praeda
3371 1942 3397 1982 δ
3423 1959 3563 2013 prac-

1967 2032 2158 2099 mitur,
2185 2049 2377 2091 rursus
2406 2034 2605 2105 ιιιωόω
2647 2051 2762 2091 sine
2796 2036 2985 2091 custos
3015 2035 3326 2095 adhibetur.
3359 2035 3567 2092 Dicitur

1965 2122 2115 2181 enim
2143 2124 2212 2180 ad
2233 2141 2358 2181 eum
2379 2142 2394 2180 :
2422 2124 2564 2181 Ecce
2581 2126 2733 2182 trado
2755 2135 2808 2181 et
2828 2142 2945 2181 eum
2967 2128 3078 2196 tibi,
3107 2135 3314 2183 tantum
3337 2129 3570 2183 (istim

1967 2221 2081 2292 ejus
2105 2208 2353 2293 σιὶιιοόί(
2376 2217 2500 2275 Job.
2528 2234 2603 2287 ιι,
2632 2220 2720 2291 6).
2750 2220 2922 2276 Nemo
2954 2237 3020 2277 ex
3053 2222 3155 2277 hoc
3184 2224 3419 2277 mstimet
3447 2221 3570 2277 dia-

1971 2312 2153 2370 bolum
2184 2313 2251 2369 ad
2281 2312 2644 2370 seducendam
2679 2314 2731 2368 in
2776 2328 3010 2384 corpore
3044 2313 3422 2369 tantummodo
3455 2311 3573 2368 ani-

1970 2420 2116 2463 mam
2147 2406 2394 2464 laborare
2420 2446 2436 2473 ,
2470 2406 2575 2461 nisi
2600 2407 2766 2463 etiam
2814 2406 2883 2462 ab
2935 2406 3059 2477 ipso
3092 2420 3327 2478 corpore
3355 2405 3571 2463 vellen-

1969 2499 2097 2557 dam
2127 2517 2141 2555 :
2172 2501 2218 2556 si
2249 2514 2358 2555 non
2386 2500 2633 2565 saucium
2666 2500 3059 2572 infirmumque
3091 2500 3369 2557 hominem
3410 2502 3576 2558 mise«

1972 2593 2147 2652 rentia
2177 2594 2272 2651 Dei
2304 2593 2475 2650 tutela
2506 2594 2741 2651 muniret
2770 2637 2786 2661 ,
2818 2605 2871 2649 et
2911 2594 3071 2649 obvia
3098 2594 3312 2650 cunctis
3344 2594 3573 2650 insidia-

1970 2702 2091 2744 rum
2120 2686 2245 2758 ejus
2268 2687 2559 2743 conatibus
2592 2702 2812 2758 seraper
2838 2696 3176 2744 occurreret.
3244 2748 3247 2749 ν

2042 2784 2136 2840 ﬁt.
2176 2782 2358 2839 Habes
2383 2823 2400 2850 ,
2432 2791 2495 2838 ut
2528 2781 2792 2849 arbitror,
2822 2780 2988 2839 etiam
3020 2781 3080 2837 in
3104 2780 3371 2839 Gentibus
3411 2779 3570 2841 suffl-

1973 2877 2208 2934 cientem
2257 2876 2607 2947 cooperantis
2655 2875 2846 2946 gratia:
2889 2874 3265 2946 probationem
3317 2892 3329 2927 :
3387 2873 3577 2945 accipe

1974 2969 2324 3027 manifestam
2352 2984 2569 3040 quoque
2600 2968 3043 3040 significantiam,
3076 2968 3146 3026 de
3172 2969 3268 3024 illo
3293 2968 3573 3039 praecipue

272 3061 369 3118 tali
398 3058 717 3117 testimonio
755 3060 917 3115 etiam
963 3060 1028 3116 ad
1076 3073 1396 3115 communes
1439 3071 1568 3112 usus
1598 3053 1870 3126 perfruar,
1975 3063 2123 3120 dono
2147 3108 2163 3134 ,
2194 3063 2340 3134 quod
2368 3063 2632 3119 Ecclesia:
2675 3072 2731 3117 et
2761 3064 2979 3131 corpori
3012 3077 3114 3117 suo
3153 3061 3429 3132 peculiare
3462 3062 3573 3116 lar.

272 3172 433 3227 neque
457 3156 545 3227 qui
567 3154 971 3227 plantutmeque
991 3153 1083 3226 qui
1102 3154 1261 3226 rigat.
1283 3152 1571 3224 quidquam
1593 3146 1867 3215 εαηιςεοά,
1897 3135 1944 3200 C
1974 3158 2140 3230 gitur.
2171 3158 2372 3214 Paulus
2399 3157 2680 3228 apostolus
2708 3157 2776 3213 ad
2820 3156 3136 3213 Corinthios
3166 3157 3363 3213 scribit
3392 3174 3404 3210 :
3432 3155 3574 3211 Gra-

271 3250 362 3321 qui
386 3250 759 3306 incrementum
788 3248 901 3315 dat,
938 3246 1119 3319 Deus(
1146 3243 1310 3301 lCor.
1339 3259 1398 3300 ιιι
1423 3283 1440 3311 ,
1473 3244 1504 3298 7
1528 3241 1573 3315 ).
1599 3242 1871 3310 Quantum

1978 3250 2077 3305 tias
2104 3265 2206 3321 ago
2229 3247 2344 3304 Deo
2372 3265 2484 3304 meo
2505 3263 2706 3320 semper
2734 3265 2828 3320 pro
2853 3248 3017 3317 vobis,
3042 3250 3099 3302 in
3130 3250 3303 3323 gratia
3335 3246 3434 3303 Dei
3460 3262 3578 3319 qum

273 3355 407 3412 ergo
434 3340 503 3397 de
532 3340 628 3395 Dei
652 3339 930 3410 adjutorio
957 3336 1245 3409 gaudeam.
1275 3350 1374 3407 per
1400 3334 1452 3391 id
1478 3333 1697 3401 metire,
1731 3328 1871 3403 quod

1978 3344 2104 3398 data
2129 3351 2205 3398 est
2226 3342 2367 3399 vobis
2393 3343 2448 3399 in
2480 3342 2689 3398 Christo
2716 3341 2846 3398 Jesu
2882 3361 2903 3399 .’
2947 3343 3075 3414 quia
3114 3343 3172 3398 in
3219 3342 3457 3398 omnibus
3496 3343 3581 3397 di-

277 3434 579 3490 ministrari
622 3432 836 3505 singula
884 3431 1050 3488 etiam
1083 3429 1335 3503 gentibus
1364 3427 1538 3500 probo
1571 3445 1583 3481 :
1617 3434 1678 3482 ut
1705 3423 1879 3480 mani-

275 3527 476 3585 festum
507 3525 670 3582 nobis
697 3533 867 3595 esset,
902 3539 1061 3596 quem
1091 3537 1264 3594 usque
1290 3521 1343 3577 in
1376 3520 1543 3577 ﬁnem
1572 3532 1787 3584 cavere,
1821 3525 1878 3572 et

276 3637 438 3695 quem
470 3620 588 3678 sine
609 3620 915 3678 cessatione
945 3620 1205 3675 invocare
1234 3615 1553 3673 debeamus.

347 3713 443 3771 20.
487 3712 747 3769 Diabolus
769 3714 1136 3782 interrogatur
1163 3722 1194 3764 a
1224 3707 1458 3764 Domino
1488 3724 1503 3764 :
1540 3705 1689 3762 Unde
1710 3703 1880 3759 ades?

279 3812 350 3864 At
400 3806 498 3863 ille
544 3803 828 3877 respondit
861 3824 874 3859 :
909 3803 1227 3859 Circumiens
1275 3813 1465 3857 terram
1505 3810 1553 3854 et
1593 3813 1878 3870 peragrans

277 3915 397 3972 qua:
422 3898 517 3954 sub
547 3882 676 3954 coelo
706 3906 850 3966 sunt,
873 3897 1061 3951 adsum
1089 3893 1236 3968 (Job.
1266 3910 1326 3962 ι,
1358 3894 1436 3966 'l).
1472 3891 1625 3964 Rogo
1658 3900 1733 3958 te,
1764 3888 1878 3945 sol-

278 3992 507 4048 licitudo
536 3993 636 4048 ista
660 3990 901 4056 diaboli,
937 3989 1092 4046 bona:
1121 3986 1439 4055 voluntatis,
1467 4000 1536 4041 an
1569 3984 1727 4040 malae
1752 3985 1881 4041 est?

280 4085 530 4143 Fatearis
559 4098 786 4142 necesse
821 4093 941 4153 est,
975 4081 1213 4139 Omnino
1246 4082 1423 4136 malas.
1472 4080 1588 4136 Hoc
1631 4080 1779 4136 enim
1826 4087 1885 4136 et

278 4195 525 4253 sequens
550 4179 917 4251 expostulatio
941 4177 1058 4248 ejus
1085 4174 1348 4231 ostendit.
1384 4172 1749 4230 Manifestatio
1777 4172 1880 4227 ista

279 4275 488 4332 diaboli
515 4286 759 4343 tempore
776 4270 879 4328 Job
896 4270 1036 4326 facta
1053 4280 1161 4339 est,
1180 4266 1395 4325 scilicet
1417 4277 1660 4337 tempore
1686 4262 1879 4333 Moysi.

279 4368 451 4424 Certe
478 4376 608 4423 tunc
637 4363 787 4422 nulla
814 4362 1023 4426 Judaza.
1055 4362 1205 4418 nulla
1225 4359 1589 4427 Hierusalem,
1611 4358 1757 4415 nulla
1787 4372 1885 4429 per

1976 3436 2102 3491 vites
2148 3436 2277 3507 facti
2326 3436 2448 3491 estis
2474 3437 2528 3490 in
2570 3436 2701 3502 illo,
2736 3436 2792 3490 in
2817 3436 2962 3491 omni
3012 3434 3202 3504 verba,
3250 3448 3298 3491 et
3345 3437 3400 3490 in
3438 3436 3582 3490 omni

1977 3529 2228 3595 scientia,
2264 3529 2399 3583 sicut
2425 3522 2779 3583 testimonium
2806 3526 3000 3583 Christi
3030 3528 3396 3598 conﬁrmatum
3422 3538 3498 3582 est
3522 3527 3591 3581 in.

1980 3622 2120 3677 vobis
2148 3636 2167 3676 :
2196 3621 2272 3676 ita
2301 3632 2358 3676 ut
2388 3620 2694 3677 nihilvobis
2714 3621 2847 3676 desit
2877 3622 2931 3687 in
2955 3619 3065 3675 ulla
3088 3620 3261 3693 gratia
3290 3620 3332 3686 (Ι
3362 3618 3487 3675 Cor.
3516 3634 3534 3674 ι
3559 3659 3576 3687 ,

1979 3713 2121 3786 4-7).
2151 3712 2221 3769 Et
2258 3713 2453 3770 iterum
2499 3730 2513 3768 :
2549 3712 2836 3783 lusti/icati
2888 3714 3050 3785 igitur
3083 3728 3147 3768 ea:
3192 3712 3296 3783 ﬁde
3323 3753 3337 3779 ,
3397 3727 3580 3784 pacem

1982 3805 2260 3860 habeamus
2310 3806 2380 3860 ad
2446 3803 2653 3874 Deum,
2708 3822 2800 3877 per
2859 3803 3140 3859 Dominum
3193 3813 3430 3859 nostrum
3481 3804 3579 3859 Je-

1980 3915 2098 3955 sum
2130 3897 2397 3955 Christum
2437 3916 2456 3955 :
2498 3916 2591 3969 per
2628 3915 2780 3971 quem
2821 3908 2870 3954 et
2912 3914 3175 3954 accessum
3218 3898 3466 3954 habemus
3508 3898 3578 3968 ﬁ-

1983 3992 2067 4047 dei
2094 3991 2191 4047 Dei
2214 3993 2380 4064 609
2406 3992 2459 4047 in
2489 3992 2661 4067 gratia
2690 3993 2810 4060 ista,
2837 4008 2928 4064 per
2946 4008 3105 4064 quam
3129 4000 3351 4059 stamus,
3393 4002 3442 4048 et
3469 3993 3597 4066 gloo.

1982 4086 2183 4140 riamur
2205 4083 2382 4159 (Rom.
2415 4101 2469 4155 v,
2507 4086 2559 4152 ι,
2580 4086 2662 4158 2).
2705 4084 2859 4143 Unde
2885 4095 2942 4142 et
2962 4085 3158 4142 Petrus
3178 4086 3461 4156 apostolus
3485 4085 3582 4142 ad-

1984 4186 2193 4248 monet,
2222 4176 2411 4233 dicens
2439 4196 2452 4231 :
2506 4177 2830 4250 Recipientes
2858 4179 3016 4248 ﬁnem
3042 4179 3168 4246 ﬁdei
3189 4188 3373 4235 uestra:
3392 4219 3408 4245 ,
3440 4179 3585 4235 salu-

1985 4278 2085 4325 tem
2109 4270 2425 4326 animarum.
2461 4269 2540 4326 De
2564 4287 2669 4343 qua
2694 4270 2863 4326 salute
2889 4272 3240 4339 exquisierunt
3265 4283 3417 4342 atque
3440 4288 3588 4327 scru-

1985 4363 2081 4417 tati
2119 4372 2240 4418 sunt
2278 4362 2575 4436 prophetae,
2626 4364 2715 4436 qui
2745 4363 2811 4419 de
2840 4363 3020 4435 futura
3044 4365 3100 4419 in
3141 4380 3234 4420 nos
3276 4364 3450 4436 gratia
3491 4365 3589 4420 Dei

283 4465 475 4523 orbem
510 4463 759 4521 Ecclesia
787 4470 925 4518 erat.
959 4460 1152 4515 Adhuc
1189 4457 1443 4513 universa
1471 4454 1755 4528 gentilitas
1778 4450 1881 4510 'Dei
1909 4523 1954 4532 _
1987 4456 2419 4528 prophetauerunt
2445 4456 2490 4532 (l
2514 4456 2638 4515 Pet.
2671 4475 2719 4527 ι,
2749 4459 2814 4529 9,
2851 4457 2966 4530 10.)
3008 4458 3088 4516 Ex
3131 4476 3240 4531 quo
3281 4460 3592 4517 evidentis-

285 4559 539 4617 notitiam
570 4574 678 4615 non
722 4557 961 4614 habebat
985 4597 1001 4624 ,
1032 4567 1090 4613 et
1114 4557 1229 4627 jam
1263 4563 1442 4611 tamen
1489 4550 1740 4609 diabolus
1776 4549 1885 4605 cir—
1909 4523 1964 4586 D
1987 4552 2125 4610 sime
2153 4523 2498 4609 declaratum
2529 4562 2617 4610 est
2639 4594 2653 4615 .
2708 4554 2912 4610 nemini
2944 4523 3229 4611 hominum
3259 4555 3461 4613 deesse
3493 4555 3589 4612 Dei

283 4655 535 4711 cumiens
555 4661 781 4721 terram,
805 4649 990 4706 omnia
1020 4666 1142 4721 quae
1172 4650 1275 4705 sub
1302 4647 1446 4705 caelo
1471 4654 1600 4701 sunt
1628 4656 1887 4716 peragra-

285 4742 422 4805 bat':
452 4756 617 4818 atque
645 4747 710 4802 ad
754 4744 1127 4801 seducendum
1157 4752 1214 4800 et
1238 4740 1664 4815 dispergendum
1691 4739 1888 4794 buma-

285 4855 417 4897 nnm
448 4853 620 4909 genus
667 4837 983 4894 incessabili
1015 4836 1236 4893 malitia:
1265 4849 1377 4891 sua:
1407 4830 1778 4889 sollicitudine
1807 4829 1888 4885 fe-

284 4933 533 4991 rebatur.
558 4931 748 5001 ltaque
775 4945 899 4987 cum
924 4929 1112 4987 videas
1132 4973 1148 4998 ,
1184 4926 1495 4985 hominibus
1523 4924 1728 4996 ignaris
1759 4931 1882 4979 tan-

286 5035 406 5083 tam
436 5026 641 5083 diaboli
667 5024 982 5081 incubuisse
1009 5020 1304 5095 nequitiam
1338 5023 1391 5076 in
1417 5018 1840 5091 disperdendum
1866 5057 1884 5083 ,

288 5124 493 5180 nullam
522 5123 649 5179 hinc
669 5121 852 5180 credis
876 5120 977 5178 Dei
1008 5121 1064 5178 in
1090 5118 1450 5177 custodiendo
1471 5116 1698 5191 gratiam
1720 5115 1888 5189 608

289 5214 609 5287 praefuisse?
651 5219 758 5271 Aut
786 5215 929 5271 forte
959 5214 1160 5271 frustra
1200 5212 1405 5269 dictum
1439 5219 1598 5282 putas
1628 5229 1640 5265 :
1672 5209 1886 5265 Domini

288 5319 367 5365 est
394 5317 533 5363 terra
560 5315 610 5362 et
639 5304 908 5377 plenitudo
931 5309 1044 5380 ejus
1062 5345 1077 5370 ,
1107 5304 1249 5360 orbis
1295 5312 1553 5360 terrarum
1581 5311 1631 5357 et
1662 5303 1890 5359 universi

288 5401 381 5473 qui
406 5399 641 5455 habitant
663 5399 719 5454 in
747 5415 809 5454 ea
836 5395 1012 5470 (Psal.
1043 5383 1196 5465 iatn,
1227 5396 1322 5469 1)?
1354 5397 1422 5452 At
1444 5410 1576 5453 vero
1607 5404 1664 5451 ut
1693 5396 1890 5452 adesse

290 5494 626 5567 adjutorium
664 5492 754 5549 Dei
784 5536 799 5559 ,
831 5500 886 5547 et
912 5507 1008 5563 per
1039 5500 1066 5529 ει
1100 5490 1343 5563 singulos
1385 5487 1736 5546 manifestius
1766 5503 1890 5560 pro-

368 5648 395 5676 ³
429 5638 603 5693 liabet
625 5635 834 5708 singula
871 5633 1209 5708 Gallandius.

366 5708 395 5748 ι)
440 5708 645 5781 Forte,
688 5701 1074 5781 promitur-Avel
1124 5704 1463 5781 permittitur,
1509 5701 1890 5781 nisi_volu_er_it

293 5779 565 5855 premitur.
595 5772 668 5824 έ-
688 5772 932 5836 Ὁιιιιιὶιιο
962 5772 1253 5850 legendum
1295 5775 1552 5851 promitur
1580 5772 1714 5834 dicit
1758 5772 1889 5835 Gal-

1987 4644 2318 4716 adjutorium
2346 4663 2358 4698 :
2391 4645 2701 4715 praesertim
2730 4660 2855 4701 cum
2882 4656 2939 4705 et
2965 4646 3227 4704 seductor
3254 4649 3493 4716 insistat,
3534 4658 3590 4704 ut

1987 4739 2118 4795 insit
2147 4737 2457 4795 inﬁrmitas.
2499 4738 2738 4795 Confusa
2768 4750 3141 4811 evacuataque
3178 4751 3265 4797 est
3313 4742 3587 4798 calumnia

1988 4835 2449 4907 caeci'arguentis,
2483 4832 2576 4905 qui
2602 4833 2899 4891 aitzForte
2925 4845 2980 4891 tu
3008 4835 3102 4892 Dei
3129 4836 3465 4907 adjutorium
3495 4851 3591 4892 nc-

1987 4941 2083 4996 gas
2110 4925 2133 4979 ‘l
2171 4925 2281 4983 Sed
2304 4925 2562 4998 quoniam
2591 4924 2662 4982 de
2689 4923 2794 4981 Job
2820 4928 3055 4984 fecimus
3082 4930 3420 4985 mentionem
3441 4971 3456 4996 ,
3503 4928 3586 4984 di-

1992 5033 2180 5075 camus
2206 5018 2350 5089 quod
2381 5027 2438 5076 et
2462 5018 2733 5089 superiori
2764 5021 3080 5077 testimonio
3118 5022 3449 5078 recensitum
3480 5030 3596 5089 est,

1992 5111 2225 5167 Domino
2245 5110 2490 5168 dicente:
2518 5110 2689 5168 Homo
2710 5115 2823 5169 sine
2846 5114 3085 5180 crimine,
3107 5128 3263 5170 veras:
3281 5113 3377 5170 Dei
3397 5112 3586 5183 cultor,

1993 5202 2255 5258 abstinens
2284 5219 2339 5258 se
2359 5204 2425 5258 ab
2452 5205 2594 5259 omni
2623 5205 2763 5260 malo
2792 5203 2938 5279 (Job.
2970 5221 3031 5274 ιι,
3056 5205 3137 5278 5).
3179 5207 3334 5264 Solet
3370 5207 3516 5282 enim
3559 5221 3592 5262 a

1994 5296 2149 5351 vobis
2177 5295 2477 5364 smpissime
2503 5296 2773 5366 dictitari,
2817 5297 2887 5355 ad
2930 5298 3275 5370 probandum
3317 5298 3591 5355 hominem

1994 5392 2115 5449 sine
2136 5401 2364 5464 peccato
2394 5407 2557 5463 posse
2584 5407 2708 5450 esse
2727 5435 2741 5459 ,
2773 5394 2898 5465 quia
2931 5391 3094 5449 fuerit
3119 5436 3135 5463 ,
3188 5394 3294 5451 hoc
3324 5404 3438 5462 est,
3465 5398 3594 5467 quia

1994 5495 2050 5544 et
2071 5485 2198 5555 Job,
2229 5486 2546 5544 teatimonio
2577 5486 2711 5555 Dei,
2764 5488 2929 5549 homo
2957 5485 3078 5543 sine
3106 5487 3342 5544 crimine
3392 5496 3480 5544 est
3506 5486 3591 5543 di-

1990 5629 2238 5702 tandius,
2267 5646 2335 5688 ex
2364 5631 2499 5688 edit.
2536 5630 2787 5697 Schotti;
2829 5632 3162 5702 statimque,
3212 5589 3342 5689 ante
3372 5648 3555 5688 rursus
3581 5673 3597 5698 ,

1990 5700 2619 5833 gggg‘p‘psnjunctionem
2664 5712 2750 5770 et,
2797 5718 2958 5774 quam
3003 5700 3335 5762 exhibuerat
3373 5718 3597 5776 quoque
