4060 6352
546 285 679 343 1191

1957 287 2165 347 PAULI
2203 289 2434 349 OROSII

3708 294 3836 352 1192

537 410 658 456 ctus
684 408 736 455 et
762 414 953 456 verax.
973 398 1038 455 Et
1061 399 1353 456 Zacharias
1382 402 1492 454 sine
1518 402 1726 470 querela
1759 403 1814 458 in
1843 403 2142 474 Evangelia
2169 407 2218 467 Α
2245 405 2385 460 dixit
2409 423 2422 458 :
2475 406 2617 474 Quid
2645 414 2670 444 ³
2702 421 2823 477 ergo
2841 406 3061 479 judicor
3089 408 3431 463 commonitus
3470 421 3519 464 et
3548 411 3837 482 increpatus

540 492 808 562 probatus
845 493 1173 549 ostenditur.
1223 492 1370 548 Dixit
1401 493 1662 549 Dominus
1688 495 1757 550 de
1783 495 1923 551 Job:
1962 495 2136 551 Homo

542 586 654 640 sine
676 587 890 641 crimine
917 585 1071 659 (Luc.
1102 603 1116 641 ι
1141 626 1154 653 ,
1187 588 1266 656 6),
1293 587 1553 658 numquid
1579 587 1716 643 dixit
1740 588 1858 643 sine
1881 589 2137 659 peccato?

539 677 830 735 Peccatum
858 680 1004 736 enim
1034 681 1293 752 cogitatio
1320 681 1598 753 concipit,
1631 681 1838 738 crimen
1871 698 2002 738 vero
2029 698 2136 739 non

541 770 646 827 nisi
686 783 841 828 actus
869 773 1127 828 ostendit.
1176 774 1309 829 Esse
1349 775 1517 830 etiam
1559 775 1671 830 sine
1698 776 1909 847 querela
1946 792 2137 832 eorum

541 865 834 936 cognitioni
862 865 1178 937 iudicioque
1205 868 1536 935 ascribitur,
1570 870 1766 940 quibus
1798 870 1850 924 in
1886 879 2136 942 promptu

540 966 629 1013 est
649 999 664 1026 ,
706 959 760 1013 in
791 957 927 1014 facie
953 958 1171 1028 quidem
1205 960 1680 1018 mansuetudinem
1712 965 1995 1033 aspicere,
2041 965 2138 1022 sed

541 1049 724 1106 cordis
753 1050 889 1106 bella
916 1051 1154 1109 nescire.
1202 1053 1354 1110 Unde
1381 1063 1438 1110 et
1460 1056 1664 1112 Paulus
1690 1057 2029 1114 conlidentcr
2052 1059 2141 1128 ju-

537 1145 662 1214 bet,
709 1145 942 1203 dicens:
997 1148 1213 1220 Oportet
1252 1151 1389 1205 enim
1430 1153 1736 1224 cpiscOpum
1764 1153 1879 1208 sine
1927 1154 2140 1208 crimine

536 1259 647 1298 esse
677 1241 806 1312 (Tit.
850 1258 902 1310 ι,
943 1242 1020 1314 ϐ).
1063 1243 1132 1299 Ει
1159 1244 1286 1300 alibi
1333 1247 1589 1316 generale
1633 1248 1725 1303 dat
1769 1247 2136 1304 testimonium

535 1334 836 1390 Corinthiis
861 1345 1024 1407 atque
1062 1339 1297 1394 asserit:
1346 1337 1433 1393 Ita
1457 1350 1512 1393 ut
1553 1356 1654 1394 non
1697 1341 1976 1412 indigentis
2019 1339 2132 1396 ulla

537 1429 738 1498 gratia,
763 1439 1115 1502 exspectantes
1160 1432 1522 1488 reuelationem
1561 1432 1774 1487 Domini
1815 1434 1979 1488 nostri
2008 1433 2138 1489 Jesu

537 1520 775 1576 Christi:
825 1524 915 1592 qui
956 1532 1004 1578 et
1033 1525 1358 1594 conﬁrmabit
1389 1541 1476 1580 eos
1513 1541 1676 1596 usque
1707 1527 1760 1578 in
1787 1526 1941 1595 ﬁnem
1966 1566 1980 1590 ,
2026 1526 2138 1581 sine

537 1613 754 1670 crimine
781 1615 826 1688 (l
850 1615 971 1671 Cor.
999 1632 1042 1685 ι,
1075 1618 1128 1687 7,
1159 1616 1239 1688 8).
1272 1618 1408 1674 Ecce
1435 1619 1636 1674 Paulus
1660 1633 1798 1690 quos
1825 1619 2138 1676 testimonio

539 1720 642 1764 suo
666 1723 837 1779 usque
857 1709 911 1765 in
936 1709 1098 1766 linem
1125 1711 1416 1766 confirmat
1441 1726 1565 1768 esse
1593 1713 1711 1767 sine
1732 1711 1979 1778 crimine,
2003 1727 2131 1768 mox

536 1800 760 1858 eosdem
795 1802 848 1857 itt
881 1803 1070 1858 eadem
1108 1803 1338 1874 epistola
1369 1804 1638 1875 corripit,
1683 1806 1964 1862 scribens:
2015 1803 2136 1859 lam

535 1898 745 1968 quidem
776 1899 985 1953 omnino
1013 1899 1259 1954 delictum
1281 1907 1355 1955 est
1381 1901 1431 1954 in
1462 1899 1620 1965 tabis,
1647 1901 1785 1971 quod
1804 1900 2013 1972 judicia
2039 1898 2137 1954 ha-

535 1991 697 2047 beatis
719 1993 855 2047 inter
883 2008 971 2047 vos
998 1992 1042 2065 (l
1073 1991 1192 2048 Cor.
1225 2009 1296 2060 γι,
1330 1992 1407 2064 7).
1450 1991 1564 2049 Sub
1592 2007 1698 2048 uno
1731 1992 1884 2047 titulo
1913 1990 2138 2047 iisdem-

533 2102 644 2158 que
665 2086 939 2158 personis,
964 2101 1093 2144 ecce
1115 2088 1226 2142 sine
1252 2087 1489 2154 crimine,
1515 2101 1642 2143 ecce
1668 2086 1952 2140 delictum:
1989 2085 2134 2141 unde

533 2177 798 2250 declarat,
825 2197 932 2236 non
959 2181 1140 2237 statim
1169 2181 1287 2238 sine
1313 2180 1513 2237 delicto
1535 2180 1731 2250 asseri,
1764 2195 1921 2251 quem
1946 2178 2133 2236 videas

533 2272 656 2330 sine
694 2273 921 2330 crimine
961 2274 1253 2329 nominari.
1300 2274 1449 2329 Dixit
1478 2275 1624 2330 enim
1665 2285 1722 2330 et
1751 2274 2014 2330 Dominus
2042 2275 2134 2332 Je-

531 2382 660 2424 sus:
695 2367 848 2423 Venit
870 2367 1098 2424 Joannes
1125 2385 1226 2425 non
1248 2369 1568 2424 manducans
1590 2386 1750 2440 neque
1771 2369 1945 2425 bibens
1969 2369 2126 2440 (Luc.

533 2476 633 2531 vn,
663 2462 777 2535 55).
803 2463 874 2518 Et
901 2464 1098 2520 iterum
1127 2465 1392 2536 scriptum
1425 2473 1540 2520 est:
1575 2463 1713 2519 Esca
1740 2465 1886 2519 illius
1915 2474 2027 2518 erat
2054 2467 2133 2519 lo-

531 2563 701 2625 custa,
748 2566 794 2611 et
819 2557 920 2612 mel
949 2557 1183 2612 silvestre
1212 2557 1407 2630 (Mat/t.
1442 2573 1517 2624 Ill,
1550 2559 1630 2628 4).
1663 2556 1933 2630 Numquid
1957 2573 2020 2614 ex
2045 2558 2130 2612 al-

533 2655 742 2705 terutro
768 2659 862 2707 aut
890 2651 1130 2707 Joannes
1158 2667 1267 2706 non
1295 2651 1656 2707 manducasse
1679 2692 1695 2719 ,
1744 2659 1836 2706 aut
1865 2650 2129 2708 Dominus

530 2741 792 2800 fefellisse
819 2743 1126 2801 credendus
1159 2744 1287 2802 est?
1317 2743 1423 2801 Sed
1454 2759 1485 2800 e
1512 2743 1790 2800 contrario
1819 2744 1872 2799 in
1897 2752 2128 2816 utroque

529 2836 734 2894 veritas
762 2846 883 2894 est:
931 2838 1096 2909 610
1141 2837 1266 2909 quia
1308 2847 1362 2893 et
1385 2837 1625 2894 Joannes
1667 2835 1726 2893 iu'
1766 2837 2126 2894 substantiam

527 2931 710 2988 carnis
736 2947 877 2988 csum
897 2931 1098 3003 aliquid
1127 2931 1444 3003 sumpserit,
1479 2941 1536 2987 et
1566 2945 1785 2987 rursum
1819 2947 1947 2988 vere
1975 2930 2128 2987 dixe-

528 3025 598 3082 rit
623 3026 888 3084 Dominus
918 3027 969 3082 in
995 3027 1261 3084 Joannem
1286 3069 1302 3095 ,
1358 3043 1461 3085 nec
1486 3044 1606 3084 cum
1645 3030 1894 3098 cmteris,
1942 3043 2045 3085 nec
2073 3028 2125 3084 id

529 3120 887 3177 manducasse
907 3161 924 3188 ,
951 3121 1099 3192 quod
1126 3132 1392 3178 cmteros:
1431 3122 1669 3192 probans
1697 3137 1756 3179 se
1787 3121 2127 3194 Scripturas-

2239 515 2270 551 a
2297 497 2520 553 Domino
2542 540 2557 564 ,
2590 498 2809 554 audiens
2841 499 2969 554 talin
2997 516 3115 554 cum
3155 501 3288 555 nihil
3330 502 3426 556 sint
3465 501 3610 575 (Job.
3652 519 3833 569 χχιιι,

2238 591 2332 658 55,
2361 606 2463 646 sec.
2499 589 2686 661 LXX).
2728 590 2878 646 Talis
2903 600 2959 646 et
2986 591 3278 648 Zacharias
3303 634 3319 661 ,
3370 592 3535 651 homo
3574 595 3690 650 sine
3716 613 3837 667 que-

2238 683 2346 737 rela
2373 721 2388 748 ,
2441 682 2639 753 dignus
2666 682 2874 740 honore
2901 683 3182 740 hominum
3211 727 3226 752 ,
3277 686 3476 758 dignus
3525 687 3839 745 testimonio

2238 775 2668 855 Scripturarum,
2698 793 2859 848 quem
2887 777 3068 849 aliqua
3096 778 3235 849 jam,
3266 787 3326 834 nt
3349 780 3613 848 arbitror,
3643 797 3714 837 ex
3741 781 3838 837 hoc

2238 867 2452 923 inﬂatio
2486 869 2763 937 titillabat,
2814 871 3221 943 incipiebatque
3261 873 3383 944 plus
3424 873 3659 930 credere
3689 875 3838 930 fama:

2239 979 2406 1035 quam
2437 965 2825 1032 conscientiae,
2871 981 2970 1036 per
3001 967 3396 1037 corripientem
3427 969 3684 1040 angelum
3717 978 3837 1025 nota

2239 1057 2579 1136 infidelitatis
2607 1060 2890 1132 arguitur,
2939 1071 2994 1117 et
3043 1060 3377 1131 temporario
3416 1060 3638 1120 silentio
3679 1064 3840 1120 casti-

2241 1161 2427 1225 gatur.
2470 1152 2626 1210 Unde
2646 1161 2703 1210 et
2730 1154 2937 1209 Paulus
2960 1154 3089 1210 dicit
3114 1173 3127 1207 :
3163 1152 3352 1226 Itaque
3373 1155 3463 1227 qui
3497 1173 3552 1212 se
3581 1157 3836 1212 existimat

2238 1257 2398 1318 stare,
2430 1249 2601 1304 videat
2630 1265 2693 1305 ne
2721 1248 2877 1304 cadat
2911 1248 2954 1323 (l
2980 1248 3101 1304 Cor.
3135 1266 3191 1318 κ,
3227 1251 3340 1323 12).
3383 1251 3452 1308 Et
3477 1254 3634 1322 quasi
3667 1252 3836 1310 forma

2241 1342 2520 1398 hominum
2545 1342 2616 1399 de
2645 1357 2703 1399 se
2726 1341 2844 1413 ipse
2875 1342 3186 1412 pronuntiat
3213 1343 3402 1400 dicens
3430 1363 3442 1396 :
3478 1343 3694 1417 Castigo
3723 1362 3833 1400 cor-

2239 1449 2335 1505 pus
2362 1451 2531 1489 meum
2559 1444 2607 1489 et
2639 1436 2691 1489 in
2718 1435 3009 1490 servitutem
3032 1437 3248 1507 redigo:
3274 1454 3339 1492 ne
3366 1438 3527 1506 forte,
3571 1455 3693 1493 cum
3723 1438 3837 1496 aliis

2239 1530 2650 1601 prcedicarerim,
2691 1531 2803 1601 ipse
2840 1531 3091 1600 reprobus
3114 1531 3277 1603 611
3307 1531 3498 1601 e/ﬁciar
3525 1530 3578 1598 (I
3609 1530 3733 1586 Cor.
3767 1548 3834 1599 Ix,

2236 1622 2358 1694 27.)
2386 1623 2462 1678 Ita
2492 1625 2604 1678 sine
2631 1626 2850 1680 crimine
2872 1624 2980 1681 dici
3013 1640 3347 1697 quemquam
3381 1636 3435 1681 et
3459 1627 3575 1680 sine
3593 1629 3834 1698 querela:

2239 1734 2350 1774 non
2381 1728 2466 1776 est
2496 1720 2844 1790 perfectionis
2870 1719 3264 1789 testimonium,
3291 1719 3388 1777 sed
3409 1720 3838 1778 conversationis

2169 1789 2214 1849 Β
2241 1814 2576 1885 exemplum.

2308 1906 2399 1960 25.
2455 1905 2533 1961 De
2583 1905 2938 1962 immaculato
2965 1915 3144 1964 autem
3186 1907 3513 1980 ubicumque
3552 1908 3834 1980 Scriptura

2237 2000 2572 2070 pronuntiat,
2605 2000 2748 2056 sicut
2779 2000 2944 2056 David
2973 2001 3049 2056 ait
3076 2019 3088 2054 :
3120 2001 3272 2056 Beati
3288 2001 3614 2056 immaculati
3648 2003 3703 2056 in
3736 2003 3834 2070 cia,

2234 2095 2324 2166 qui
2351 2094 2696 2150 antbnlant‘in
2731 2094 2842 2168 lege
2880 2090 3092 2150 Domini
3120 2094 3296 2168 (Psal.
3339 2113 3540 2164 cum,
3579 2098 3672 2168 1),
3710 2113 3833 2154 sana

2234 2191 2482 2245 doctrina
2503 2190 2759 2246 traditum
2791 2206 2934 2258 reor,
2963 2192 3088 2262 quia
3118 2206 3248 2248 vere
3274 2190 3418 2248 beati
3435 2191 3569 2259 sint,
3591 2192 3684 2262 qui
3714 2201 3836 2247 sunt

2234 2280 2563 2338 immaculati
2598 2282 2651 2338 in
2685 2284 2792 2352 via,
2837 2282 2942 2340 hoc
2969 2291 3088 2351 est,
3125 2283 3362 2354 perfecta
3386 2283 3502 2340 ﬁde
3527 2285 3581 2340 in
3610 2285 3834 2341 veritate

2231 2377 2582 2448 gradientes:
2627 2392 2732 2433 non
2761 2377 3099 2434 declinantes
3129 2377 3381 2436 hmretica
3416 2380 3708 2449 pravitate,
3745 2395 3833 2437 ne-

2232 2484 2338 2540 que
2371 2470 2424 2524 in
2453 2469 2732 2525 dexteram
2758 2511 2772 2533 ,
2817 2485 2990 2540 neque
3032 2469 3086 2525 in
3131 2468 3429 2528 sinistram.
3463 2469 3563 2526 Via
3589 2470 3832 2528 Christus

2232 2571 2353 2632 est,
2405 2562 2497 2632 qui
2547 2579 2643 2633 per
2696 2563 2954 2634 Spiritum
3001 2573 3248 2620 sanctum
3298 2563 3446 2620 ducit
3494 2564 3565 2621 ad
3616 2565 3830 2626 Patrem

2232 2652 2416 2724 (Joan.
2449 2669 2540 2708 χιν
2560 2698 2573 2720 ,
2602 2654 2683 2726 6).
2714 2654 2878 2726 Igitur
2905 2654 2996 2726 qui
3045 2658 3164 2711 sine
3194 2656 3404 2711 macula
3433 2665 3600 2728 atque
3639 2657 3790 2729 lepra
3813 2703 3827 2728 ,

2231 2760 2332 2801 nec
2362 2746 2703 2802 conviolatus
2735 2746 2803 2802 ab
2827 2745 2911 2802 his
2938 2763 3154 2814 quorum
3190 2763 3357 2802 sermo
3385 2748 3545 2820 serpit
3575 2757 3624 2803 et
3652 2765 3832 2804 cancer

2236 2839 2305 2911 (ll
2337 2840 2476 2895 Tim.
2521 2856 2580 2906 tt,
2609 2838 2722 2910 17),
2751 2841 3075 2896 veneranda:
3097 2840 3328 2913 gloriam
3349 2841 3634 2896 Trinitatis
3659 2842 3828 2909 audit,

2228 2932 2426 3000 credit,
2459 2931 2734 3003 intelligit,
2769 2931 2961 2989 beatus
2985 2934 3038 2988 itt
3067 2933 3686 3005 ﬁdeimmaculatusque
3709 2949 3832 2990 conc

2227 3023 2390 3080 sistit.
2423 3025 2501 3080 Ex
2553 3039 2660 3095 quo
2691 3025 2858 3082 etiam
2909 3024 3110 3081 dicitur
3140 3025 3209 3081 ad
3248 3024 3563 3082 Abraham:
3611 3025 3832 3081 Ambula

2232 3135 2409 3174 coram
2438 3134 2540 3187 me,
2570 3129 2615 3174 et
2647 3128 2753 3174 esto
2785 3119 2896 3175 sine
2923 3119 3129 3174 macula
3173 3119 3329 3192 (Gen.
3361 3135 3489 3188 xv",
3526 3119 3604 3192 1).
3632 3120 3829 3177 Neces-

529 3227 634 3283 que
659 3223 904 3282 sanctas,
937 3213 1206 3270 occultata
1229 3229 1376 3284 stcpe
1402 3215 1631 3270 scientia
1667 3215 1791 3284 Dei,
1839 3181 2122 3271 hominum
2153 3181 2199 3243 ϐ
2230 3213 2374 3268 sario
2403 3212 2548 3268 enim
2576 3212 2848 3269 Abraham
2871 3254 2885 3279 ,
2913 3213 3004 3285 qui
3053 3213 3272 3268 credidit
3304 3212 3434 3280 Deo,
3461 3221 3510 3269 et
3537 3224 3832 3287 reputation

528 3306 886 3363 manifestare
911 3307 1232 3364 sententias.
1259 3307 1621 3377 Quamobrem
1645 3307 2016 3380 obsequenter
2039 3323 2128 3365 ac-

529 3402 766 3475 cipitur,
809 3403 1256 3475 quotiescumque
1286 3402 1566 3474 Scriptura
1597 3410 2026 3472 commemorat,
2073 3410 2129 3459 et

518 3501 728 3573 justunt
757 3511 810 3556 et
839 3501 952 3557 sine
988 3503 1197 3573 querela
1237 3517 1335 3574 pro
1378 3515 1540 3582 captu
1571 3502 1830 3573 temporis
1853 3511 1908 3558 et
1934 3515 2128 3558 secun-

524 3591 654 3649 dum
688 3593 816 3650 illud
848 3595 1097 3651 ultimum
1136 3596 1403 3667 judicium
1432 3597 1526 3652 Dei
1555 3640 1570 3664 ,
1621 3596 1708 3653 cui
1741 3597 2124 3653 universorum

524 3689 862 3746 conscientia
887 3689 1197 3762 subjicitur,
1229 3701 1284 3749 et
1315 3692 1494 3764 lingua
1529 3692 1771 3749 omnium
1806 3692 2123 3749 confitetur.

594 3779 688 3837 2'2.
715 3780 961 3855 Denique
983 3782 1190 3855 liquido
1216 3784 1478 3858 intelligo,
1509 3787 1634 3857 quia
1655 3784 1973 3856 justiﬁcatio
1999 3784 2124 3853 Job,

525 3875 950 3949 passionumque
987 3878 1106 3948 ejus
1153 3879 1209 3934 in
1246 3895 1466 3937 carnem
1517 3880 1804 3950 permissio
1831 3923 1847 3948 ,
1899 3879 2125 3951 provido

523 3969 758 4026 consilio
788 3970 886 4027 Dei
924 3971 1303 4029 confusionem
1341 3973 1540 4031 diaboli
1571 3973 1876 4045 arrogantis
1903 3985 2126 4046 operata

524 4071 614 4120 est
644 4081 656 4117 :
689 4074 746 4118 ut
772 4063 902 4120 dum
928 4063 1094 4121 homo
1119 4066 1186 4122 de
1215 4065 1424 4124 honore
1448 4069 1734 4140 creatoris,
1759 4070 1877 4140 ipso
1897 4069 2126 4125 Domino

525 4157 794 4228 probante
821 4157 1096 4230 laudatur,
1129 4159 1470 4217 infidelitatis
1501 4172 1684 4218 notam
1711 4162 2000 4218 declinans
2029 4177 2128 4218 an-

519 4252 676 4322 gelus
705 4252 1015 4324 puniretur.
1057 4253 1271 4312 Rursus
1309 4265 1490 4312 autem
1532 4273 1600 4314 ne
1644 4257 1846 4314 famulo
1875 4273 1975 4314 suo
2001 4275 2127 4331 gra-

520 4343 736 4402 viorem
765 4345 979 4418 plagam
1009 4347 1237 4419 faceret,
1270 4348 1398 4404 dum
1431 4359 1683 4420 sanaret,
1729 4362 1782 4407 et
1811 4366 1907 4423 per
1936 4367 2124 4409 curam

519 4438 735 4505 carnis,
765 4439 965 4495 anima:
993 4440 1187 4497 vulnus
1216 4440 1517 4514 inﬂigeret,
1560 4443 1663 4499 hoc
1691 4452 1805 4511 est,
1839 4460 1907 4501 ne
1934 4444 2124 4502 beatus

518 4533 644 4599 Job,
679 4542 830 4590 tanta
862 4535 1162 4593 tentatione
1191 4547 1443 4607 superata
1471 4579 1488 4604 ,
1520 4537 1921 4610 duplicatisque
1950 4540 2125 4595 omni.

518 4625 624 4684 bus
648 4637 706 4685 et
731 4628 1022 4698 restitutis,
1056 4630 1107 4686 in
1131 4631 1442 4702 superbiam
1467 4633 1659 4701 elatus,
1685 4647 1741 4691 et
1759 4634 2022 4705 judicium
2049 4636 2127 4690 itt-

517 4718 732 4775 cideret
762 4719 995 4789 diaboli,
1024 4721 1352 4779 admonetur
1380 4723 1450 4781 ab
1478 4726 1710 4781 occultis
1740 4724 1857 4781 suis
1882 4770 1897 4796 ,
1939 4735 1998 4781 ut
2023 4727 2124 4784 etsi

518 4828 550 4868 a
582 4813 722 4871 foris
743 4813 812 4870 de
835 4814 1054 4885 justitia
1087 4816 1430 4889 laudaretur,
1466 4819 1614 4875 intus
1642 4829 1823 4876 tamen
1856 4821 1906 4876 ei
1933 4834 1992 4877 se
2022 4819 2130 4877 sci-

459 4927 462 4930 ’
519 4915 607 4964 ret
651 4907 926 4964 subditum
959 4924 1083 4966 esse
1111 4910 1312 4969 debere
1349 4929 1380 4968 a
1413 4927 1522 4983 quo
1551 4911 1937 4971 custodiretur.
1983 4913 2131 4970 Dicit

518 4999 667 5058 enim
691 5000 759 5057 ad
787 5016 911 5058 eum
937 5002 1234 5062 Dominus:
1271 5005 1398 5074 Quis
1421 5017 1494 5062 est
1519 5007 1601 5062 hic
1622 5007 1711 5080 qui
1737 5009 1869 5063 celat
1900 5024 1976 5061 me
2005 5025 2125 5062 con-

520 5091 720 5162 silium,
745 5094 1013 5151 continens
1033 5112 1291 5154 sermones
1312 5099 1367 5153 in
1388 5099 1564 5165 corde,
1593 5110 1639 5154 et
1662 5116 1740 5155 me
1759 5109 1906 5172 putat
1930 5100 2125 5156 latere?

521 5187 746 5260 Accinge
765 5199 1030 5261 tamquam
1051 5193 1128 5247 uir
1147 5190 1348 5247 lumbos
1371 5202 1508 5248 tttos.
1536 5193 1882 5266 luterrogabo
1903 5209 1922 5250 :
1950 5203 2006 5249 tu
2027 5210 2123 5249 au-

524 5288 625 5335 tem
663 5282 924 5352 responde
948 5281 1099 5339 mihi.
1150 5282 1252 5340 Ubi
1291 5300 1406 5340 eras
1447 5301 1564 5339 cum
1595 5284 1871 5356 {undarem
1903 5294 2115 5355 terram,

524 5373 706 5430 indica
734 5376 861 5432 ntilti
882 5421 897 5447 ,
932 5379 979 5433 si
1008 5379 1147 5435 nosti
1189 5380 1462 5435 scientiam
1503 5377 1644 5453 (Job.
1692 5397 1926 5451 xxxvut,
1958 5381 2123 5449 2—5,

517 5483 628 5525 sec.
660 5467 853 5540 LXX).
893 5470 961 5527 Et
1000 5483 1121 5542 post
1150 5471 1378 5528 multam
1422 5471 1655 5529 docendi
1696 5471 2124 5545 correptionem,

521 5559 613 5620 vel
639 5562 971 5634 corripiendi
999 5564 1308 5622 doctrinam
1339 5583 1352 5618 :
1387 5565 1732 5637 respondens
1765 5567 1868 5624 Job
1895 5566 2128 5623 Domino

597 5716 624 5745 ο
662 5704 826 5760 Ponit
849 5721 941 5777 ego
962 5703 1299 5777 Gallandius,
1330 5713 1396 5777 et
1417 5704 1470 5760 in
1498 5704 1649 5760 calce
1675 5702 1894 5759 subdit:
1924 5703 2122 5777 AtEdill

525 5777 692 5851 male,
729 5775 1041 5851 Quidierqo.
1082 5776 1257 5841 LXX,
1288 5781 1348 5851 'lfi
1377 5775 1452 5834 ἔτι
1503 5778 1601 5850 ἐγὼ
1630 5777 1862 5851 κρίνομει
1899 5775 2126 5851 ἐλέγχῳ

525 5847 736 5928 xoptate;
761 5845 900 5914 Quid
917 5845 1092 5904 adhuc
1108 5865 1204 5924 ego
1223 5848 1435 5920 judicor
1534 5845 1778 5922 arguens
1796 5845 2082 5906 Dominum
2102 5849 2128 5903 ε’

2153 4581 2208 4643 D

2231 3321 2303 3366 est
2331 3311 2378 3366 ei
2401 3311 2469 3364 ad
2493 3309 2753 3384 justitiam
2782 3309 2962 3381 (Rom.
2986 3323 3062 3378 tv,
3089 3311 3146 3378 5,
3171 3307 3288 3380 22),
3313 3316 3372 3364 ut
3391 3308 3483 3375 sit,
3515 3307 3567 3363 in
3598 3323 3666 3364 eo
3687 3307 3829 3380 quod

2229 3405 2481 3470 credidit,
2507 3404 2635 3459 ridit
2661 3414 2708 3460 et
2736 3404 2942 3476 gavisus
2958 3412 3034 3460 est
3056 3401 3237 3475 (Joan.
3268 3418 3386 3468 vm,
3415 3402 3528 3475 56),
3559 3402 3832 3474 perfectus

2229 3515 2352 3559 esse
2378 3517 2441 3558 ac
2461 3501 2581 3557 sine
2611 3499 2820 3555 macula
2845 3506 3244 3566 commonetur,
3265 3498 3559 3554 multarum
3588 3498 3830 3568 gentium

2229 3605 2382 3668 pater
2411 3595 2740 3652 constitutus
2769 3595 2820 3649 in
2850 3593 2953 3650 fide
2979 3592 3133 3664 (Gen.
3159 3608 3290 3660 xvtt,
3324 3592 3392 3659 5;
3423 3591 3580 3648 Rom.
3613 3608 3693 3660 tv,
3722 3589 3828 3664 18),

2229 3701 2280 3748 et
2311 3689 2552 3746 ﬁdelium
2575 3689 2750 3758 sinus,
2782 3688 2835 3745 in
2862 3687 3050 3760 requie
3071 3697 3129 3744 ut
3155 3687 3326 3744 simus
3349 3702 3563 3755 omnes,
3593 3687 3686 3758 qui
3713 3701 3834 3758 Spe-

2228 3799 2414 3841 ramus
2461 3785 2514 3839 in
2550 3783 2660 3840 Deo
2690 3798 2812 3839 cum
2868 3782 3018 3839 fideli
3068 3781 3363 3839 Abraham.
3398 3780 3544 3837 Beati
3572 3785 3827 3836 immacu-

2228 3879 2324 3934 lati
2351 3881 2404 3933 in
2435 3879 2520 3934 via
2540 3918 2556 3946 ,
2583 3878 2834 3949 scriptum
2862 3888 2936 3933 est
2959 3892 2980 3932 :
3009 3893 3102 3948 per
3125 3877 3281 3947 [idem
3302 3877 3440 3932 enim
3471 3875 3826 3944 ambulamus,

2229 3989 2330 4028 non
2351 3989 2442 4044 per
2471 3972 2694 4044 speciem
2717 3969 2805 4044 (ll
2835 3969 2957 4028 Cor.
2985 3987 3039 4036 v,
3073 3969 3152 4042 7).
3179 3973 3247 4026 At
3275 3985 3406 4026 vero
3448 3970 3494 4024 si
3527 3969 3612 4026 vis
3634 3969 3705 4026 de
3728 3972 3830 4025 im-

2229 4065 2502 4122 maculato
2534 4063 2747 4134 qualem
2779 4063 2946 4120 David
2970 4079 3134 4121 orans
3156 4065 3353 4136 qttmrit
3379 4063 3598 4132 audire,
3630 4079 3823 4120 vanam

2227 4155 2610 4229 possibilitatis
2641 4165 2746 4213 tua:
2785 4156 2997 4228 depone
3037 4156 3288 4213 fiduciam
3316 4201 3331 4226 ,
3357 4164 3412 4212 et
3442 4165 3752 4227 prostratus
3777 4157 3828 4212 in

2231 4252 2488 4322 precibus
2535 4265 2660 4308 cum
2689 4250 2952 4322 propheta
2978 4251 3228 4308 oratione
3270 4252 3605 4322 conjungere
3627 4291 3644 4316 ,
3696 4251 3829 4308 ﬂens

2231 4343 2434 4415 pariter
2462 4359 2524 4400 ac
2541 4343 2734 4400 dicens
2761 4361 2776 4401 :
2811 4343 3014 4398 Dilecta
3041 4344 3155 4415 quis
3201 4342 3436 4416 intelligit
3459 4344 3486 4397 .’
3509 4343 3588 4398 Ab
3615 4343 3828 4400 occultis

2229 4441 2357 4494 meis
2385 4424 2582 4493 munda
2611 4455 2710 4506 me,
2727 4436 2972 4506 Domine,
3001 4447 3048 4494 et
3075 4429 3138 4493 ab
3161 4438 3346 4492 alienis
3368 4453 3524 4508 parce
3551 4453 3698 4494 serto
3722 4448 3824 4493 tuo.

2233 4532 2295 4589 Si
2322 4535 2460 4586 enim
2481 4531 2610 4586 mihi.
2638 4548 2740 4586 non
2766 4532 2957 4604 fuerint
2985 4531 3240 4586 dominati
3265 4573 3279 4598 ,
3309 4541 3430 4586 tunc
3467 4533 3828 4587 imntaculatus

2231 4640 2319 4678 ero
2350 4622 2525 4694 (Psal.
2555 4639 2710 4694 xvut,
2745 4625 2831 4692 l5,
2861 4625 2976 4694 14).
3019 4622 3212 4680 Infelix
3241 4638 3341 4695 ego
3375 4622 3540 4680 homo
3564 4667 3582 4692 ,
3630 4623 3831 4681 delicta

2231 4733 2353 4788 qua:
2378 4718 2618 4773 nondum
2646 4715 2914 4788 intelligo,
2939 4716 3158 4788 quando
3180 4716 3405 4772 vitabo?
3436 4716 3632 4774 Petrus
3654 4717 3832 4789 diligit

2230 4810 2528 4880 Christum,
2558 4825 2659 4866 nec
2680 4825 2939 4881 umquam
2971 4826 3000 4864 a
3025 4810 3319 4868 dilectione
3343 4809 3584 4866 declinat
3611 4829 3622 4865 :
3663 4811 3832 4870 testi-

2231 4905 2417 4962 monio
2466 4903 2778 4962 dilectionis
2830 4903 3075 4970 Domini,
3129 4919 3271 4960 nunc
3299 4915 3444 4974 petra
3492 4903 3831 4962 fundamenti

2230 5001 2492 5058 Ecclesiae
2521 4999 2870 5057 constituitur
2901 4997 3119 5070 (Matth.
3155 5013 3266 5066 xw,
3299 4997 3412 5072 18),
3441 5013 3586 5055 nunc
3617 4998 3832 5056 Saturne

2231 5095 2498 5152 vocabulo
2527 5093 2855 5165 depravatur
2897 5091 3090 5166 (Ibid.,
3119 5091 3236 5164 25).
3276 5091 3453 5149 Unum
3494 5103 3660 5164 atque
3690 5093 3826 5148 idem

2224 5204 2440 5260 semper
2491 5188 2735 5261 operanti
2763 5228 2779 5256 ,
2829 5203 2970 5245 nunc
3018 5187 3257 5244 dicitur:
3295 5187 3422 5243 Non
3461 5184 3826 5244 revelat-ithoc

2228 5282 2319 5337 tibi
2347 5297 2470 5337 caro
2492 5293 2539 5337 et
2567 5280 2812 5355 sanguis,
2843 5281 2935 5338 sed
2977 5279 3140 5337 Pater
3165 5297 3308 5336 meus
3333 5323 3347 5349 ,
3388 5282 3476 5352 qui
3505 5291 3582 5339 est
3607 5284 3661 5338 in
3690 5283 3826 5339 caelis

2227 5378 2422 5449 (Ibid.,
2454 5377 2577 5451 l7);
2612 5391 2756 5434 nunc
2787 5392 2980 5434 rursus
3021 5375 3322 5449 ingeritur:
3373 5377 3496 5433 Non
3537 5379 3681 5450 sapis
3713 5392 3828 5449 qua:

2235 5471 2328 5528 Dei
2358 5473 2484 5540 sint,
2511 5472 2599 5528 sed
2627 5487 2741 5543 qute
2763 5481 2882 5527 sunt
2920 5472 3186 5527 hominum
3219 5470 3407 5545 (Ibid.,
3447 5471 3568 5543 25).
3599 5474 3827 5543 Aposto-

2231 5566 2316 5625 lus
2337 5566 2615 5641 diligendo
2637 5567 2843 5625 electus
2870 5576 2974 5635 est,
2998 5566 3274 5639 diligendo
3295 5567 3590 5626 confusus:
3624 5566 3825 5624 habens

2230 5703 2648 5769 Verumtamen,
2683 5703 3143 5772 quemadmodum
3175 5704 3267 5760 hic
3295 5700 3557 5770 Orosius,
3589 5704 3824 5772 increpa-

2231 5786 2314 5831 tus
2341 5795 2372 5830 a
2402 5773 2648 5850 Domino,
2679 5775 2753 5831 ita
2779 5791 2996 5850 quoque
3021 5776 3152 5849 legit
3178 5777 3238 5836 S.
3261 5775 3620 5850 Augustinus,
3647 5785 3702 5834 ut
3726 5792 3823 5834 an-

2233 5857 2389 5907 notat
2415 5847 2686 5907 Nobilius.
2709 5866 2730 5903 ι
