  <div class='ocr_page' id='page_1' title='image "/cluster/home/n/w/nwhite01/storage/ocr_20150623/31/hvd.32044015471444/602.png"; bbox 0 0 4076 6352; ppageno 0'>
   <div class='ocr_carea' id='block_1_1' title="bbox 331 285 471 348">
    <p class='ocr_par' dir='ltr' id='par_1_1' title="bbox 331 285 471 348">
     <span class='ocr_line' id='line_1_1' title="bbox 331 285 471 348; baseline 0.021 -3"><span class='ocrx_word' id='word_1_1' title='bbox 331 285 471 348; x_wconf 60' lang='lat' dir='ltr'><strong>lli-5</strong></span> 
     </span>
    </p>
   </div>
   <div class='ocr_carea' id='block_1_2' title="bbox 1410 293 2550 354">
    <p class='ocr_par' dir='ltr' id='par_1_2' title="bbox 1410 293 2550 354">
     <span class='ocr_line' id='line_1_2' title="bbox 1410 293 2550 354; baseline 0.002 -3"><span class='ocrx_word' id='word_1_2' title='bbox 1410 293 1614 352; x_wconf 74' lang='lat' dir='ltr'><strong>LIBER</strong></span> <span class='ocrx_word' id='word_1_3' title='bbox 1660 296 1749 352; x_wconf 88' lang='lat' dir='ltr'><strong>DE</strong></span> <span class='ocrx_word' id='word_1_4' title='bbox 1791 294 2098 353; x_wconf 71' lang='lat' dir='ltr'><strong>ARBITRI!</strong></span> <span class='ocrx_word' id='word_1_5' title='bbox 2136 294 2550 354; x_wconf 72' lang='lat' dir='ltr'><strong>LIBERTATE.</strong></span> 
     </span>
    </p>
   </div>
   <div class='ocr_carea' id='block_1_3' title="bbox 3483 304 3621 362">
    <p class='ocr_par' dir='ltr' id='par_1_3' title="bbox 3483 304 3621 362">
     <span class='ocr_line' id='line_1_3' title="bbox 3483 304 3621 362; baseline -0.007 0"><span class='ocrx_word' id='word_1_6' title='bbox 3483 304 3621 362; x_wconf 66' lang='grc' dir='ltr'><strong>ΗΜ</strong></span> 
     </span>
    </p>
   </div>
   <div class='ocr_carea' id='block_1_4' title="bbox 326 404 3626 481">
    <p class='ocr_par' dir='ltr' id='par_1_4' title="bbox 326 404 3626 481">
     <span class='ocr_line' id='line_1_4' title="bbox 326 404 3626 481; baseline 0.004 -22"><span class='ocrx_word' id='word_1_7' title='bbox 326 420 427 475; x_wconf 86' lang='lat' dir='ltr'><strong>pro</strong></span> <span class='ocrx_word' id='word_1_8' title='bbox 470 404 640 462; x_wconf 88' lang='lat' dir='ltr'><strong>nimio</strong></span> <span class='ocrx_word' id='word_1_9' title='bbox 669 419 856 464; x_wconf 88' lang='lat' dir='ltr'><strong>amore</strong></span> <span class='ocrx_word' id='word_1_10' title='bbox 907 413 1213 479; x_wconf 87' lang='lat' dir='ltr'><strong>peccatum.</strong></span> <span class='ocrx_word' id='word_1_11' title='bbox 1256 408 1535 481; x_wconf 83' lang='lat' dir='ltr'><strong>Siquidem</strong></span> <span class='ocrx_word' id='word_1_12' title='bbox 1582 410 1924 467; x_wconf 87' lang='lat' dir='ltr'><strong>aununtianti</strong></span> <span class='ocrx_word' id='word_1_13' title='bbox 1955 413 2007 474; x_wconf 84' lang='grc' dir='ltr'>Α</span> <span class='ocrx_word' id='word_1_14' title='bbox 2033 419 2211 466; x_wconf 88' lang='lat' dir='ltr'><strong>tamen</strong></span> <span class='ocrx_word' id='word_1_15' title='bbox 2243 411 2363 465; x_wconf 86' lang='lat' dir='ltr'><strong>sine</strong></span> <span class='ocrx_word' id='word_1_16' title='bbox 2395 417 2623 479; x_wconf 83' lang='lat' dir='ltr'><strong>peccato</strong></span> <span class='ocrx_word' id='word_1_17' title='bbox 2655 421 2779 466; x_wconf 88' lang='lat' dir='ltr'><strong>esse</strong></span> <span class='ocrx_word' id='word_1_18' title='bbox 2803 454 2818 479; x_wconf 86' lang='lat'><strong>,</strong></span> <span class='ocrx_word' id='word_1_19' title='bbox 2854 425 2955 467; x_wconf 86' lang='lat' dir='ltr'><strong>nec</strong></span> <span class='ocrx_word' id='word_1_20' title='bbox 2979 410 3231 469; x_wconf 89' lang='lat' dir='ltr'><strong>obtinere</strong></span> <span class='ocrx_word' id='word_1_21' title='bbox 3262 413 3427 469; x_wconf 81' lang='lat' dir='ltr'><strong>David</strong></span> <span class='ocrx_word' id='word_1_22' title='bbox 3456 457 3470 479; x_wconf 87' lang='lat'><strong>,</strong></span> <span class='ocrx_word' id='word_1_23' title='bbox 3525 431 3626 471; x_wconf 86' lang='lat' dir='ltr'><strong>nec</strong></span> 
     </span>
    </p>
   </div>
   <div class='ocr_carea' id='block_1_5' title="bbox 326 497 1921 574">
    <p class='ocr_par' dir='ltr' id='par_1_5' title="bbox 326 497 1921 574">
     <span class='ocr_line' id='line_1_5' title="bbox 326 497 1921 574; baseline 0.004 -23"><span class='ocrx_word' id='word_1_24' title='bbox 326 497 395 553; x_wconf 93' lang='lat' dir='ltr'><strong>de</strong></span> <span class='ocrx_word' id='word_1_25' title='bbox 426 498 677 566; x_wconf 78' lang='lat' dir='ltr'><strong>passione</strong></span> <span class='ocrx_word' id='word_1_26' title='bbox 699 515 796 557; x_wconf 90' lang='lat' dir='ltr'><strong>sua</strong></span> <span class='ocrx_word' id='word_1_27' title='bbox 826 500 1058 558; x_wconf 87' lang='lat' dir='ltr'><strong>Domino</strong></span> <span class='ocrx_word' id='word_1_28' title='bbox 1083 503 1286 559; x_wconf 86' lang='lat' dir='ltr'><strong>amoris</strong></span> <span class='ocrx_word' id='word_1_29' title='bbox 1314 502 1648 574; x_wconf 84' lang='lat' dir='ltr'><strong>impatientia</strong></span> <span class='ocrx_word' id='word_1_30' title='bbox 1674 504 1885 561; x_wconf 89' lang='lat' dir='ltr'><strong>dixerat</strong></span> <span class='ocrx_word' id='word_1_31' title='bbox 1909 523 1921 558; x_wconf 90' lang='lat'><strong>:</strong></span> 
     </span>
    </p>
   </div>
   <div class='ocr_carea' id='block_1_6' title="bbox 324 592 1929 667">
    <p class='ocr_par' dir='ltr' id='par_1_6' title="bbox 324 592 1929 667">
     <span class='ocr_line' id='line_1_6' title="bbox 324 592 1929 667; baseline 0.005 -20"><span class='ocrx_word' id='word_1_32' title='bbox 324 592 491 666; x_wconf 71' lang='lat'><strong>612</strong></span> <span class='ocrx_word' id='word_1_33' title='bbox 518 593 787 667; x_wconf 74' lang='lat' dir='ltr'><strong>Propitius</strong></span> <span class='ocrx_word' id='word_1_34' title='bbox 817 596 909 651; x_wconf 88' lang='lat' dir='ltr'><strong>tibi</strong></span> <span class='ocrx_word' id='word_1_35' title='bbox 933 606 1060 664; x_wconf 77' lang='lat' dir='ltr'><strong>esto,</strong></span> <span class='ocrx_word' id='word_1_36' title='bbox 1094 598 1342 667; x_wconf 86' lang='lat' dir='ltr'><strong>Domine,</strong></span> <span class='ocrx_word' id='word_1_37' title='bbox 1377 616 1481 655; x_wconf 87' lang='lat' dir='ltr'><strong>non</strong></span> <span class='ocrx_word' id='word_1_38' title='bbox 1521 602 1619 656; x_wconf 86' lang='lat' dir='ltr'><strong>erit</strong></span> <span class='ocrx_word' id='word_1_39' title='bbox 1668 601 1801 656; x_wconf 90' lang='lat' dir='ltr'><strong>illud</strong></span> <span class='ocrx_word' id='word_1_40' title='bbox 1837 600 1929 655; x_wconf 85' lang='lat' dir='ltr'><strong>tibi</strong></span> 
     </span>
    </p>
   </div>
   <div class='ocr_carea' id='block_1_7' title="bbox 328 683 838 761">
    <p class='ocr_par' dir='ltr' id='par_1_7' title="bbox 328 683 838 761">
     <span class='ocr_line' id='line_1_7' title="bbox 328 683 838 761; baseline 0.012 -24"><span class='ocrx_word' id='word_1_41' title='bbox 328 683 547 756; x_wconf 79' lang='grc' dir='ltr'><strong>(ΜαιιΙι.</strong></span> <span class='ocrx_word' id='word_1_42' title='bbox 576 701 689 757; x_wconf 81' lang='lat' dir='ltr'><strong>xvi,</strong></span> <span class='ocrx_word' id='word_1_43' title='bbox 720 688 838 761; x_wconf 70' lang='lat' dir='ltr'><strong>se).</strong></span> 
     </span>
    </p>
   </div>
   <div class='ocr_carea' id='block_1_8' title="bbox 402 776 1931 856">
    <p class='ocr_par' dir='ltr' id='par_1_8' title="bbox 402 776 1931 856">
     <span class='ocr_line' id='line_1_8' title="bbox 402 776 1931 856; baseline 0.008 -23"><span class='ocrx_word' id='word_1_44' title='bbox 402 776 497 835; x_wconf 69' lang='grc'><strong>24.</strong></span> <span class='ocrx_word' id='word_1_45' title='bbox 527 778 574 835; x_wconf 90' lang='grc'><strong>0</strong></span> <span class='ocrx_word' id='word_1_46' title='bbox 599 780 874 838; x_wconf 90' lang='lat' dir='ltr'><strong>miseriam</strong></span> <span class='ocrx_word' id='word_1_47' title='bbox 919 783 1287 841; x_wconf 86' lang='lat' dir='ltr'><strong>miserorum!</strong></span> <span class='ocrx_word' id='word_1_48' title='bbox 1332 784 1387 841; x_wconf 91' lang='lat' dir='ltr'><strong>Si</strong></span> <span class='ocrx_word' id='word_1_49' title='bbox 1428 784 1623 841; x_wconf 86' lang='lat' dir='ltr'><strong>Petrus</strong></span> <span class='ocrx_word' id='word_1_50' title='bbox 1655 785 1707 840; x_wconf 90' lang='lat' dir='ltr'><strong>in</strong></span> <span class='ocrx_word' id='word_1_51' title='bbox 1749 786 1931 856; x_wconf 82' lang='lat' dir='ltr'><strong>aliquo</strong></span> 
     </span>
    </p>
   </div>
   <div class='ocr_carea' id='block_1_9' title="bbox 330 869 1933 952">
    <p class='ocr_par' dir='ltr' id='par_1_9' title="bbox 330 869 1933 952">
     <span class='ocr_line' id='line_1_9' title="bbox 330 869 1933 952; baseline 0.002 -24"><span class='ocrx_word' id='word_1_52' title='bbox 330 869 609 929; x_wconf 82' lang='lat' dir='ltr'><strong>Christum</strong></span> <span class='ocrx_word' id='word_1_53' title='bbox 665 874 903 931; x_wconf 87' lang='lat' dir='ltr'><strong>amando</strong></span> <span class='ocrx_word' id='word_1_54' title='bbox 959 877 1225 946; x_wconf 90' lang='lat' dir='ltr'><strong>peccavit,</strong></span> <span class='ocrx_word' id='word_1_55' title='bbox 1285 876 1479 932; x_wconf 83' lang='lat' dir='ltr'><strong>delicta</strong></span> <span class='ocrx_word' id='word_1_56' title='bbox 1524 879 1639 948; x_wconf 91' lang='lat' dir='ltr'><strong>quis</strong></span> <span class='ocrx_word' id='word_1_57' title='bbox 1687 879 1933 952; x_wconf 80' lang='lat' dir='ltr'><strong>intelligit</strong></span> 
     </span>
    </p>
   </div>
   <div class='ocr_carea' id='block_1_10' title="bbox 335 963 1935 1044">
    <p class='ocr_par' dir='ltr' id='par_1_10' title="bbox 335 963 1935 1044">
     <span class='ocr_line' id='line_1_10' title="bbox 335 963 1935 1044; baseline 0.008 -26"><span class='ocrx_word' id='word_1_58' title='bbox 335 963 511 1036; x_wconf 86' lang='lat' dir='ltr'><strong>(Psal.</strong></span> <span class='ocrx_word' id='word_1_59' title='bbox 547 982 699 1035; x_wconf 88' lang='lat' dir='ltr'><strong>xvtn,</strong></span> <span class='ocrx_word' id='word_1_60' title='bbox 733 968 859 1041; x_wconf 78' lang='lat' dir='ltr'><strong>l5)?</strong></span> <span class='ocrx_word' id='word_1_61' title='bbox 886 969 1099 1026; x_wconf 86' lang='lat' dir='ltr'><strong>Clamat</strong></span> <span class='ocrx_word' id='word_1_62' title='bbox 1130 971 1393 1043; x_wconf 79' lang='lat' dir='ltr'><strong>propheta</strong></span> <span class='ocrx_word' id='word_1_63' title='bbox 1424 980 1480 1028; x_wconf 88' lang='lat' dir='ltr'><strong>et</strong></span> <span class='ocrx_word' id='word_1_64' title='bbox 1503 974 1702 1028; x_wconf 87' lang='lat' dir='ltr'><strong>clamat</strong></span> <span class='ocrx_word' id='word_1_65' title='bbox 1731 976 1781 1027; x_wconf 92' lang='lat' dir='ltr'><strong>in</strong></span> <span class='ocrx_word' id='word_1_66' title='bbox 1810 973 1935 1044; x_wconf 89' lang='lat' dir='ltr'><strong>Spi-</strong></span> 
     </span>
    </p>
   </div>
   <div class='ocr_carea' id='block_1_11' title="bbox 336 1058 1931 1136">
    <p class='ocr_par' dir='ltr' id='par_1_11' title="bbox 336 1058 1931 1136">
     <span class='ocr_line' id='line_1_11' title="bbox 336 1058 1931 1136; baseline 0.004 -24"><span class='ocrx_word' id='word_1_67' title='bbox 336 1058 439 1115; x_wconf 90' lang='lat' dir='ltr'><strong>ritu</strong></span> <span class='ocrx_word' id='word_1_68' title='bbox 465 1069 694 1117; x_wconf 87' lang='lat' dir='ltr'><strong>sancto:</strong></span> <span class='ocrx_word' id='word_1_69' title='bbox 743 1062 943 1118; x_wconf 89' lang='lat' dir='ltr'><strong>clamat</strong></span> <span class='ocrx_word' id='word_1_70' title='bbox 989 1064 1109 1130; x_wconf 82' lang='lat' dir='ltr'><strong>ille,</strong></span> <span class='ocrx_word' id='word_1_71' title='bbox 1158 1068 1228 1122; x_wconf 91' lang='lat' dir='ltr'><strong>de</strong></span> <span class='ocrx_word' id='word_1_72' title='bbox 1256 1080 1367 1136; x_wconf 86' lang='lat' dir='ltr'><strong>quo</strong></span> <span class='ocrx_word' id='word_1_73' title='bbox 1392 1066 1604 1122; x_wconf 72' lang='lat' dir='ltr'><strong>dixerat</strong></span> <span class='ocrx_word' id='word_1_74' title='bbox 1632 1066 1931 1122; x_wconf 86' lang='lat' dir='ltr'><strong>Dominus:</strong></span> 
     </span>
    </p>
   </div>
   <div class='ocr_carea' id='block_1_12' title="bbox 337 1151 1935 1232">
    <p class='ocr_par' dir='ltr' id='par_1_12' title="bbox 337 1151 1935 1232">
     <span class='ocr_line' id='line_1_12' title="bbox 337 1151 1935 1232; baseline 0.005 -26"><span class='ocrx_word' id='word_1_75' title='bbox 337 1151 535 1209; x_wconf 73' lang='lat' dir='ltr'><strong>Munus</strong></span> <span class='ocrx_word' id='word_1_76' title='bbox 565 1171 677 1211; x_wconf 89' lang='lat' dir='ltr'><strong>mea</strong></span> <span class='ocrx_word' id='word_1_77' title='bbox 704 1154 1047 1212; x_wconf 78' lang='lat' dir='ltr'><strong>auailiubitur</strong></span> <span class='ocrx_word' id='word_1_78' title='bbox 1074 1158 1142 1226; x_wconf 85' lang='lat' dir='ltr'><strong>ei,</strong></span> <span class='ocrx_word' id='word_1_79' title='bbox 1166 1167 1213 1214; x_wconf 89' lang='lat' dir='ltr'><strong>et</strong></span> <span class='ocrx_word' id='word_1_80' title='bbox 1233 1158 1504 1214; x_wconf 81' lang='lat' dir='ltr'><strong>brachium</strong></span> <span class='ocrx_word' id='word_1_81' title='bbox 1530 1176 1697 1214; x_wconf 88' lang='lat' dir='ltr'><strong>meum</strong></span> <span class='ocrx_word' id='word_1_82' title='bbox 1720 1162 1935 1232; x_wconf 76' lang='lat' dir='ltr'><strong>confor-</strong></span> 
     </span>
    </p>
   </div>
   <div class='ocr_carea' id='block_1_13' title="bbox 336 1247 1932 1327">
    <p class='ocr_par' dir='ltr' id='par_1_13' title="bbox 336 1247 1932 1327">
     <span class='ocr_line' id='line_1_13' title="bbox 336 1247 1932 1327; baseline 0.004 -26"><span class='ocrx_word' id='word_1_83' title='bbox 336 1247 464 1302; x_wconf 85' lang='lat' dir='ltr'><strong>tabit</strong></span> <span class='ocrx_word' id='word_1_84' title='bbox 510 1265 659 1316; x_wconf 88' lang='lat' dir='ltr'><strong>eum,</strong></span> <span class='ocrx_word' id='word_1_85' title='bbox 702 1259 755 1305; x_wconf 87' lang='lat' dir='ltr'><strong>et</strong></span> <span class='ocrx_word' id='word_1_86' title='bbox 800 1250 933 1305; x_wconf 78' lang='lat' dir='ltr'><strong>nihil</strong></span> <span class='ocrx_word' id='word_1_87' title='bbox 973 1251 1208 1323; x_wconf 71' lang='lat' dir='ltr'><strong>proficiet</strong></span> <span class='ocrx_word' id='word_1_88' title='bbox 1255 1254 1499 1308; x_wconf 88' lang='lat' dir='ltr'><strong>inimicus</strong></span> <span class='ocrx_word' id='word_1_89' title='bbox 1555 1255 1609 1308; x_wconf 88' lang='lat' dir='ltr'><strong>in</strong></span> <span class='ocrx_word' id='word_1_90' title='bbox 1654 1270 1714 1307; x_wconf 79' lang='lat' dir='ltr'><strong>ro</strong></span> <span class='ocrx_word' id='word_1_91' title='bbox 1759 1253 1932 1327; x_wconf 80' lang='lat' dir='ltr'><strong>(Psal.</strong></span> 
     </span>
    </p>
   </div>
   <div class='ocr_carea' id='block_1_14' title="bbox 339 1342 1938 1414">
    <p class='ocr_par' dir='ltr' id='par_1_14' title="bbox 339 1342 1938 1414">
     <span class='ocr_line' id='line_1_14' title="bbox 339 1342 1938 1414; baseline 0.003 -18"><span class='ocrx_word' id='word_1_92' title='bbox 339 1356 598 1408; x_wconf 79' lang='lat' dir='ltr'><strong>Lxxxvnt,</strong></span> <span class='ocrx_word' id='word_1_93' title='bbox 615 1342 850 1414; x_wconf 61' lang='lat'><strong>22,33):</strong></span> <span class='ocrx_word' id='word_1_94' title='bbox 878 1351 934 1399; x_wconf 92' lang='lat' dir='ltr'><strong>et</strong></span> <span class='ocrx_word' id='word_1_95' title='bbox 955 1343 1085 1414; x_wconf 90' lang='lat' dir='ltr'><strong>quid</strong></span> <span class='ocrx_word' id='word_1_96' title='bbox 1107 1343 1332 1411; x_wconf 87' lang='lat' dir='ltr'><strong>clamet,</strong></span> <span class='ocrx_word' id='word_1_97' title='bbox 1353 1348 1602 1402; x_wconf 85' lang='lat' dir='ltr'><strong>attende:</strong></span> <span class='ocrx_word' id='word_1_98' title='bbox 1623 1346 1698 1401; x_wconf 79' lang='lat' dir='ltr'><strong>Ab</strong></span> <span class='ocrx_word' id='word_1_99' title='bbox 1722 1346 1938 1401; x_wconf 80' lang='lat' dir='ltr'><strong>occultis</strong></span> 
     </span>
    </p>
   </div>
   <div class='ocr_carea' id='block_1_15' title="bbox 340 1432 1940 1509">
    <p class='ocr_par' dir='ltr' id='par_1_15' title="bbox 340 1432 1940 1509">
     <span class='ocr_line' id='line_1_15' title="bbox 340 1432 1940 1509; baseline 0.006 -24"><span class='ocrx_word' id='word_1_100' title='bbox 340 1432 465 1487; x_wconf 88' lang='lat' dir='ltr'><strong>meis</strong></span> <span class='ocrx_word' id='word_1_101' title='bbox 494 1432 695 1489; x_wconf 83' lang='lat' dir='ltr'><strong>munda</strong></span> <span class='ocrx_word' id='word_1_102' title='bbox 720 1450 821 1500; x_wconf 88' lang='lat' dir='ltr'><strong>me,</strong></span> <span class='ocrx_word' id='word_1_103' title='bbox 853 1433 1072 1491; x_wconf 82' lang='lat' dir='ltr'><strong>Domine</strong></span> <span class='ocrx_word' id='word_1_104' title='bbox 1104 1435 1282 1509; x_wconf 86' lang='lat' dir='ltr'><strong>(Psal.</strong></span> <span class='ocrx_word' id='word_1_105' title='bbox 1318 1454 1470 1506; x_wconf 87' lang='lat' dir='ltr'><strong>xvnl,</strong></span> <span class='ocrx_word' id='word_1_106' title='bbox 1498 1439 1616 1508; x_wconf 67' lang='lat'><strong>‘25).</strong></span> <span class='ocrx_word' id='word_1_107' title='bbox 1646 1438 1814 1494; x_wconf 82' lang='lat' dir='ltr'><strong>David</strong></span> <span class='ocrx_word' id='word_1_108' title='bbox 1848 1438 1940 1494; x_wconf 88' lang='lat' dir='ltr'><strong>ille</strong></span> 
     </span>
    </p>
   </div>
   <div class='ocr_carea' id='block_1_16' title="bbox 346 1527 1941 1604">
    <p class='ocr_par' dir='ltr' id='par_1_16' title="bbox 346 1527 1941 1604">
     <span class='ocr_line' id='line_1_16' title="bbox 346 1527 1941 1604; baseline 0.001 -20"><span class='ocrx_word' id='word_1_109' title='bbox 346 1527 560 1585; x_wconf 86' lang='lat' dir='ltr'><strong>electus</strong></span> <span class='ocrx_word' id='word_1_110' title='bbox 584 1529 869 1584; x_wconf 85' lang='lat' dir='ltr'><strong>secundum</strong></span> <span class='ocrx_word' id='word_1_111' title='bbox 890 1545 979 1585; x_wconf 87' lang='lat' dir='ltr'><strong>cor</strong></span> <span class='ocrx_word' id='word_1_112' title='bbox 1011 1529 1059 1600; x_wconf 72' lang='grc' dir='ltr'>(ι</span> <span class='ocrx_word' id='word_1_113' title='bbox 1085 1530 1210 1604; x_wconf 76' lang='lat' dir='ltr'><strong>Reg.</strong></span> <span class='ocrx_word' id='word_1_114' title='bbox 1242 1546 1360 1596; x_wconf 85' lang='lat' dir='ltr'><strong>xttt,</strong></span> <span class='ocrx_word' id='word_1_115' title='bbox 1379 1531 1491 1601; x_wconf 71' lang='grc' dir='ltr'><strong>Η),</strong></span> <span class='ocrx_word' id='word_1_116' title='bbox 1525 1531 1614 1587; x_wconf 93' lang='lat' dir='ltr'><strong>ille</strong></span> <span class='ocrx_word' id='word_1_117' title='bbox 1634 1545 1796 1602; x_wconf 84' lang='lat' dir='ltr'><strong>quem</strong></span> <span class='ocrx_word' id='word_1_118' title='bbox 1816 1546 1941 1601; x_wconf 91' lang='lat' dir='ltr'><strong>pro-</strong></span> 
     </span>
    </p>
   </div>
   <div class='ocr_carea' id='block_1_17' title="bbox 339 1608 1942 1694">
    <p class='ocr_par' dir='ltr' id='par_1_17' title="bbox 339 1608 1942 1694">
     <span class='ocr_line' id='line_1_17' title="bbox 339 1608 1942 1694; baseline 0.001 -19"><span class='ocrx_word' id='word_1_119' title='bbox 339 1619 490 1676; x_wconf 89' lang='lat' dir='ltr'><strong>misit</strong></span> <span class='ocrx_word' id='word_1_120' title='bbox 523 1620 667 1678; x_wconf 87' lang='lat' dir='ltr'><strong>Deus</strong></span> <span class='ocrx_word' id='word_1_121' title='bbox 714 1621 972 1693; x_wconf 77' lang='lat' dir='ltr'><strong>facturum</strong></span> <span class='ocrx_word' id='word_1_122' title='bbox 995 1639 1170 1678; x_wconf 83' lang='lat' dir='ltr'><strong>omnes</strong></span> <span class='ocrx_word' id='word_1_123' title='bbox 1216 1622 1507 1680; x_wconf 75' lang='lat' dir='ltr'><strong>voluntates</strong></span> <span class='ocrx_word' id='word_1_124' title='bbox 1533 1640 1656 1679; x_wconf 89' lang='lat' dir='ltr'><strong>suas</strong></span> <span class='ocrx_word' id='word_1_125' title='bbox 1687 1608 1867 1694; x_wconf 81' lang='lat' dir='ltr'><strong>(Ibid.</strong></span> <span class='ocrx_word' id='word_1_126' title='bbox 1893 1633 1942 1679; x_wconf 88' lang='lat' dir='ltr'><strong>et</strong></span> 
     </span>
    </p>
   </div>
   <div class='ocr_carea' id='block_1_18' title="bbox 341 1714 1938 1789">
    <p class='ocr_par' dir='ltr' id='par_1_18' title="bbox 341 1714 1938 1789">
     <span class='ocr_line' id='line_1_18' title="bbox 341 1714 1938 1789; baseline 0.003 -21"><span class='ocrx_word' id='word_1_127' title='bbox 341 1714 458 1770; x_wconf 84' lang='lat' dir='ltr'><strong>Act.</strong></span> <span class='ocrx_word' id='word_1_128' title='bbox 486 1730 602 1782; x_wconf 89' lang='lat' dir='ltr'><strong>xttt,</strong></span> <span class='ocrx_word' id='word_1_129' title='bbox 625 1715 746 1787; x_wconf 60' lang='grc' dir='ltr'><strong>ἓξ),</strong></span> <span class='ocrx_word' id='word_1_130' title='bbox 795 1716 887 1773; x_wconf 90' lang='lat' dir='ltr'><strong>ille</strong></span> <span class='ocrx_word' id='word_1_131' title='bbox 914 1732 1075 1788; x_wconf 85' lang='lat' dir='ltr'><strong>quem</strong></span> <span class='ocrx_word' id='word_1_132' title='bbox 1108 1717 1263 1773; x_wconf 89' lang='lat' dir='ltr'><strong>unxit</strong></span> <span class='ocrx_word' id='word_1_133' title='bbox 1294 1719 1347 1772; x_wconf 90' lang='lat' dir='ltr'><strong>in</strong></span> <span class='ocrx_word' id='word_1_134' title='bbox 1381 1733 1588 1789; x_wconf 77' lang='lat' dir='ltr'><strong>regem,</strong></span> <span class='ocrx_word' id='word_1_135' title='bbox 1639 1717 1732 1773; x_wconf 91' lang='lat' dir='ltr'><strong>ille</strong></span> <span class='ocrx_word' id='word_1_136' title='bbox 1776 1732 1938 1788; x_wconf 88' lang='lat' dir='ltr'><strong>quem</strong></span> 
     </span>
    </p>
   </div>
   <div class='ocr_carea' id='block_1_19' title="bbox 2030 494 3629 573">
    <p class='ocr_par' dir='ltr' id='par_1_19' title="bbox 2030 494 3629 573">
     <span class='ocr_line' id='line_1_19' title="bbox 2030 494 3629 573; baseline 0.002 -13"><span class='ocrx_word' id='word_1_137' title='bbox 2030 494 2291 560; x_wconf 82' lang='lat' dir='ltr'><strong>Salomon</strong></span> <span class='ocrx_word' id='word_1_138' title='bbox 2324 503 2497 560; x_wconf 90' lang='lat' dir='ltr'><strong>valuit</strong></span> <span class='ocrx_word' id='word_1_139' title='bbox 2543 502 2864 569; x_wconf 87' lang='lat' dir='ltr'><strong>custodire,</strong></span> <span class='ocrx_word' id='word_1_140' title='bbox 2919 515 2971 560; x_wconf 88' lang='lat' dir='ltr'><strong>et</strong></span> <span class='ocrx_word' id='word_1_141' title='bbox 3013 505 3281 561; x_wconf 67' lang='lat' dir='ltr'><strong>Jotiniani</strong></span> <span class='ocrx_word' id='word_1_142' title='bbox 3331 507 3515 573; x_wconf 81' lang='lat' dir='ltr'><strong>ﬁlias,</strong></span> <span class='ocrx_word' id='word_1_143' title='bbox 3571 519 3629 563; x_wconf 92' lang='lat' dir='ltr'><strong>ut</strong></span> 
     </span>
    </p>
   </div>
   <div class='ocr_carea' id='block_1_20' title="bbox 2031 597 3628 671">
    <p class='ocr_par' dir='ltr' id='par_1_20' title="bbox 2031 597 3628 671">
     <span class='ocr_line' id='line_1_20' title="bbox 2031 597 3628 671; baseline 0.004 -20"><span class='ocrx_word' id='word_1_144' title='bbox 2031 597 2379 668; x_wconf 87' lang='lat' dir='ltr'><strong>otnnipotens</strong></span> <span class='ocrx_word' id='word_1_145' title='bbox 2416 600 2556 652; x_wconf 89' lang='lat' dir='ltr'><strong>Dens</strong></span> <span class='ocrx_word' id='word_1_146' title='bbox 2582 642 2596 667; x_wconf 86' lang='lat'><strong>,</strong></span> <span class='ocrx_word' id='word_1_147' title='bbox 2639 612 2738 669; x_wconf 89' lang='lat' dir='ltr'><strong>pro</strong></span> <span class='ocrx_word' id='word_1_148' title='bbox 2785 599 2905 668; x_wconf 90' lang='lat' dir='ltr'><strong>ipso</strong></span> <span class='ocrx_word' id='word_1_149' title='bbox 2946 597 3335 670; x_wconf 66' lang='lat' dir='ltr'><strong>discipulisque</strong></span> <span class='ocrx_word' id='word_1_150' title='bbox 3363 600 3479 671; x_wconf 84' lang='lat' dir='ltr'><strong>ejus</strong></span> <span class='ocrx_word' id='word_1_151' title='bbox 3510 611 3628 658; x_wconf 82' lang='lat' dir='ltr'><strong>tan-</strong></span> 
     </span>
    </p>
   </div>
   <div class='ocr_carea' id='block_1_21' title="bbox 2033 691 3627 763">
    <p class='ocr_par' dir='ltr' id='par_1_21' title="bbox 2033 691 3627 763">
     <span class='ocr_line' id='line_1_21' title="bbox 2033 691 3627 763; baseline 0.003 -18"><span class='ocrx_word' id='word_1_152' title='bbox 2033 701 2146 747; x_wconf 92' lang='lat' dir='ltr'><strong>tum</strong></span> <span class='ocrx_word' id='word_1_153' title='bbox 2172 707 2355 749; x_wconf 88' lang='lat' dir='ltr'><strong>rermn</strong></span> <span class='ocrx_word' id='word_1_154' title='bbox 2385 691 2636 749; x_wconf 84' lang='lat' dir='ltr'><strong>ordinem</strong></span> <span class='ocrx_word' id='word_1_155' title='bbox 2666 700 2839 748; x_wconf 88' lang='lat' dir='ltr'><strong>mutet</strong></span> <span class='ocrx_word' id='word_1_156' title='bbox 2864 734 2879 758; x_wconf 90' lang='lat'><strong>,</strong></span> <span class='ocrx_word' id='word_1_157' title='bbox 2910 702 3143 763; x_wconf 89' lang='lat' dir='ltr'><strong>sperat,</strong></span> <span class='ocrx_word' id='word_1_158' title='bbox 3172 694 3316 762; x_wconf 87' lang='lat' dir='ltr'><strong>quod</strong></span> <span class='ocrx_word' id='word_1_159' title='bbox 3349 692 3394 749; x_wconf 88' lang='lat' dir='ltr'><strong>si</strong></span> <span class='ocrx_word' id='word_1_160' title='bbox 3429 695 3627 751; x_wconf 83' lang='lat' dir='ltr'><strong>factum</strong></span> 
     </span>
    </p>
   </div>
   <div class='ocr_carea' id='block_1_22' title="bbox 2033 783 3629 857">
    <p class='ocr_par' dir='ltr' id='par_1_22' title="bbox 2033 783 3629 857">
     <span class='ocr_line' id='line_1_22' title="bbox 2033 783 3629 857; baseline 0.001 -18"><span class='ocrx_word' id='word_1_161' title='bbox 2033 783 2174 841; x_wconf 85' lang='lat' dir='ltr'><strong>forte</strong></span> <span class='ocrx_word' id='word_1_162' title='bbox 2224 799 2331 839; x_wconf 90' lang='lat' dir='ltr'><strong>non</strong></span> <span class='ocrx_word' id='word_1_163' title='bbox 2378 784 2580 851; x_wconf 90' lang='lat' dir='ltr'><strong>fuerit,</strong></span> <span class='ocrx_word' id='word_1_164' title='bbox 2633 785 2804 841; x_wconf 90' lang='lat' dir='ltr'><strong>Deum</strong></span> <span class='ocrx_word' id='word_1_165' title='bbox 2856 785 3319 857; x_wconf 78' lang='lat' dir='ltr'><strong>impossibilitatis</strong></span> <span class='ocrx_word' id='word_1_166' title='bbox 3365 789 3629 843; x_wconf 84' lang='lat' dir='ltr'><strong>accuset?</strong></span> 
     </span>
    </p>
   </div>
   <div class='ocr_carea' id='block_1_23' title="bbox 2040 877 3630 948">
    <p class='ocr_par' dir='ltr' id='par_1_23' title="bbox 2040 877 3630 948">
     <span class='ocr_line' id='line_1_23' title="bbox 2040 877 3630 948; baseline 0.002 -18"><span class='ocrx_word' id='word_1_167' title='bbox 2040 895 2059 930; x_wconf 80' lang='grc' dir='ltr'><strong>ι</strong></span> <span class='ocrx_word' id='word_1_168' title='bbox 2109 877 2338 945; x_wconf 86' lang='lat' dir='ltr'><strong>Potest,</strong></span> <span class='ocrx_word' id='word_1_169' title='bbox 2388 877 2603 948; x_wconf 90' lang='lat' dir='ltr'><strong>inquit,</strong></span> <span class='ocrx_word' id='word_1_170' title='bbox 2654 878 2819 933; x_wconf 81' lang='lat' dir='ltr'><strong>homo</strong></span> <span class='ocrx_word' id='word_1_171' title='bbox 2844 893 2970 935; x_wconf 89' lang='lat' dir='ltr'><strong>esse</strong></span> <span class='ocrx_word' id='word_1_172' title='bbox 2998 878 3117 934; x_wconf 89' lang='lat' dir='ltr'><strong>sine</strong></span> <span class='ocrx_word' id='word_1_173' title='bbox 3147 887 3369 948; x_wconf 86' lang='lat' dir='ltr'><strong>peccato</strong></span> <span class='ocrx_word' id='word_1_174' title='bbox 3402 898 3413 932; x_wconf 89' lang='lat'><strong>:</strong></span> <span class='ocrx_word' id='word_1_175' title='bbox 3451 889 3630 934; x_wconf 78' lang='lat' dir='ltr'><strong>tamen</strong></span> 
     </span>
    </p>
   </div>
   <div class='ocr_carea' id='block_1_24' title="bbox 2034 967 3628 1040">
    <p class='ocr_par' dir='ltr' id='par_1_24' title="bbox 2034 967 3628 1040">
     <span class='ocr_line' id='line_1_24' title="bbox 2034 967 3628 1040; baseline 0.001 -16"><span class='ocrx_word' id='word_1_176' title='bbox 2034 984 2158 1024; x_wconf 88' lang='lat' dir='ltr'><strong>cum</strong></span> <span class='ocrx_word' id='word_1_177' title='bbox 2184 967 2279 1025; x_wconf 86' lang='lat' dir='ltr'><strong>Dei</strong></span> <span class='ocrx_word' id='word_1_178' title='bbox 2309 967 2602 1040; x_wconf 74' lang='lat' dir='ltr'><strong>adiutorio.</strong></span> <span class='ocrx_word' id='word_1_179' title='bbox 2627 988 2646 1022; x_wconf 78' lang='grc' dir='ltr'><strong>ι</strong></span> <span class='ocrx_word' id='word_1_180' title='bbox 2682 969 2820 1037; x_wconf 86' lang='lat' dir='ltr'><strong>Quid</strong></span> <span class='ocrx_word' id='word_1_181' title='bbox 2853 970 3081 1025; x_wconf 86' lang='lat' dir='ltr'><strong>faciam?</strong></span> <span class='ocrx_word' id='word_1_182' title='bbox 3111 971 3381 1027; x_wconf 82' lang='lat' dir='ltr'><strong>Tolerabo</strong></span> <span class='ocrx_word' id='word_1_183' title='bbox 3411 972 3628 1027; x_wconf 80' lang='lat' dir='ltr'><strong>interim</strong></span> 
     </span>
    </p>
   </div>
   <div class='ocr_carea' id='block_1_25' title="bbox 2037 1063 3634 1134">
    <p class='ocr_par' dir='ltr' id='par_1_25' title="bbox 2037 1063 3634 1134">
     <span class='ocr_line' id='line_1_25' title="bbox 2037 1063 3634 1134; baseline 0.004 -20"><span class='ocrx_word' id='word_1_184' title='bbox 2037 1075 2277 1131; x_wconf 90' lang='lat' dir='ltr'><strong>pannum</strong></span> <span class='ocrx_word' id='word_1_185' title='bbox 2309 1075 2510 1117; x_wconf 88' lang='lat' dir='ltr'><strong>novum</strong></span> <span class='ocrx_word' id='word_1_186' title='bbox 2543 1063 2868 1118; x_wconf 90' lang='lat' dir='ltr'><strong>vestimento</strong></span> <span class='ocrx_word' id='word_1_187' title='bbox 2894 1066 3069 1120; x_wconf 76' lang='lat' dir='ltr'><strong>veteri</strong></span> <span class='ocrx_word' id='word_1_188' title='bbox 3100 1063 3436 1134; x_wconf 81' lang='lat' dir='ltr'><strong>colligatum,</strong></span> <span class='ocrx_word' id='word_1_189' title='bbox 3460 1065 3634 1121; x_wconf 80' lang='lat' dir='ltr'><strong>donec</strong></span> 
     </span>
    </p>
   </div>
   <div class='ocr_carea' id='block_1_26' title="bbox 2038 1153 3636 1231">
    <p class='ocr_par' dir='ltr' id='par_1_26' title="bbox 2038 1153 3636 1231">
     <span class='ocr_line' id='line_1_26' title="bbox 2038 1153 3636 1231; baseline 0.005 -22"><span class='ocrx_word' id='word_1_190' title='bbox 2038 1153 2439 1211; x_wconf 82' lang='lat' dir='ltr'><strong>emendationis</strong></span> <span class='ocrx_word' id='word_1_191' title='bbox 2470 1157 2684 1212; x_wconf 76' lang='lat' dir='ltr'><strong>misera:</strong></span> <span class='ocrx_word' id='word_1_192' title='bbox 2713 1156 3002 1213; x_wconf 78' lang='lat' dir='ltr'><strong>falsitatem</strong></span> <span class='ocrx_word' id='word_1_193' title='bbox 3036 1159 3191 1229; x_wconf 86' lang='lat' dir='ltr'><strong>pejor</strong></span> <span class='ocrx_word' id='word_1_194' title='bbox 3216 1161 3452 1215; x_wconf 72' lang='lat' dir='ltr'><strong>scissura</strong></span> <span class='ocrx_word' id='word_1_195' title='bbox 3484 1170 3636 1231; x_wconf 89' lang='lat' dir='ltr'><strong>pate-</strong></span> 
     </span>
    </p>
   </div>
   <div class='ocr_carea' id='block_1_27' title="bbox 2040 1243 3637 1316">
    <p class='ocr_par' dir='ltr' id='par_1_27' title="bbox 2040 1243 3637 1316">
     <span class='ocr_line' id='line_1_27' title="bbox 2040 1243 3637 1316; baseline 0.007 -17"><span class='ocrx_word' id='word_1_196' title='bbox 2040 1243 2225 1301; x_wconf 86' lang='lat' dir='ltr'><strong>faciat.</strong></span> <span class='ocrx_word' id='word_1_197' title='bbox 2253 1246 2515 1303; x_wconf 83' lang='lat' dir='ltr'><strong>Concedo</strong></span> <span class='ocrx_word' id='word_1_198' title='bbox 2544 1249 2687 1304; x_wconf 82' lang='lat' dir='ltr'><strong>cnim</strong></span> <span class='ocrx_word' id='word_1_199' title='bbox 2713 1293 2727 1316; x_wconf 82' lang='grc'><em>,</em></span> <span class='ocrx_word' id='word_1_200' title='bbox 2770 1259 2828 1303; x_wconf 91' lang='grc' dir='ltr'><strong>ιιι</strong></span> <span class='ocrx_word' id='word_1_201' title='bbox 2852 1258 3040 1305; x_wconf 89' lang='lat' dir='ltr'><strong>contra</strong></span> <span class='ocrx_word' id='word_1_202' title='bbox 3065 1250 3258 1307; x_wconf 86' lang='lat' dir='ltr'><strong>ducem</strong></span> <span class='ocrx_word' id='word_1_203' title='bbox 3287 1253 3531 1309; x_wconf 78' lang='lat' dir='ltr'><strong>veritatis</strong></span> <span class='ocrx_word' id='word_1_204' title='bbox 3559 1255 3637 1310; x_wconf 85' lang='lat' dir='ltr'><strong>lo-</strong></span> 
     </span>
    </p>
   </div>
   <div class='ocr_carea' id='block_1_28' title="bbox 2039 1340 3637 1414">
    <p class='ocr_par' dir='ltr' id='par_1_28' title="bbox 2039 1340 3637 1414">
     <span class='ocr_line' id='line_1_28' title="bbox 2039 1340 3637 1414; baseline 0.007 -21"><span class='ocrx_word' id='word_1_205' title='bbox 2039 1340 2259 1409; x_wconf 85' lang='lat' dir='ltr'><strong>quentis</strong></span> <span class='ocrx_word' id='word_1_206' title='bbox 2283 1380 2298 1404; x_wconf 92' lang='lat'><strong>,</strong></span> <span class='ocrx_word' id='word_1_207' title='bbox 2326 1355 2450 1395; x_wconf 90' lang='lat' dir='ltr'><strong>cum</strong></span> <span class='ocrx_word' id='word_1_208' title='bbox 2478 1340 2673 1396; x_wconf 77' lang='lat' dir='ltr'><strong>dixerit</strong></span> <span class='ocrx_word' id='word_1_209' title='bbox 2701 1359 2713 1393; x_wconf 90' lang='lat'><strong>:</strong></span> <span class='ocrx_word' id='word_1_210' title='bbox 2747 1341 2926 1398; x_wconf 80' lang='lat' dir='ltr'><strong>Potest</strong></span> <span class='ocrx_word' id='word_1_211' title='bbox 2955 1341 3130 1411; x_wconf 79' lang='lat' dir='ltr'><strong>homo,</strong></span> <span class='ocrx_word' id='word_1_212' title='bbox 3164 1346 3210 1399; x_wconf 88' lang='lat' dir='ltr'><strong>si</strong></span> <span class='ocrx_word' id='word_1_213' title='bbox 3239 1346 3359 1400; x_wconf 82' lang='lat' dir='ltr'><strong>velit</strong></span> <span class='ocrx_word' id='word_1_214' title='bbox 3383 1389 3397 1414; x_wconf 91' lang='lat'><strong>,</strong></span> <span class='ocrx_word' id='word_1_215' title='bbox 3429 1346 3637 1404; x_wconf 73' lang='lat' dir='ltr'><strong>dixisse</strong></span> 
     </span>
    </p>
   </div>
   <div class='ocr_carea' id='block_1_29' title="bbox 2042 1431 3637 1509">
    <p class='ocr_par' dir='ltr' id='par_1_29' title="bbox 2042 1431 3637 1509">
     <span class='ocr_line' id='line_1_29' title="bbox 2042 1431 3637 1509; baseline 0.009 -24"><span class='ocrx_word' id='word_1_216' title='bbox 2042 1431 2290 1488; x_wconf 90' lang='lat' dir='ltr'><strong>videatur</strong></span> <span class='ocrx_word' id='word_1_217' title='bbox 2327 1452 2338 1486; x_wconf 91' lang='lat'><strong>:</strong></span> <span class='ocrx_word' id='word_1_218' title='bbox 2372 1443 2537 1504; x_wconf 79' lang='lat' dir='ltr'><strong>potest</strong></span> <span class='ocrx_word' id='word_1_219' title='bbox 2568 1435 2716 1490; x_wconf 88' lang='lat' dir='ltr'><strong>homo</strong></span> <span class='ocrx_word' id='word_1_220' title='bbox 2758 1453 2874 1491; x_wconf 90' lang='lat' dir='ltr'><strong>cum</strong></span> <span class='ocrx_word' id='word_1_221' title='bbox 2918 1437 3183 1509; x_wconf 86' lang='lat' dir='ltr'><strong>atljutorio</strong></span> <span class='ocrx_word' id='word_1_222' title='bbox 3214 1437 3327 1494; x_wconf 89' lang='lat' dir='ltr'><strong>Dei.</strong></span> <span class='ocrx_word' id='word_1_223' title='bbox 3363 1440 3515 1497; x_wconf 86' lang='lat' dir='ltr'><strong>Nunc</strong></span> <span class='ocrx_word' id='word_1_224' title='bbox 3542 1442 3637 1499; x_wconf 87' lang='lat' dir='ltr'><strong>(lc-</strong></span> 
     </span>
    </p>
   </div>
   <div class='ocr_carea' id='block_1_30' title="bbox 2042 1525 3639 1601">
    <p class='ocr_par' dir='ltr' id='par_1_30' title="bbox 2042 1525 3639 1601">
     <span class='ocr_line' id='line_1_30' title="bbox 2042 1525 3639 1601; baseline 0.007 -21"><span class='ocrx_word' id='word_1_225' title='bbox 2042 1539 2193 1580; x_wconf 91' lang='lat' dir='ltr'><strong>mum</strong></span> <span class='ocrx_word' id='word_1_226' title='bbox 2226 1525 2357 1581; x_wconf 86' lang='lat' dir='ltr'><strong>mihi</strong></span> <span class='ocrx_word' id='word_1_227' title='bbox 2393 1526 2557 1582; x_wconf 90' lang='lat' dir='ltr'><strong>veluti</strong></span> <span class='ocrx_word' id='word_1_228' title='bbox 2585 1526 2650 1582; x_wconf 90' lang='lat' dir='ltr'><strong>ad</strong></span> <span class='ocrx_word' id='word_1_229' title='bbox 2694 1529 2984 1584; x_wconf 84' lang='lat' dir='ltr'><strong>exordium</strong></span> <span class='ocrx_word' id='word_1_230' title='bbox 3032 1532 3417 1601; x_wconf 81' lang='lat' dir='ltr'><strong>propositionis</strong></span> <span class='ocrx_word' id='word_1_231' title='bbox 3458 1550 3639 1591; x_wconf 88' lang='lat' dir='ltr'><strong>sermo</strong></span> 
     </span>
    </p>
   </div>
   <div class='ocr_carea' id='block_1_31' title="bbox 2044 1619 3640 1700">
    <p class='ocr_par' dir='ltr' id='par_1_31' title="bbox 2044 1619 3640 1700">
     <span class='ocr_line' id='line_1_31' title="bbox 2044 1619 3640 1700; baseline 0.004 -26"><span class='ocrx_word' id='word_1_232' title='bbox 2044 1619 2381 1675; x_wconf 86' lang='lat' dir='ltr'><strong>revocandus</strong></span> <span class='ocrx_word' id='word_1_233' title='bbox 2411 1630 2496 1676; x_wconf 90' lang='lat' dir='ltr'><strong>est</strong></span> <span class='ocrx_word' id='word_1_234' title='bbox 2532 1639 2543 1673; x_wconf 93' lang='lat'><strong>:</strong></span> <span class='ocrx_word' id='word_1_235' title='bbox 2578 1630 2673 1687; x_wconf 87' lang='lat' dir='ltr'><strong>et,</strong></span> <span class='ocrx_word' id='word_1_236' title='bbox 2707 1622 2982 1694; x_wconf 86' lang='lat' dir='ltr'><strong>paulisper</strong></span> <span class='ocrx_word' id='word_1_237' title='bbox 3013 1623 3226 1693; x_wconf 76' lang='lat' dir='ltr'><strong>injuriae</strong></span> <span class='ocrx_word' id='word_1_238' title='bbox 3253 1625 3447 1683; x_wconf 90' lang='lat' dir='ltr'><strong>dolore</strong></span> <span class='ocrx_word' id='word_1_239' title='bbox 3481 1643 3640 1700; x_wconf 87' lang='lat' dir='ltr'><strong>sepo-</strong></span> 
     </span>
    </p>
   </div>
   <div class='ocr_carea' id='block_1_32' title="bbox 2044 1711 3639 1785">
    <p class='ocr_par' dir='ltr' id='par_1_32' title="bbox 2044 1711 3639 1785">
     <span class='ocr_line' id='line_1_32' title="bbox 2044 1711 3639 1785; baseline 0.008 -19"><span class='ocrx_word' id='word_1_240' title='bbox 2044 1711 2190 1779; x_wconf 89' lang='lat' dir='ltr'><strong>sito,</strong></span> <span class='ocrx_word' id='word_1_241' title='bbox 2241 1728 2366 1768; x_wconf 88' lang='lat' dir='ltr'><strong>cum</strong></span> <span class='ocrx_word' id='word_1_242' title='bbox 2419 1716 2728 1770; x_wconf 89' lang='lat' dir='ltr'><strong>reverentia</strong></span> <span class='ocrx_word' id='word_1_243' title='bbox 2779 1714 3091 1785; x_wconf 80' lang='lat' dir='ltr'><strong>disputandi</strong></span> <span class='ocrx_word' id='word_1_244' title='bbox 3139 1717 3207 1773; x_wconf 84' lang='lat' dir='ltr'><strong>ad</strong></span> <span class='ocrx_word' id='word_1_245' title='bbox 3256 1719 3639 1778; x_wconf 87' lang='lat' dir='ltr'><strong>celsitudinem</strong></span> 
     </span>
    </p>
   </div>
   <div class='ocr_carea' id='block_1_33' title="bbox 342 1805 3644 1881">
    <p class='ocr_par' dir='ltr' id='par_1_33' title="bbox 342 1805 3644 1881">
     <span class='ocr_line' id='line_1_33' title="bbox 342 1805 3644 1881; baseline 0.002 -19"><span class='ocrx_word' id='word_1_246' title='bbox 342 1806 645 1880; x_wconf 83' lang='lat' dir='ltr'><strong>prophetici</strong></span> <span class='ocrx_word' id='word_1_247' title='bbox 676 1808 903 1879; x_wconf 87' lang='lat' dir='ltr'><strong>spiritus</strong></span> <span class='ocrx_word' id='word_1_248' title='bbox 944 1809 1381 1866; x_wconf 84' lang='lat' dir='ltr'><strong>sanctiﬁcatione</strong></span> <span class='ocrx_word' id='word_1_249' title='bbox 1420 1809 1644 1867; x_wconf 87' lang='lat' dir='ltr'><strong>donavit</strong></span> <span class='ocrx_word' id='word_1_250' title='bbox 1667 1851 1684 1879; x_wconf 92' lang='lat'><strong>,</strong></span> <span class='ocrx_word' id='word_1_251' title='bbox 1718 1819 1943 1881; x_wconf 86' lang='lat' dir='ltr'><strong>stupens</strong></span> <span class='ocrx_word' id='word_1_252' title='bbox 1973 1813 2020 1875; x_wconf 87' lang='lat' dir='ltr'><strong>B</strong></span> <span class='ocrx_word' id='word_1_253' title='bbox 2048 1805 2244 1875; x_wconf 88' lang='lat' dir='ltr'><strong>capitis</strong></span> <span class='ocrx_word' id='word_1_254' title='bbox 2271 1807 2696 1863; x_wconf 89' lang='lat' dir='ltr'><strong>recurrendum.</strong></span> <span class='ocrx_word' id='word_1_255' title='bbox 2721 1807 2898 1878; x_wconf 88' lang='lat' dir='ltr'><strong>Caput</strong></span> <span class='ocrx_word' id='word_1_256' title='bbox 2928 1810 3073 1865; x_wconf 85' lang='lat' dir='ltr'><strong>enim</strong></span> <span class='ocrx_word' id='word_1_257' title='bbox 3104 1822 3347 1867; x_wconf 84' lang='lat' dir='ltr'><strong>nosmnn</strong></span> <span class='ocrx_word' id='word_1_258' title='bbox 3379 1814 3644 1872; x_wconf 80' lang='lat' dir='ltr'><strong>estChri-</strong></span> 
     </span>
    </p>
   </div>
   <div class='ocr_carea' id='block_1_34' title="bbox 341 1899 1946 1973">
    <p class='ocr_par' dir='ltr' id='par_1_34' title="bbox 341 1899 1946 1973">
     <span class='ocr_line' id='line_1_34' title="bbox 341 1899 1946 1973; baseline 0.001 -17"><span class='ocrx_word' id='word_1_259' title='bbox 341 1899 399 1956; x_wconf 89' lang='lat' dir='ltr'><strong>in</strong></span> <span class='ocrx_word' id='word_1_260' title='bbox 426 1900 752 1971; x_wconf 85' lang='lat' dir='ltr'><strong>obreptione</strong></span> <span class='ocrx_word' id='word_1_261' title='bbox 779 1903 1175 1973; x_wconf 88' lang='lat' dir='ltr'><strong>peccamimnu,</strong></span> <span class='ocrx_word' id='word_1_262' title='bbox 1203 1904 1405 1960; x_wconf 86' lang='lat' dir='ltr'><strong>clamat</strong></span> <span class='ocrx_word' id='word_1_263' title='bbox 1425 1904 1492 1960; x_wconf 89' lang='lat' dir='ltr'><strong>ad</strong></span> <span class='ocrx_word' id='word_1_264' title='bbox 1528 1902 1851 1973; x_wconf 88' lang='lat' dir='ltr'><strong>Dominum,</strong></span> <span class='ocrx_word' id='word_1_265' title='bbox 1887 1911 1946 1958; x_wconf 92' lang='lat' dir='ltr'><strong>ut</strong></span> 
     </span>
    </p>
   </div>
   <div class='ocr_carea' id='block_1_35' title="bbox 341 1992 1943 2067">
    <p class='ocr_par' dir='ltr' id='par_1_35' title="bbox 341 1992 1943 2067">
     <span class='ocr_line' id='line_1_35' title="bbox 341 1992 1943 2067; baseline 0.004 -20"><span class='ocrx_word' id='word_1_266' title='bbox 341 1992 413 2048; x_wconf 84' lang='lat' dir='ltr'><strong>ab</strong></span> <span class='ocrx_word' id='word_1_267' title='bbox 439 1993 668 2051; x_wconf 83' lang='lat' dir='ltr'><strong>occultis</strong></span> <span class='ocrx_word' id='word_1_268' title='bbox 713 1996 828 2051; x_wconf 88' lang='lat' dir='ltr'><strong>suis</strong></span> <span class='ocrx_word' id='word_1_269' title='bbox 875 1995 1171 2053; x_wconf 85' lang='lat' dir='ltr'><strong>mundctur</strong></span> <span class='ocrx_word' id='word_1_270' title='bbox 1199 1997 1485 2067; x_wconf 85' lang='lat' dir='ltr'><strong>implorat,</strong></span> <span class='ocrx_word' id='word_1_271' title='bbox 1517 2005 1572 2053; x_wconf 89' lang='lat' dir='ltr'><strong>et</strong></span> <span class='ocrx_word' id='word_1_272' title='bbox 1607 1996 1805 2052; x_wconf 90' lang='lat' dir='ltr'><strong>dicitur</strong></span> <span class='ocrx_word' id='word_1_273' title='bbox 1833 1996 1882 2053; x_wconf 90' lang='lat' dir='ltr'><strong>ei</strong></span> <span class='ocrx_word' id='word_1_274' title='bbox 1913 2013 1943 2052; x_wconf 92' lang='lat' dir='ltr'><strong>a</strong></span> 
     </span>
    </p>
   </div>
   <div class='ocr_carea' id='block_1_36' title="bbox 342 2085 1948 2161">
    <p class='ocr_par' dir='ltr' id='par_1_36' title="bbox 342 2085 1948 2161">
     <span class='ocr_line' id='line_1_36' title="bbox 342 2085 1948 2161; baseline 0.003 -20"><span class='ocrx_word' id='word_1_275' title='bbox 342 2085 596 2156; x_wconf 85' lang='lat' dir='ltr'><strong>Domino,</strong></span> <span class='ocrx_word' id='word_1_276' title='bbox 626 2087 681 2145; x_wconf 87' lang='lat' dir='ltr'><strong>itt</strong></span> <span class='ocrx_word' id='word_1_277' title='bbox 708 2088 824 2145; x_wconf 87' lang='lat' dir='ltr'><strong>alio</strong></span> <span class='ocrx_word' id='word_1_278' title='bbox 854 2089 977 2145; x_wconf 90' lang='lat' dir='ltr'><strong>loco</strong></span> <span class='ocrx_word' id='word_1_279' title='bbox 1003 2108 1016 2143; x_wconf 91' lang='lat'><strong>:</strong></span> <span class='ocrx_word' id='word_1_280' title='bbox 1049 2090 1174 2145; x_wconf 77' lang='lat' dir='ltr'><strong>Non</strong></span> <span class='ocrx_word' id='word_1_281' title='bbox 1204 2090 1491 2161; x_wconf 70' lang='lat' dir='ltr'><strong>wrli/icnbis</strong></span> <span class='ocrx_word' id='word_1_282' title='bbox 1518 2090 1729 2145; x_wconf 90' lang='lat' dir='ltr'><strong>domum</strong></span> <span class='ocrx_word' id='word_1_283' title='bbox 1751 2091 1948 2147; x_wconf 91' lang='lat' dir='ltr'><strong>nomini</strong></span> 
     </span>
    </p>
   </div>
   <div class='ocr_carea' id='block_1_37' title="bbox 344 2181 1948 2255">
    <p class='ocr_par' dir='ltr' id='par_1_37' title="bbox 344 2181 1948 2255">
     <span class='ocr_line' id='line_1_37' title="bbox 344 2181 1948 2255; baseline 0.005 -24"><span class='ocrx_word' id='word_1_284' title='bbox 344 2195 487 2247; x_wconf 81' lang='lat' dir='ltr'><strong>meo,</strong></span> <span class='ocrx_word' id='word_1_285' title='bbox 530 2194 592 2235; x_wconf 88' lang='lat' dir='ltr'><strong>eo</strong></span> <span class='ocrx_word' id='word_1_286' title='bbox 620 2181 758 2251; x_wconf 85' lang='lat' dir='ltr'><strong>quod</strong></span> <span class='ocrx_word' id='word_1_287' title='bbox 782 2181 853 2237; x_wconf 88' lang='lat' dir='ltr'><strong>sis</strong></span> <span class='ocrx_word' id='word_1_288' title='bbox 898 2182 976 2236; x_wconf 89' lang='lat' dir='ltr'><strong>vir</strong></span> <span class='ocrx_word' id='word_1_289' title='bbox 1006 2182 1260 2249; x_wconf 82' lang='lat' dir='ltr'><strong>bellator,</strong></span> <span class='ocrx_word' id='word_1_290' title='bbox 1305 2193 1354 2238; x_wconf 89' lang='lat' dir='ltr'><strong>et</strong></span> <span class='ocrx_word' id='word_1_291' title='bbox 1401 2182 1707 2255; x_wconf 88' lang='lat' dir='ltr'><strong>sanguinem</strong></span> <span class='ocrx_word' id='word_1_292' title='bbox 1748 2183 1948 2254; x_wconf 81' lang='lat' dir='ltr'><strong>fuderis</strong></span> 
     </span>
    </p>
   </div>
   <div class='ocr_carea' id='block_1_38' title="bbox 340 2271 1949 2348">
    <p class='ocr_par' dir='ltr' id='par_1_38' title="bbox 340 2271 1949 2348">
     <span class='ocr_line' id='line_1_38' title="bbox 340 2271 1949 2348; baseline 0.005 -21"><span class='ocrx_word' id='word_1_293' title='bbox 340 2271 385 2344; x_wconf 88' lang='grc' dir='ltr'><strong>(Ι</strong></span> <span class='ocrx_word' id='word_1_294' title='bbox 414 2272 603 2329; x_wconf 85' lang='lat' dir='ltr'><strong>Pnral.</strong></span> <span class='ocrx_word' id='word_1_295' title='bbox 648 2290 842 2343; x_wconf 79' lang='lat' dir='ltr'><strong>xxvnt,</strong></span> <span class='ocrx_word' id='word_1_296' title='bbox 891 2276 991 2347; x_wconf 80' lang='lat'><strong>5):</strong></span> <span class='ocrx_word' id='word_1_297' title='bbox 1024 2277 1178 2348; x_wconf 89' lang='lat' dir='ltr'><strong>quasi</strong></span> <span class='ocrx_word' id='word_1_298' title='bbox 1212 2292 1344 2333; x_wconf 91' lang='lat' dir='ltr'><strong>vero</strong></span> <span class='ocrx_word' id='word_1_299' title='bbox 1372 2276 1616 2332; x_wconf 88' lang='lat' dir='ltr'><strong>sordium</strong></span> <span class='ocrx_word' id='word_1_300' title='bbox 1647 2276 1949 2335; x_wconf 82' lang='lat' dir='ltr'><strong>abolitione</strong></span> 
     </span>
    </p>
   </div>
   <div class='ocr_carea' id='block_1_39' title="bbox 344 2368 1948 2443">
    <p class='ocr_par' dir='ltr' id='par_1_39' title="bbox 344 2368 1948 2443">
     <span class='ocr_line' id='line_1_39' title="bbox 344 2368 1948 2443; baseline 0.004 -21"><span class='ocrx_word' id='word_1_301' title='bbox 344 2376 664 2424; x_wconf 90' lang='lat' dir='ltr'><strong>cunctarum</strong></span> <span class='ocrx_word' id='word_1_302' title='bbox 696 2368 769 2424; x_wconf 91' lang='lat' dir='ltr'><strong>ita</strong></span> <span class='ocrx_word' id='word_1_303' title='bbox 792 2369 1093 2428; x_wconf 85' lang='lat' dir='ltr'><strong>emundare</strong></span> <span class='ocrx_word' id='word_1_304' title='bbox 1123 2385 1250 2427; x_wconf 90' lang='lat' dir='ltr'><strong>eum</strong></span> <span class='ocrx_word' id='word_1_305' title='bbox 1282 2369 1607 2441; x_wconf 76' lang='lat' dir='ltr'><strong>nequiverit,</strong></span> <span class='ocrx_word' id='word_1_306' title='bbox 1639 2381 1695 2426; x_wconf 93' lang='lat' dir='ltr'><strong>ut</strong></span> <span class='ocrx_word' id='word_1_307' title='bbox 1725 2371 1948 2443; x_wconf 79' lang='lat' dir='ltr'><strong>dignum</strong></span> 
     </span>
    </p>
   </div>
   <div class='ocr_carea' id='block_1_40' title="bbox 345 2460 1947 2537">
    <p class='ocr_par' dir='ltr' id='par_1_40' title="bbox 345 2460 1947 2537">
     <span class='ocr_line' id='line_1_40' title="bbox 345 2460 1947 2537; baseline 0.005 -20"><span class='ocrx_word' id='word_1_308' title='bbox 345 2460 516 2534; x_wconf 79' lang='lat' dir='ltr'><strong>digno</strong></span> <span class='ocrx_word' id='word_1_309' title='bbox 534 2462 687 2533; x_wconf 87' lang='lat' dir='ltr'><strong>operi</strong></span> <span class='ocrx_word' id='word_1_310' title='bbox 729 2472 1084 2536; x_wconf 70' lang='lat' dir='ltr'><strong>praepararet.</strong></span> <span class='ocrx_word' id='word_1_311' title='bbox 1116 2465 1281 2522; x_wconf 85' lang='lat' dir='ltr'><strong>David</strong></span> <span class='ocrx_word' id='word_1_312' title='bbox 1306 2480 1479 2537; x_wconf 89' lang='lat' dir='ltr'><strong>usque</strong></span> <span class='ocrx_word' id='word_1_313' title='bbox 1499 2466 1565 2524; x_wconf 91' lang='lat' dir='ltr'><strong>ad</strong></span> <span class='ocrx_word' id='word_1_314' title='bbox 1582 2476 1812 2523; x_wconf 90' lang='lat' dir='ltr'><strong>mortem</strong></span> <span class='ocrx_word' id='word_1_315' title='bbox 1840 2484 1947 2525; x_wconf 93' lang='lat' dir='ltr'><strong>non</strong></span> 
     </span>
    </p>
   </div>
   <div class='ocr_carea' id='block_1_41' title="bbox 348 2556 1948 2631">
    <p class='ocr_par' dir='ltr' id='par_1_41' title="bbox 348 2556 1948 2631">
     <span class='ocr_line' id='line_1_41' title="bbox 348 2556 1948 2631; baseline 0.002 -17"><span class='ocrx_word' id='word_1_316' title='bbox 348 2556 702 2625; x_wconf 87' lang='lat' dir='ltr'><strong>emundatur,</strong></span> <span class='ocrx_word' id='word_1_317' title='bbox 721 2556 819 2614; x_wconf 88' lang='lat' dir='ltr'><strong>sed</strong></span> <span class='ocrx_word' id='word_1_318' title='bbox 839 2558 1065 2629; x_wconf 64' lang='lat' dir='ltr'><strong>praelato</strong></span> <span class='ocrx_word' id='word_1_319' title='bbox 1094 2560 1148 2615; x_wconf 92' lang='lat' dir='ltr'><strong>in</strong></span> <span class='ocrx_word' id='word_1_320' title='bbox 1169 2559 1383 2631; x_wconf 85' lang='lat' dir='ltr'><strong>Templi</strong></span> <span class='ocrx_word' id='word_1_321' title='bbox 1413 2560 1822 2617; x_wconf 89' lang='lat' dir='ltr'><strong>constructione</strong></span> <span class='ocrx_word' id='word_1_322' title='bbox 1844 2561 1948 2618; x_wconf 88' lang='lat' dir='ltr'><strong>sibi</strong></span> 
     </span>
    </p>
   </div>
   <div class='ocr_carea' id='block_1_42' title="bbox 349 2649 1951 2724">
    <p class='ocr_par' dir='ltr' id='par_1_42' title="bbox 349 2649 1951 2724">
     <span class='ocr_line' id='line_1_42' title="bbox 349 2649 1951 2724; baseline 0.003 -19"><span class='ocrx_word' id='word_1_323' title='bbox 349 2649 468 2706; x_wconf 84' lang='lat' dir='ltr'><strong>lilio</strong></span> <span class='ocrx_word' id='word_1_324' title='bbox 495 2664 557 2708; x_wconf 80' lang='lat' dir='ltr'><strong>se</strong></span> <span class='ocrx_word' id='word_1_325' title='bbox 587 2650 703 2722; x_wconf 89' lang='lat' dir='ltr'><strong>ipse</strong></span> <span class='ocrx_word' id='word_1_326' title='bbox 730 2650 1058 2707; x_wconf 89' lang='lat' dir='ltr'><strong>condemnat</strong></span> <span class='ocrx_word' id='word_1_327' title='bbox 1085 2669 1098 2705; x_wconf 93' lang='lat'><strong>:</strong></span> <span class='ocrx_word' id='word_1_328' title='bbox 1137 2660 1194 2709; x_wconf 90' lang='lat' dir='ltr'><strong>et</strong></span> <span class='ocrx_word' id='word_1_329' title='bbox 1221 2659 1249 2690; x_wconf 75' lang='grc' dir='ltr'><strong>ι</strong></span> <span class='ocrx_word' id='word_1_330' title='bbox 1280 2651 1498 2710; x_wconf 84' lang='lat' dir='ltr'><strong>Goliatlt</strong></span> <span class='ocrx_word' id='word_1_331' title='bbox 1526 2667 1648 2708; x_wconf 93' lang='lat' dir='ltr'><strong>eum</strong></span> <span class='ocrx_word' id='word_1_332' title='bbox 1676 2654 1951 2724; x_wconf 75' lang='lat' dir='ltr'><strong>armigero</strong></span> 
     </span>
    </p>
   </div>
   <div class='ocr_carea' id='block_1_43' title="bbox 348 2746 1947 2817">
    <p class='ocr_par' dir='ltr' id='par_1_43' title="bbox 348 2746 1947 2817">
     <span class='ocr_line' id='line_1_43' title="bbox 348 2746 1947 2817; baseline 0.002 -15"><span class='ocrx_word' id='word_1_333' title='bbox 348 2760 451 2803; x_wconf 88' lang='lat' dir='ltr'><strong>suo</strong></span> <span class='ocrx_word' id='word_1_334' title='bbox 469 2746 830 2803; x_wconf 84' lang='lat' dir='ltr'><strong>calumniatur</strong></span> <span class='ocrx_word' id='word_1_335' title='bbox 847 2746 1003 2814; x_wconf 89' lang='lat' dir='ltr'><strong>mihi,</strong></span> <span class='ocrx_word' id='word_1_336' title='bbox 1031 2761 1129 2804; x_wconf 89' lang='lat' dir='ltr'><strong>cur</strong></span> <span class='ocrx_word' id='word_1_337' title='bbox 1154 2746 1419 2803; x_wconf 88' lang='lat' dir='ltr'><strong>Dominus</strong></span> <span class='ocrx_word' id='word_1_338' title='bbox 1450 2762 1559 2802; x_wconf 91' lang='lat' dir='ltr'><strong>non</strong></span> <span class='ocrx_word' id='word_1_339' title='bbox 1591 2746 1757 2803; x_wconf 83' lang='lat' dir='ltr'><strong>faciat</strong></span> <span class='ocrx_word' id='word_1_340' title='bbox 1777 2748 1829 2803; x_wconf 87' lang='lat' dir='ltr'><strong>itt</strong></span> <span class='ocrx_word' id='word_1_341' title='bbox 1856 2762 1947 2817; x_wconf 90' lang='lat' dir='ltr'><strong>eo,</strong></span> 
     </span>
    </p>
   </div>
   <div class='ocr_carea' id='block_1_44' title="bbox 349 2837 1949 2910">
    <p class='ocr_par' dir='ltr' id='par_1_44' title="bbox 349 2837 1949 2910">
     <span class='ocr_line' id='line_1_44' title="bbox 349 2837 1949 2910; baseline 0.001 -17"><span class='ocrx_word' id='word_1_342' title='bbox 349 2838 494 2909; x_wconf 88' lang='lat' dir='ltr'><strong>quod</strong></span> <span class='ocrx_word' id='word_1_343' title='bbox 524 2853 820 2910; x_wconf 88' lang='lat' dir='ltr'><strong>numquam</strong></span> <span class='ocrx_word' id='word_1_344' title='bbox 850 2837 980 2896; x_wconf 87' lang='lat' dir='ltr'><strong>fecit</strong></span> <span class='ocrx_word' id='word_1_345' title='bbox 1005 2838 1061 2894; x_wconf 90' lang='lat' dir='ltr'><strong>in</strong></span> <span class='ocrx_word' id='word_1_346' title='bbox 1103 2839 1349 2896; x_wconf 71' lang='grc' dir='ltr'><strong>εωθιιίοἳ</strong></span> <span class='ocrx_word' id='word_1_347' title='bbox 1378 2839 1521 2896; x_wconf 88' lang='lat' dir='ltr'><strong>Dicit</strong></span> <span class='ocrx_word' id='word_1_348' title='bbox 1550 2838 1949 2897; x_wconf 83' lang='lat' dir='ltr'><strong>Ecclesiastes:</strong></span> 
     </span>
    </p>
   </div>
   <div class='ocr_carea' id='block_1_45' title="bbox 351 2929 1955 3004">
    <p class='ocr_par' dir='ltr' id='par_1_45' title="bbox 351 2929 1955 3004">
     <span class='ocr_line' id='line_1_45' title="bbox 351 2929 1955 3004; baseline -0.001 -18"><span class='ocrx_word' id='word_1_349' title='bbox 351 2929 508 2986; x_wconf 83' lang='lat' dir='ltr'><strong>Nihil</strong></span> <span class='ocrx_word' id='word_1_350' title='bbox 527 2932 620 2987; x_wconf 87' lang='lat' dir='ltr'><strong>sub</strong></span> <span class='ocrx_word' id='word_1_351' title='bbox 645 2931 754 2987; x_wconf 89' lang='lat' dir='ltr'><strong>sole</strong></span> <span class='ocrx_word' id='word_1_352' title='bbox 782 2947 993 2995; x_wconf 82' lang='lat' dir='ltr'><strong>novum,</strong></span> <span class='ocrx_word' id='word_1_353' title='bbox 1024 2947 1118 2987; x_wconf 90' lang='lat' dir='ltr'><strong>nec</strong></span> <span class='ocrx_word' id='word_1_354' title='bbox 1139 2932 1272 2987; x_wconf 87' lang='lat' dir='ltr'><strong>valet</strong></span> <span class='ocrx_word' id='word_1_355' title='bbox 1292 2931 1566 3004; x_wconf 82' lang='lat' dir='ltr'><strong>quisquam</strong></span> <span class='ocrx_word' id='word_1_356' title='bbox 1601 2930 1773 2986; x_wconf 83' lang='lat' dir='ltr'><strong>dicere</strong></span> <span class='ocrx_word' id='word_1_357' title='bbox 1793 2971 1809 2997; x_wconf 95' lang='lat'><strong>,</strong></span> <span class='ocrx_word' id='word_1_358' title='bbox 1836 2945 1955 2987; x_wconf 90' lang='lat' dir='ltr'><strong>ecce</strong></span> 
     </span>
    </p>
   </div>
   <div class='ocr_carea' id='block_1_46' title="bbox 351 3024 1954 3101">
    <p class='ocr_par' dir='ltr' id='par_1_46' title="bbox 351 3024 1954 3101">
     <span class='ocr_line' id='line_1_46' title="bbox 351 3024 1954 3101; baseline -0.001 -22"><span class='ocrx_word' id='word_1_359' title='bbox 351 3026 450 3082; x_wconf 84' lang='lat' dir='ltr'><strong>hoc</strong></span> <span class='ocrx_word' id='word_1_360' title='bbox 474 3042 651 3083; x_wconf 83' lang='lat' dir='ltr'><strong>recens</strong></span> <span class='ocrx_word' id='word_1_361' title='bbox 678 3036 777 3094; x_wconf 86' lang='lat' dir='ltr'><strong>est,</strong></span> <span class='ocrx_word' id='word_1_362' title='bbox 791 3029 908 3101; x_wconf 89' lang='lat' dir='ltr'><strong>jam</strong></span> <span class='ocrx_word' id='word_1_363' title='bbox 930 3026 1069 3082; x_wconf 88' lang='lat' dir='ltr'><strong>enim</strong></span> <span class='ocrx_word' id='word_1_364' title='bbox 1094 3026 1355 3099; x_wconf 71' lang='lat' dir='ltr'><strong>praecessit</strong></span> <span class='ocrx_word' id='word_1_365' title='bbox 1381 3025 1436 3081; x_wconf 88' lang='lat' dir='ltr'><strong>in</strong></span> <span class='ocrx_word' id='word_1_366' title='bbox 1464 3024 1673 3080; x_wconf 83' lang='lat' dir='ltr'><strong>steculis</strong></span> <span class='ocrx_word' id='word_1_367' title='bbox 1696 3039 1812 3097; x_wconf 75' lang='lat' dir='ltr'><strong>qua:</strong></span> <span class='ocrx_word' id='word_1_368' title='bbox 1839 3024 1954 3096; x_wconf 77' lang='lat' dir='ltr'><strong>fue-</strong></span> 
     </span>
    </p>
   </div>
   <div class='ocr_carea' id='block_1_47' title="bbox 350 3119 1950 3193">
    <p class='ocr_par' dir='ltr' id='par_1_47' title="bbox 350 3119 1950 3193">
     <span class='ocr_line' id='line_1_47' title="bbox 350 3119 1950 3193; baseline -0.001 -18"><span class='ocrx_word' id='word_1_369' title='bbox 350 3129 473 3175; x_wconf 87' lang='lat' dir='ltr'><strong>runt</strong></span> <span class='ocrx_word' id='word_1_370' title='bbox 501 3129 620 3177; x_wconf 87' lang='lat' dir='ltr'><strong>ante</strong></span> <span class='ocrx_word' id='word_1_371' title='bbox 660 3136 754 3176; x_wconf 89' lang='lat' dir='ltr'><strong>nos</strong></span> <span class='ocrx_word' id='word_1_372' title='bbox 778 3119 981 3193; x_wconf 84' lang='lat' dir='ltr'><strong>(Eccle.</strong></span> <span class='ocrx_word' id='word_1_373' title='bbox 1007 3135 1047 3187; x_wconf 84' lang='grc' dir='ltr'>ι,</span> <span class='ocrx_word' id='word_1_374' title='bbox 1093 3119 1221 3193; x_wconf 82' lang='grc'><strong>10);</strong></span> <span class='ocrx_word' id='word_1_375' title='bbox 1266 3129 1323 3177; x_wconf 92' lang='lat' dir='ltr'><strong>et</strong></span> <span class='ocrx_word' id='word_1_376' title='bbox 1349 3134 1613 3177; x_wconf 85' lang='lat' dir='ltr'><strong>novorum</strong></span> <span class='ocrx_word' id='word_1_377' title='bbox 1640 3119 1950 3191; x_wconf 83' lang='lat' dir='ltr'><strong>dogmatum</strong></span> 
     </span>
    </p>
   </div>
   <div class='ocr_carea' id='block_1_48' title="bbox 350 3205 3104 3289">
    <p class='ocr_par' dir='ltr' id='par_1_48' title="bbox 350 3205 3104 3289">
     <span class='ocr_line' id='line_1_48' title="bbox 350 3205 3104 3289; baseline 0.002 -21"><span class='ocrx_word' id='word_1_378' title='bbox 350 3211 651 3270; x_wconf 86' lang='lat' dir='ltr'><strong>instructor</strong></span> <span class='ocrx_word' id='word_1_379' title='bbox 686 3212 947 3283; x_wconf 84' lang='lat' dir='ltr'><strong>affirmat,</strong></span> <span class='ocrx_word' id='word_1_380' title='bbox 977 3221 1159 3285; x_wconf 89' lang='lat' dir='ltr'><strong>potest</strong></span> <span class='ocrx_word' id='word_1_381' title='bbox 1195 3212 1345 3281; x_wconf 84' lang='lat' dir='ltr'><strong>fieri,</strong></span> <span class='ocrx_word' id='word_1_382' title='bbox 1375 3213 1521 3285; x_wconf 91' lang='lat' dir='ltr'><strong>quod</strong></span> <span class='ocrx_word' id='word_1_383' title='bbox 1553 3226 1847 3284; x_wconf 90' lang='lat' dir='ltr'><strong>numquam</strong></span> <span class='ocrx_word' id='word_1_384' title='bbox 1876 3211 1955 3266; x_wconf 87' lang='lat' dir='ltr'><strong>fa-</strong></span> <span class='ocrx_word' id='word_1_385' title='bbox 1980 3205 2027 3269; x_wconf 87' lang='lat' dir='ltr'><strong><em>C</em></strong></span> <span class='ocrx_word' id='word_1_386' title='bbox 2057 3211 2225 3268; x_wconf 85' lang='lat' dir='ltr'><strong>divini</strong></span> <span class='ocrx_word' id='word_1_387' title='bbox 2267 3212 2452 3284; x_wconf 87' lang='lat' dir='ltr'><strong>operis</strong></span> <span class='ocrx_word' id='word_1_388' title='bbox 2490 3214 2720 3272; x_wconf 84' lang='lat' dir='ltr'><strong>veritate</strong></span> <span class='ocrx_word' id='word_1_389' title='bbox 2762 3216 3045 3289; x_wconf 75' lang='lat' dir='ltr'><strong>subjungit</strong></span> <span class='ocrx_word' id='word_1_390' title='bbox 3092 3236 3104 3272; x_wconf 94' lang='lat'><strong>:</strong></span> 
     </span>
    </p>
   </div>
   <div class='ocr_carea' id='block_1_49' title="bbox 348 3308 1957 3381">
    <p class='ocr_par' dir='ltr' id='par_1_49' title="bbox 348 3308 1957 3381">
     <span class='ocr_line' id='line_1_49' title="bbox 348 3308 1957 3381; baseline 0 -17"><span class='ocrx_word' id='word_1_391' title='bbox 348 3317 496 3364; x_wconf 89' lang='lat' dir='ltr'><strong>etum</strong></span> <span class='ocrx_word' id='word_1_392' title='bbox 523 3317 630 3365; x_wconf 91' lang='lat' dir='ltr'><strong>est.</strong></span> <span class='ocrx_word' id='word_1_393' title='bbox 653 3308 771 3365; x_wconf 83' lang='lat' dir='ltr'><strong>Non</strong></span> <span class='ocrx_word' id='word_1_394' title='bbox 794 3310 1040 3381; x_wconf 87' lang='lat' dir='ltr'><strong>requiras</strong></span> <span class='ocrx_word' id='word_1_395' title='bbox 1061 3316 1242 3366; x_wconf 90' lang='lat' dir='ltr'><strong>utrum</strong></span> <span class='ocrx_word' id='word_1_396' title='bbox 1272 3309 1454 3377; x_wconf 90' lang='lat' dir='ltr'><strong>fuerit,</strong></span> <span class='ocrx_word' id='word_1_397' title='bbox 1476 3308 1621 3380; x_wconf 92' lang='lat' dir='ltr'><strong>quod</strong></span> <span class='ocrx_word' id='word_1_398' title='bbox 1648 3323 1808 3378; x_wconf 88' lang='lat' dir='ltr'><strong>posse</strong></span> <span class='ocrx_word' id='word_1_399' title='bbox 1833 3323 1957 3365; x_wconf 92' lang='lat' dir='ltr'><strong>esse</strong></span> 
     </span>
    </p>
   </div>
   <div class='ocr_carea' id='block_1_50' title="bbox 348 3400 1955 3476">
    <p class='ocr_par' dir='ltr' id='par_1_50' title="bbox 348 3400 1955 3476">
     <span class='ocr_line' id='line_1_50' title="bbox 348 3400 1955 3476; baseline 0.001 -19"><span class='ocrx_word' id='word_1_400' title='bbox 348 3416 460 3458; x_wconf 91' lang='lat' dir='ltr'><strong>non</strong></span> <span class='ocrx_word' id='word_1_401' title='bbox 488 3402 740 3475; x_wconf 76' lang='lat' dir='ltr'><strong>ambigis.</strong></span> <span class='ocrx_word' id='word_1_402' title='bbox 763 3400 1049 3459; x_wconf 64' lang='lat' dir='ltr'><strong>Edilicari</strong></span> <span class='ocrx_word' id='word_1_403' title='bbox 1081 3402 1253 3459; x_wconf 89' lang='lat' dir='ltr'><strong>voluit</strong></span> <span class='ocrx_word' id='word_1_404' title='bbox 1283 3403 1425 3460; x_wconf 83' lang='lat' dir='ltr'><strong>Deus</strong></span> <span class='ocrx_word' id='word_1_405' title='bbox 1456 3404 1717 3476; x_wconf 83' lang='lat' dir='ltr'><strong>templum</strong></span> <span class='ocrx_word' id='word_1_406' title='bbox 1748 3401 1955 3460; x_wconf 91' lang='lat' dir='ltr'><strong>nomini</strong></span> 
     </span>
    </p>
   </div>
   <div class='ocr_carea' id='block_1_51' title="bbox 349 3495 1957 3565">
    <p class='ocr_par' dir='ltr' id='par_1_51' title="bbox 349 3495 1957 3565">
     <span class='ocr_line' id='line_1_51' title="bbox 349 3495 1957 3565; baseline 0 -14"><span class='ocrx_word' id='word_1_407' title='bbox 349 3509 472 3565; x_wconf 87' lang='lat' dir='ltr'><strong>suo,</strong></span> <span class='ocrx_word' id='word_1_408' title='bbox 502 3506 557 3552; x_wconf 89' lang='lat' dir='ltr'><strong>et</strong></span> <span class='ocrx_word' id='word_1_409' title='bbox 587 3495 713 3565; x_wconf 83' lang='lat' dir='ltr'><strong>hoc,</strong></span> <span class='ocrx_word' id='word_1_410' title='bbox 746 3505 805 3551; x_wconf 88' lang='lat' dir='ltr'><strong>ut</strong></span> <span class='ocrx_word' id='word_1_411' title='bbox 832 3510 939 3552; x_wconf 92' lang='lat' dir='ltr'><strong>non</strong></span> <span class='ocrx_word' id='word_1_412' title='bbox 959 3495 1062 3551; x_wconf 89' lang='lat' dir='ltr'><strong>nisi</strong></span> <span class='ocrx_word' id='word_1_413' title='bbox 1090 3496 1353 3552; x_wconf 91' lang='lat' dir='ltr'><strong>innocens</strong></span> <span class='ocrx_word' id='word_1_414' title='bbox 1383 3504 1438 3553; x_wconf 92' lang='lat' dir='ltr'><strong>et</strong></span> <span class='ocrx_word' id='word_1_415' title='bbox 1464 3496 1606 3552; x_wconf 90' lang='lat' dir='ltr'><strong>bene</strong></span> <span class='ocrx_word' id='word_1_416' title='bbox 1636 3495 1957 3553; x_wconf 89' lang='lat' dir='ltr'><strong>immacula-</strong></span> 
     </span>
    </p>
   </div>
   <div class='ocr_carea' id='block_1_52' title="bbox 350 3586 1955 3660">
    <p class='ocr_par' dir='ltr' id='par_1_52' title="bbox 350 3586 1955 3660">
     <span class='ocr_line' id='line_1_52' title="bbox 350 3586 1955 3660; baseline 0.001 -16"><span class='ocrx_word' id='word_1_417' title='bbox 350 3594 441 3644; x_wconf 88' lang='lat' dir='ltr'><strong>tus</strong></span> <span class='ocrx_word' id='word_1_418' title='bbox 458 3595 786 3646; x_wconf 82' lang='lat' dir='ltr'><strong>exstrueret.</strong></span> <span class='ocrx_word' id='word_1_419' title='bbox 811 3588 932 3645; x_wconf 88' lang='lat' dir='ltr'><strong>Duo</strong></span> <span class='ocrx_word' id='word_1_420' title='bbox 960 3588 1029 3645; x_wconf 89' lang='lat' dir='ltr'><strong>ad</strong></span> <span class='ocrx_word' id='word_1_421' title='bbox 1059 3586 1165 3645; x_wconf 89' lang='lat' dir='ltr'><strong>hoc</strong></span> <span class='ocrx_word' id='word_1_422' title='bbox 1194 3602 1351 3660; x_wconf 76' lang='lat' dir='ltr'><strong>reges</strong></span> <span class='ocrx_word' id='word_1_423' title='bbox 1374 3589 1589 3645; x_wconf 90' lang='lat' dir='ltr'><strong>cunctis</strong></span> <span class='ocrx_word' id='word_1_424' title='bbox 1618 3588 1825 3645; x_wconf 87' lang='lat' dir='ltr'><strong>virilms</strong></span> <span class='ocrx_word' id='word_1_425' title='bbox 1852 3588 1955 3645; x_wconf 93' lang='lat' dir='ltr'><strong>eli-</strong></span> 
     </span>
    </p>
   </div>
   <div class='ocr_carea' id='block_1_53' title="bbox 348 3682 1956 3755">
    <p class='ocr_par' dir='ltr' id='par_1_53' title="bbox 348 3682 1956 3755">
     <span class='ocr_line' id='line_1_53' title="bbox 348 3682 1956 3755; baseline 0.001 -16"><span class='ocrx_word' id='word_1_426' title='bbox 348 3692 570 3755; x_wconf 75' lang='lat' dir='ltr'><strong>guntur,</strong></span> <span class='ocrx_word' id='word_1_427' title='bbox 602 3691 831 3755; x_wconf 90' lang='lat' dir='ltr'><strong>uterque</strong></span> <span class='ocrx_word' id='word_1_428' title='bbox 868 3682 936 3739; x_wconf 90' lang='lat' dir='ltr'><strong>ad</strong></span> <span class='ocrx_word' id='word_1_429' title='bbox 967 3682 1297 3754; x_wconf 87' lang='lat' dir='ltr'><strong>adjutorium</strong></span> <span class='ocrx_word' id='word_1_430' title='bbox 1326 3700 1338 3735; x_wconf 92' lang='lat'><strong>:</strong></span> <span class='ocrx_word' id='word_1_431' title='bbox 1367 3682 1437 3739; x_wconf 92' lang='lat' dir='ltr'><strong>de</strong></span> <span class='ocrx_word' id='word_1_432' title='bbox 1465 3683 1715 3739; x_wconf 83' lang='lat' dir='ltr'><strong>custodia</strong></span> <span class='ocrx_word' id='word_1_433' title='bbox 1740 3684 1956 3754; x_wconf 88' lang='lat' dir='ltr'><strong>utrique</strong></span> 
     </span>
    </p>
   </div>
   <div class='ocr_carea' id='block_1_54' title="bbox 350 3774 1955 3848">
    <p class='ocr_par' dir='ltr' id='par_1_54' title="bbox 350 3774 1955 3848">
     <span class='ocr_line' id='line_1_54' title="bbox 350 3774 1955 3848; baseline -0.001 -15"><span class='ocrx_word' id='word_1_434' title='bbox 350 3778 702 3848; x_wconf 83' lang='lat' dir='ltr'><strong>promittitur.</strong></span> <span class='ocrx_word' id='word_1_435' title='bbox 728 3776 811 3833; x_wconf 86' lang='lat' dir='ltr'><strong>Ad</strong></span> <span class='ocrx_word' id='word_1_436' title='bbox 843 3775 1017 3834; x_wconf 82' lang='lat' dir='ltr'><strong>David</strong></span> <span class='ocrx_word' id='word_1_437' title='bbox 1045 3775 1317 3848; x_wconf 89' lang='lat' dir='ltr'><strong>siquidem</strong></span> <span class='ocrx_word' id='word_1_438' title='bbox 1347 3774 1480 3832; x_wconf 90' lang='lat' dir='ltr'><strong>dicit</strong></span> <span class='ocrx_word' id='word_1_439' title='bbox 1509 3775 1653 3832; x_wconf 89' lang='lat' dir='ltr'><strong>Deus</strong></span> <span class='ocrx_word' id='word_1_440' title='bbox 1679 3794 1691 3828; x_wconf 95' lang='lat'><strong>:</strong></span> <span class='ocrx_word' id='word_1_441' title='bbox 1749 3775 1955 3832; x_wconf 89' lang='lat' dir='ltr'><strong>Veritas</strong></span> 
     </span>
    </p>
   </div>
   <div class='ocr_carea' id='block_1_55' title="bbox 350 3868 1951 3943">
    <p class='ocr_par' dir='ltr' id='par_1_55' title="bbox 350 3868 1951 3943">
     <span class='ocr_line' id='line_1_55' title="bbox 350 3868 1951 3943; baseline -0.001 -16"><span class='ocrx_word' id='word_1_442' title='bbox 350 3889 466 3930; x_wconf 89' lang='lat' dir='ltr'><strong>mea</strong></span> <span class='ocrx_word' id='word_1_443' title='bbox 494 3883 541 3930; x_wconf 89' lang='lat' dir='ltr'><strong>et</strong></span> <span class='ocrx_word' id='word_1_444' title='bbox 569 3872 925 3929; x_wconf 81' lang='lat' dir='ltr'><strong>misericordia</strong></span> <span class='ocrx_word' id='word_1_445' title='bbox 945 3887 1061 3927; x_wconf 87' lang='lat' dir='ltr'><strong>mea</strong></span> <span class='ocrx_word' id='word_1_446' title='bbox 1086 3888 1205 3926; x_wconf 91' lang='lat' dir='ltr'><strong>cum</strong></span> <span class='ocrx_word' id='word_1_447' title='bbox 1228 3886 1290 3926; x_wconf 90' lang='lat' dir='ltr'><strong>eo</strong></span> <span class='ocrx_word' id='word_1_448' title='bbox 1316 3868 1494 3943; x_wconf 87' lang='lat' dir='ltr'><strong>(Psal.</strong></span> <span class='ocrx_word' id='word_1_449' title='bbox 1524 3884 1797 3938; x_wconf 79' lang='lat' dir='ltr'><strong>Lxxxvnt,</strong></span> <span class='ocrx_word' id='word_1_450' title='bbox 1828 3869 1951 3941; x_wconf 74' lang='grc'><strong>25).</strong></span> 
     </span>
    </p>
   </div>
   <div class='ocr_carea' id='block_1_56' title="bbox 350 3961 1951 4037">
    <p class='ocr_par' dir='ltr' id='par_1_56' title="bbox 350 3961 1951 4037">
     <span class='ocr_line' id='line_1_56' title="bbox 350 3961 1951 4037; baseline -0.006 -12"><span class='ocrx_word' id='word_1_451' title='bbox 350 3967 431 4024; x_wconf 85' lang='lat' dir='ltr'><strong>De</strong></span> <span class='ocrx_word' id='word_1_452' title='bbox 464 3967 760 4025; x_wconf 86' lang='lat' dir='ltr'><strong>Salomone</strong></span> <span class='ocrx_word' id='word_1_453' title='bbox 799 3981 930 4024; x_wconf 88' lang='lat' dir='ltr'><strong>vero</strong></span> <span class='ocrx_word' id='word_1_454' title='bbox 971 3972 1243 4021; x_wconf 88' lang='lat' dir='ltr'><strong>testatur:</strong></span> <span class='ocrx_word' id='word_1_455' title='bbox 1272 3961 1458 4037; x_wconf 88' lang='lat' dir='ltr'><strong>Ipsum</strong></span> <span class='ocrx_word' id='word_1_456' title='bbox 1480 3964 1613 4035; x_wconf 85' lang='lat' dir='ltr'><strong>elegi</strong></span> <span class='ocrx_word' id='word_1_457' title='bbox 1646 3961 1775 4018; x_wconf 86' lang='lat' dir='ltr'><strong>mihi</strong></span> <span class='ocrx_word' id='word_1_458' title='bbox 1800 3963 1855 4017; x_wconf 89' lang='lat' dir='ltr'><strong>in</strong></span> <span class='ocrx_word' id='word_1_459' title='bbox 1880 3962 1951 4034; x_wconf 79' lang='lat' dir='ltr'><strong>ﬁ-</strong></span> 
     </span>
    </p>
   </div>
   <div class='ocr_carea' id='block_1_57' title="bbox 348 4053 1951 4134">
    <p class='ocr_par' dir='ltr' id='par_1_57' title="bbox 348 4053 1951 4134">
     <span class='ocr_line' id='line_1_57' title="bbox 348 4053 1951 4134; baseline -0.003 -19"><span class='ocrx_word' id='word_1_460' title='bbox 348 4059 503 4128; x_wconf 85' lang='lat' dir='ltr'><strong>lium,</strong></span> <span class='ocrx_word' id='word_1_461' title='bbox 533 4067 582 4114; x_wconf 91' lang='lat' dir='ltr'><strong>et</strong></span> <span class='ocrx_word' id='word_1_462' title='bbox 621 4075 719 4134; x_wconf 85' lang='lat' dir='ltr'><strong>ego</strong></span> <span class='ocrx_word' id='word_1_463' title='bbox 744 4074 834 4115; x_wconf 90' lang='lat' dir='ltr'><strong>ero</strong></span> <span class='ocrx_word' id='word_1_464' title='bbox 856 4059 901 4114; x_wconf 90' lang='lat' dir='ltr'><strong>ei</strong></span> <span class='ocrx_word' id='word_1_465' title='bbox 930 4058 986 4113; x_wconf 89' lang='lat' dir='ltr'><strong>in</strong></span> <span class='ocrx_word' id='word_1_466' title='bbox 1012 4066 1215 4129; x_wconf 85' lang='lat' dir='ltr'><strong>patrem</strong></span> <span class='ocrx_word' id='word_1_467' title='bbox 1246 4055 1290 4127; x_wconf 93' lang='grc' dir='ltr'>(Ι</span> <span class='ocrx_word' id='word_1_468' title='bbox 1317 4053 1505 4110; x_wconf 88' lang='lat' dir='ltr'><strong>Paral.</strong></span> <span class='ocrx_word' id='word_1_469' title='bbox 1537 4070 1726 4120; x_wconf 73' lang='grc' dir='ltr'>ιιι-ιιι,</span> <span class='ocrx_word' id='word_1_470' title='bbox 1754 4053 1834 4127; x_wconf 88' lang='lat'><strong>6).</strong></span> <span class='ocrx_word' id='word_1_471' title='bbox 1869 4054 1951 4110; x_wconf 84' lang='lat' dir='ltr'><strong>Ex</strong></span> 
     </span>
    </p>
   </div>
   <div class='ocr_carea' id='block_1_58' title="bbox 351 4147 1954 4224">
    <p class='ocr_par' dir='ltr' id='par_1_58' title="bbox 351 4147 1954 4224">
     <span class='ocr_line' id='line_1_58' title="bbox 351 4147 1954 4224; baseline -0.002 -15"><span class='ocrx_word' id='word_1_472' title='bbox 351 4153 683 4211; x_wconf 75' lang='lat' dir='ltr'><strong>ltis.duobus</strong></span> <span class='ocrx_word' id='word_1_473' title='bbox 714 4151 977 4224; x_wconf 89' lang='lat' dir='ltr'><strong>templum</strong></span> <span class='ocrx_word' id='word_1_474' title='bbox 1026 4150 1240 4207; x_wconf 90' lang='lat' dir='ltr'><strong>Domini</strong></span> <span class='ocrx_word' id='word_1_475' title='bbox 1286 4164 1427 4206; x_wconf 88' lang='lat' dir='ltr'><strong>unus</strong></span> <span class='ocrx_word' id='word_1_476' title='bbox 1469 4159 1780 4220; x_wconf 70' lang='lat' dir='ltr'><strong>praeparat,</strong></span> <span class='ocrx_word' id='word_1_477' title='bbox 1810 4147 1954 4205; x_wconf 88' lang='lat' dir='ltr'><strong>alter</strong></span> 
     </span>
    </p>
   </div>
   <div class='ocr_carea' id='block_1_59' title="bbox 348 4240 1955 4319">
    <p class='ocr_par' dir='ltr' id='par_1_59' title="bbox 348 4240 1955 4319">
     <span class='ocr_line' id='line_1_59' title="bbox 348 4240 1955 4319; baseline -0.005 -14"><span class='ocrx_word' id='word_1_478' title='bbox 348 4245 621 4305; x_wconf 73' lang='lat' dir='ltr'><strong>aedificat:</strong></span> <span class='ocrx_word' id='word_1_479' title='bbox 655 4253 928 4319; x_wconf 69' lang='lat' dir='ltr'><strong>praeparat</strong></span> <span class='ocrx_word' id='word_1_480' title='bbox 949 4259 1149 4313; x_wconf 82' lang='lat' dir='ltr'><strong>senex,</strong></span> <span class='ocrx_word' id='word_1_481' title='bbox 1179 4242 1391 4315; x_wconf 82' lang='lat' dir='ltr'><strong>perﬁcit</strong></span> <span class='ocrx_word' id='word_1_482' title='bbox 1417 4257 1572 4313; x_wconf 89' lang='lat' dir='ltr'><strong>puer.</strong></span> <span class='ocrx_word' id='word_1_483' title='bbox 1606 4240 1834 4314; x_wconf 77' lang='lat' dir='ltr'><strong>Dignum</strong></span> <span class='ocrx_word' id='word_1_484' title='bbox 1867 4249 1955 4298; x_wconf 81' lang='lat' dir='ltr'><strong>est</strong></span> 
     </span>
    </p>
   </div>
   <div class='ocr_carea' id='block_1_60' title="bbox 349 4335 1948 4409">
    <p class='ocr_par' dir='ltr' id='par_1_60' title="bbox 349 4335 1948 4409">
     <span class='ocr_line' id='line_1_60' title="bbox 349 4335 1948 4409; baseline -0.004 -10"><span class='ocrx_word' id='word_1_485' title='bbox 349 4340 499 4400; x_wconf 90' lang='lat' dir='ltr'><strong>enim</strong></span> <span class='ocrx_word' id='word_1_486' title='bbox 526 4352 584 4397; x_wconf 90' lang='lat' dir='ltr'><strong>ut</strong></span> <span class='ocrx_word' id='word_1_487' title='bbox 606 4351 854 4398; x_wconf 87' lang='lat' dir='ltr'><strong>sanctum</strong></span> <span class='ocrx_word' id='word_1_488' title='bbox 902 4338 1114 4395; x_wconf 89' lang='lat' dir='ltr'><strong>Domini</strong></span> <span class='ocrx_word' id='word_1_489' title='bbox 1156 4337 1417 4409; x_wconf 91' lang='lat' dir='ltr'><strong>templum</strong></span> <span class='ocrx_word' id='word_1_490' title='bbox 1443 4345 1665 4393; x_wconf 89' lang='lat' dir='ltr'><strong>sanctus</strong></span> <span class='ocrx_word' id='word_1_491' title='bbox 1695 4335 1948 4393; x_wconf 64' lang='lat' dir='ltr'><strong>aedificet.</strong></span> 
     </span>
    </p>
   </div>
   <div class='ocr_carea' id='block_1_61' title="bbox 350 4430 1951 4505">
    <p class='ocr_par' dir='ltr' id='par_1_61' title="bbox 350 4430 1951 4505">
     <span class='ocr_line' id='line_1_61' title="bbox 350 4430 1951 4505; baseline -0.004 -13"><span class='ocrx_word' id='word_1_492' title='bbox 350 4434 673 4505; x_wconf 68' lang='lat' dir='ltr'><strong>Praeparat,</strong></span> <span class='ocrx_word' id='word_1_493' title='bbox 706 4443 766 4492; x_wconf 92' lang='lat' dir='ltr'><strong>ut</strong></span> <span class='ocrx_word' id='word_1_494' title='bbox 790 4433 935 4500; x_wconf 84' lang='lat' dir='ltr'><strong>dixi,</strong></span> <span class='ocrx_word' id='word_1_495' title='bbox 961 4447 1130 4489; x_wconf 88' lang='lat' dir='ltr'><strong>senex</strong></span> <span class='ocrx_word' id='word_1_496' title='bbox 1152 4473 1169 4500; x_wconf 92' lang='lat'><strong>,</strong></span> <span class='ocrx_word' id='word_1_497' title='bbox 1200 4431 1294 4488; x_wconf 92' lang='lat' dir='ltr'><strong>sed</strong></span> <span class='ocrx_word' id='word_1_498' title='bbox 1322 4430 1480 4503; x_wconf 91' lang='lat' dir='ltr'><strong>quasi</strong></span> <span class='ocrx_word' id='word_1_499' title='bbox 1509 4438 1790 4503; x_wconf 88' lang='lat' dir='ltr'><strong>postquam</strong></span> <span class='ocrx_word' id='word_1_500' title='bbox 1821 4444 1951 4502; x_wconf 88' lang='lat' dir='ltr'><strong>pec-</strong></span> 
     </span>
    </p>
   </div>
   <div class='ocr_carea' id='block_1_62' title="bbox 349 4525 1948 4599">
    <p class='ocr_par' dir='ltr' id='par_1_62' title="bbox 349 4525 1948 4599">
     <span class='ocr_line' id='line_1_62' title="bbox 349 4525 1948 4599; baseline -0.004 -13"><span class='ocrx_word' id='word_1_501' title='bbox 349 4545 479 4587; x_wconf 84' lang='lat' dir='ltr'><strong>care</strong></span> <span class='ocrx_word' id='word_1_502' title='bbox 526 4528 796 4586; x_wconf 85' lang='lat' dir='ltr'><strong>cessavit:</strong></span> <span class='ocrx_word' id='word_1_503' title='bbox 842 4526 1055 4599; x_wconf 82' lang='lat' dir='ltr'><strong>perlicit</strong></span> <span class='ocrx_word' id='word_1_504' title='bbox 1080 4541 1246 4598; x_wconf 91' lang='lat' dir='ltr'><strong>puer,</strong></span> <span class='ocrx_word' id='word_1_505' title='bbox 1292 4525 1389 4583; x_wconf 86' lang='lat' dir='ltr'><strong>sed</strong></span> <span class='ocrx_word' id='word_1_506' title='bbox 1433 4532 1614 4583; x_wconf 88' lang='lat' dir='ltr'><strong>tamen</strong></span> <span class='ocrx_word' id='word_1_507' title='bbox 1641 4539 1782 4596; x_wconf 90' lang='lat' dir='ltr'><strong>pene</strong></span> <span class='ocrx_word' id='word_1_508' title='bbox 1824 4538 1948 4581; x_wconf 91' lang='lat' dir='ltr'><strong>cum</strong></span> 
     </span>
    </p>
   </div>
   <div class='ocr_carea' id='block_1_63' title="bbox 2045 1900 3646 1980">
    <p class='ocr_par' dir='ltr' id='par_1_63' title="bbox 2045 1900 3646 1980">
     <span class='ocr_line' id='line_1_63' title="bbox 2045 1900 3646 1980; baseline 0.006 -27"><span class='ocrx_word' id='word_1_509' title='bbox 2045 1906 2165 1954; x_wconf 90' lang='lat' dir='ltr'><strong>stus</strong></span> <span class='ocrx_word' id='word_1_510' title='bbox 2204 1900 2408 1966; x_wconf 82' lang='lat' dir='ltr'><strong>Jesus,</strong></span> <span class='ocrx_word' id='word_1_511' title='bbox 2447 1915 2608 1969; x_wconf 90' lang='lat' dir='ltr'><strong>quem</strong></span> <span class='ocrx_word' id='word_1_512' title='bbox 2636 1941 2652 1966; x_wconf 84' lang='lat'><strong>,</strong></span> <span class='ocrx_word' id='word_1_513' title='bbox 2694 1902 2840 1957; x_wconf 89' lang='lat' dir='ltr'><strong>sicut</strong></span> <span class='ocrx_word' id='word_1_514' title='bbox 2880 1902 3174 1973; x_wconf 87' lang='lat' dir='ltr'><strong>Apostolus</strong></span> <span class='ocrx_word' id='word_1_515' title='bbox 3221 1905 3334 1973; x_wconf 88' lang='lat' dir='ltr'><strong>ait,</strong></span> <span class='ocrx_word' id='word_1_516' title='bbox 3376 1910 3646 1980; x_wconf 81' lang='lat' dir='ltr'><strong>proposuit</strong></span> 
     </span>
    </p>
   </div>
   <div class='ocr_carea' id='block_1_64' title="bbox 2046 1987 3644 2071">
    <p class='ocr_par' dir='ltr' id='par_1_64' title="bbox 2046 1987 3644 2071">
     <span class='ocr_line' id='line_1_64' title="bbox 2046 1987 3644 2071; baseline 0.006 -27"><span class='ocrx_word' id='word_1_517' title='bbox 2046 1987 2187 2046; x_wconf 86' lang='lat' dir='ltr'><strong>Deus</strong></span> <span class='ocrx_word' id='word_1_518' title='bbox 2216 1991 2641 2064; x_wconf 74' lang='lat' dir='ltr'><strong>prapitiationem</strong></span> <span class='ocrx_word' id='word_1_519' title='bbox 2671 2009 2762 2064; x_wconf 89' lang='lat' dir='ltr'><strong>per</strong></span> <span class='ocrx_word' id='word_1_520' title='bbox 2806 1995 2963 2065; x_wconf 81' lang='lat' dir='ltr'><strong>ﬁdem</strong></span> <span class='ocrx_word' id='word_1_521' title='bbox 3007 1996 3061 2052; x_wconf 89' lang='lat' dir='ltr'><strong>in</strong></span> <span class='ocrx_word' id='word_1_522' title='bbox 3099 2000 3356 2071; x_wconf 84' lang='lat' dir='ltr'><strong>sanguine</strong></span> <span class='ocrx_word' id='word_1_523' title='bbox 3382 2001 3546 2070; x_wconf 84' lang='lat' dir='ltr'><strong>ipsius</strong></span> <span class='ocrx_word' id='word_1_524' title='bbox 3574 2002 3644 2055; x_wconf 79' lang='lat' dir='ltr'><strong>ad</strong></span> 
     </span>
    </p>
   </div>
   <div class='ocr_carea' id='block_1_65' title="bbox 2048 2087 3647 2168">
    <p class='ocr_par' dir='ltr' id='par_1_65' title="bbox 2048 2087 3647 2168">
     <span class='ocr_line' id='line_1_65' title="bbox 2048 2087 3647 2168; baseline 0.009 -30"><span class='ocrx_word' id='word_1_525' title='bbox 2048 2087 2389 2140; x_wconf 86' lang='lat' dir='ltr'><strong>ostensionem</strong></span> <span class='ocrx_word' id='word_1_526' title='bbox 2409 2089 2637 2161; x_wconf 78' lang='lat' dir='ltr'><strong>justitite</strong></span> <span class='ocrx_word' id='word_1_527' title='bbox 2660 2129 2676 2154; x_wconf 97' lang='lat'><strong>,</strong></span> <span class='ocrx_word' id='word_1_528' title='bbox 2721 2100 2933 2163; x_wconf 86' lang='lat' dir='ltr'><strong>prapter</strong></span> <span class='ocrx_word' id='word_1_529' title='bbox 2969 2094 3322 2150; x_wconf 86' lang='lat' dir='ltr'><strong>remissionem</strong></span> <span class='ocrx_word' id='word_1_530' title='bbox 3351 2097 3647 2168; x_wconf 73' lang='lat' dir='ltr'><strong>prwcedcu-</strong></span> 
     </span>
    </p>
   </div>
   <div class='ocr_carea' id='block_1_66' title="bbox 2049 2180 3646 2251">
    <p class='ocr_par' dir='ltr' id='par_1_66' title="bbox 2049 2180 3646 2251">
     <span class='ocr_line' id='line_1_66' title="bbox 2049 2180 3646 2251; baseline 0.008 -17"><span class='ocrx_word' id='word_1_531' title='bbox 2049 2180 2177 2234; x_wconf 84' lang='lat' dir='ltr'><strong>tium</strong></span> <span class='ocrx_word' id='word_1_532' title='bbox 2203 2180 2510 2237; x_wconf 85' lang='lat' dir='ltr'><strong>delictorum</strong></span> <span class='ocrx_word' id='word_1_533' title='bbox 2535 2223 2551 2251; x_wconf 91' lang='lat'><strong>,</strong></span> <span class='ocrx_word' id='word_1_534' title='bbox 2591 2184 2649 2237; x_wconf 88' lang='lat' dir='ltr'><strong>in</strong></span> <span class='ocrx_word' id='word_1_535' title='bbox 2671 2188 3093 2242; x_wconf 81' lang='lat' dir='ltr'><strong>sustentationem</strong></span> <span class='ocrx_word' id='word_1_536' title='bbox 3113 2188 3209 2243; x_wconf 87' lang='lat' dir='ltr'><strong>Dei</strong></span> <span class='ocrx_word' id='word_1_537' title='bbox 3229 2199 3277 2245; x_wconf 89' lang='lat' dir='ltr'><strong>et</strong></span> <span class='ocrx_word' id='word_1_538' title='bbox 3300 2194 3646 2247; x_wconf 78' lang='lat' dir='ltr'><strong>ostensioncm</strong></span> 
     </span>
    </p>
   </div>
   <div class='ocr_carea' id='block_1_67' title="bbox 2038 2273 3652 2357">
    <p class='ocr_par' dir='ltr' id='par_1_67' title="bbox 2038 2273 3652 2357">
     <span class='ocr_line' id='line_1_67' title="bbox 2038 2273 3652 2357; baseline 0.007 -29"><span class='ocrx_word' id='word_1_539' title='bbox 2038 2273 2265 2344; x_wconf 79' lang='lat' dir='ltr'><strong>justitite</strong></span> <span class='ocrx_word' id='word_1_540' title='bbox 2293 2278 2408 2348; x_wconf 85' lang='lat' dir='ltr'><strong>ejus</strong></span> <span class='ocrx_word' id='word_1_541' title='bbox 2438 2276 2492 2330; x_wconf 89' lang='lat' dir='ltr'><strong>in</strong></span> <span class='ocrx_word' id='word_1_542' title='bbox 2517 2274 2615 2332; x_wconf 89' lang='lat' dir='ltr'><strong>hoc</strong></span> <span class='ocrx_word' id='word_1_543' title='bbox 2645 2288 2891 2348; x_wconf 85' lang='lat' dir='ltr'><strong>tempore,</strong></span> <span class='ocrx_word' id='word_1_544' title='bbox 2926 2290 2982 2334; x_wconf 87' lang='lat' dir='ltr'><strong>ut</strong></span> <span class='ocrx_word' id='word_1_545' title='bbox 3006 2281 3073 2335; x_wconf 87' lang='lat' dir='ltr'><strong>sit</strong></span> <span class='ocrx_word' id='word_1_546' title='bbox 3099 2282 3209 2352; x_wconf 81' lang='lat' dir='ltr'><strong>ipse</strong></span> <span class='ocrx_word' id='word_1_547' title='bbox 3219 2285 3398 2355; x_wconf 87' lang='lat' dir='ltr'><strong>justus</strong></span> <span class='ocrx_word' id='word_1_548' title='bbox 3425 2295 3473 2340; x_wconf 88' lang='lat' dir='ltr'><strong>et</strong></span> <span class='ocrx_word' id='word_1_549' title='bbox 3489 2287 3652 2357; x_wconf 83' lang='lat' dir='ltr'><strong>justi-</strong></span> 
     </span>
    </p>
   </div>
   <div class='ocr_carea' id='block_1_68' title="bbox 2049 2364 3650 2451">
    <p class='ocr_par' dir='ltr' id='par_1_68' title="bbox 2049 2364 3650 2451">
     <span class='ocr_line' id='line_1_68' title="bbox 2049 2364 3650 2451; baseline 0.01 -32"><span class='ocrx_word' id='word_1_550' title='bbox 2049 2365 2214 2435; x_wconf 78' lang='lat' dir='ltr'><strong>ﬁcans</strong></span> <span class='ocrx_word' id='word_1_551' title='bbox 2253 2364 2410 2438; x_wconf 66' lang='lat' dir='ltr'><strong>eum,</strong></span> <span class='ocrx_word' id='word_1_552' title='bbox 2453 2370 2540 2440; x_wconf 89' lang='lat' dir='ltr'><strong>qui</strong></span> <span class='ocrx_word' id='word_1_553' title='bbox 2581 2386 2644 2425; x_wconf 80' lang='lat' dir='ltr'><strong>ea:</strong></span> <span class='ocrx_word' id='word_1_554' title='bbox 2676 2371 2784 2443; x_wconf 81' lang='lat' dir='ltr'><strong>fide</strong></span> <span class='ocrx_word' id='word_1_555' title='bbox 2815 2382 2888 2427; x_wconf 88' lang='lat' dir='ltr'><strong>est</strong></span> <span class='ocrx_word' id='word_1_556' title='bbox 2916 2371 3046 2428; x_wconf 71' lang='lat' dir='ltr'><strong>Iesu</strong></span> <span class='ocrx_word' id='word_1_557' title='bbox 3074 2373 3253 2447; x_wconf 87' lang='lat' dir='ltr'><strong>(Rom.</strong></span> <span class='ocrx_word' id='word_1_558' title='bbox 3284 2393 3362 2443; x_wconf 80' lang='lat' dir='ltr'><strong>tu,</strong></span> <span class='ocrx_word' id='word_1_559' title='bbox 3390 2378 3487 2446; x_wconf 79' lang='lat'><strong>‘25,</strong></span> <span class='ocrx_word' id='word_1_560' title='bbox 3520 2378 3650 2451; x_wconf 64' lang='lat'><strong>26).</strong></span> 
     </span>
    </p>
   </div>
   <div class='ocr_carea' id='block_1_69' title="bbox 2049 2452 3654 2542">
    <p class='ocr_par' dir='ltr' id='par_1_69' title="bbox 2049 2452 3654 2542">
     <span class='ocr_line' id='line_1_69' title="bbox 2049 2452 3654 2542; baseline 0.007 -26"><span class='ocrx_word' id='word_1_561' title='bbox 2049 2459 2235 2531; x_wconf 86' lang='lat' dir='ltr'><strong>Itaque</strong></span> <span class='ocrx_word' id='word_1_562' title='bbox 2263 2452 2586 2533; x_wconf 84' lang='lat' dir='ltr'><strong>propitiator</strong></span> <span class='ocrx_word' id='word_1_563' title='bbox 2611 2480 2712 2538; x_wconf 89' lang='lat' dir='ltr'><strong>per</strong></span> <span class='ocrx_word' id='word_1_564' title='bbox 2743 2466 2902 2522; x_wconf 85' lang='lat' dir='ltr'><strong>fidem</strong></span> <span class='ocrx_word' id='word_1_565' title='bbox 2930 2469 2986 2525; x_wconf 90' lang='lat' dir='ltr'><strong>in</strong></span> <span class='ocrx_word' id='word_1_566' title='bbox 3019 2470 3286 2540; x_wconf 83' lang='lat' dir='ltr'><strong>sanguine</strong></span> <span class='ocrx_word' id='word_1_567' title='bbox 3314 2485 3417 2526; x_wconf 88' lang='lat' dir='ltr'><strong>suo</strong></span> <span class='ocrx_word' id='word_1_568' title='bbox 3445 2474 3654 2542; x_wconf 88' lang='lat' dir='ltr'><strong>positus</strong></span> 
     </span>
    </p>
   </div>
   <div class='ocr_carea' id='block_1_70' title="bbox 2050 2554 3655 2636">
    <p class='ocr_par' dir='ltr' id='par_1_70' title="bbox 2050 2554 3655 2636">
     <span class='ocr_line' id='line_1_70' title="bbox 2050 2554 3655 2636; baseline 0.006 -26"><span class='ocrx_word' id='word_1_569' title='bbox 2050 2554 2119 2611; x_wconf 90' lang='lat' dir='ltr'><strong>ad</strong></span> <span class='ocrx_word' id='word_1_570' title='bbox 2141 2559 2516 2615; x_wconf 89' lang='lat' dir='ltr'><strong>ostensioncm</strong></span> <span class='ocrx_word' id='word_1_571' title='bbox 2540 2558 2878 2632; x_wconf 81' lang='lat' dir='ltr'><strong>formamque</strong></span> <span class='ocrx_word' id='word_1_572' title='bbox 2888 2561 3138 2634; x_wconf 65' lang='lat' dir='ltr'><strong>iustitiae,</strong></span> <span class='ocrx_word' id='word_1_573' title='bbox 3154 2564 3270 2636; x_wconf 91' lang='lat' dir='ltr'><strong>ipse</strong></span> <span class='ocrx_word' id='word_1_574' title='bbox 3290 2574 3374 2621; x_wconf 89' lang='lat' dir='ltr'><strong>est</strong></span> <span class='ocrx_word' id='word_1_575' title='bbox 3391 2564 3655 2621; x_wconf 79' lang='lat' dir='ltr'><strong>Mediator</strong></span> 
     </span>
    </p>
   </div>
   <div class='ocr_carea' id='block_1_71' title="bbox 2053 2646 3653 2730">
    <p class='ocr_par' dir='ltr' id='par_1_71' title="bbox 2053 2646 3653 2730">
     <span class='ocr_line' id='line_1_71' title="bbox 2053 2646 3653 2730; baseline 0.008 -28"><span class='ocrx_word' id='word_1_576' title='bbox 2053 2646 2152 2703; x_wconf 85' lang='lat' dir='ltr'><strong>Dei</strong></span> <span class='ocrx_word' id='word_1_577' title='bbox 2181 2658 2229 2703; x_wconf 81' lang='lat' dir='ltr'><strong>rt</strong></span> <span class='ocrx_word' id='word_1_578' title='bbox 2267 2649 2537 2705; x_wconf 83' lang='lat' dir='ltr'><strong>hominum</strong></span> <span class='ocrx_word' id='word_1_579' title='bbox 2564 2694 2578 2719; x_wconf 91' lang='lat'><strong>,</strong></span> <span class='ocrx_word' id='word_1_580' title='bbox 2606 2651 2759 2708; x_wconf 87' lang='lat' dir='ltr'><strong>homo</strong></span> <span class='ocrx_word' id='word_1_581' title='bbox 2789 2654 3024 2711; x_wconf 82' lang='lat' dir='ltr'><strong>Christus</strong></span> <span class='ocrx_word' id='word_1_582' title='bbox 3050 2654 3206 2712; x_wconf 80' lang='lat' dir='ltr'><strong>Iesus</strong></span> <span class='ocrx_word' id='word_1_583' title='bbox 3238 2656 3284 2730; x_wconf 84' lang='grc' dir='ltr'><strong>(Ι</strong></span> <span class='ocrx_word' id='word_1_584' title='bbox 3315 2656 3447 2713; x_wconf 84' lang='lat' dir='ltr'><strong>Tim.</strong></span> <span class='ocrx_word' id='word_1_585' title='bbox 3479 2675 3543 2726; x_wconf 87' lang='lat' dir='ltr'><strong>tt,</strong></span> <span class='ocrx_word' id='word_1_586' title='bbox 3573 2659 3653 2723; x_wconf 80' lang='lat'><strong>5).</strong></span> 
     </span>
    </p>
   </div>
   <div class='ocr_carea' id='block_1_72' title="bbox 2056 2740 3650 2823">
    <p class='ocr_par' dir='ltr' id='par_1_72' title="bbox 2056 2740 3650 2823">
     <span class='ocr_line' id='line_1_72' title="bbox 2056 2740 3650 2823; baseline 0.009 -28"><span class='ocrx_word' id='word_1_587' title='bbox 2056 2740 2130 2796; x_wconf 85' lang='lat' dir='ltr'><strong>De</strong></span> <span class='ocrx_word' id='word_1_588' title='bbox 2156 2757 2264 2813; x_wconf 89' lang='lat' dir='ltr'><strong>quo</strong></span> <span class='ocrx_word' id='word_1_589' title='bbox 2290 2744 2532 2801; x_wconf 82' lang='lat' dir='ltr'><strong>Joannes</strong></span> <span class='ocrx_word' id='word_1_590' title='bbox 2561 2760 2729 2816; x_wconf 85' lang='lat' dir='ltr'><strong>usque</strong></span> <span class='ocrx_word' id='word_1_591' title='bbox 2755 2747 2820 2803; x_wconf 91' lang='lat' dir='ltr'><strong>ad</strong></span> <span class='ocrx_word' id='word_1_592' title='bbox 2854 2749 3024 2817; x_wconf 79' lang='lat' dir='ltr'><strong>ipsam</strong></span> <span class='ocrx_word' id='word_1_593' title='bbox 3052 2765 3189 2819; x_wconf 90' lang='lat' dir='ltr'><strong>pene</strong></span> <span class='ocrx_word' id='word_1_594' title='bbox 3218 2752 3650 2823; x_wconf 79' lang='lat' dir='ltr'><strong>inaccessibilem</strong></span> 
     </span>
    </p>
   </div>
   <div class='ocr_carea' id='block_1_73' title="bbox 2054 2833 3652 2917">
    <p class='ocr_par' dir='ltr' id='par_1_73' title="bbox 2054 2833 3652 2917">
     <span class='ocr_line' id='line_1_73' title="bbox 2054 2833 3652 2917; baseline 0.009 -28"><span class='ocrx_word' id='word_1_595' title='bbox 2054 2833 2232 2892; x_wconf 86' lang='lat' dir='ltr'><strong>lucem</strong></span> <span class='ocrx_word' id='word_1_596' title='bbox 2273 2836 2619 2894; x_wconf 89' lang='lat' dir='ltr'><strong>introductus</strong></span> <span class='ocrx_word' id='word_1_597' title='bbox 2643 2842 2916 2897; x_wconf 88' lang='lat' dir='ltr'><strong>exclamat</strong></span> <span class='ocrx_word' id='word_1_598' title='bbox 2945 2860 2957 2895; x_wconf 91' lang='lat'><strong>:</strong></span> <span class='ocrx_word' id='word_1_599' title='bbox 2992 2841 3059 2897; x_wconf 81' lang='lat' dir='ltr'><strong>In</strong></span> <span class='ocrx_word' id='word_1_600' title='bbox 3090 2843 3347 2917; x_wconf 86' lang='lat' dir='ltr'><strong>principio</strong></span> <span class='ocrx_word' id='word_1_601' title='bbox 3374 2858 3484 2901; x_wconf 84' lang='lat' dir='ltr'><strong>erat</strong></span> <span class='ocrx_word' id='word_1_602' title='bbox 3524 2846 3652 2904; x_wconf 88' lang='lat' dir='ltr'><strong>Ver-</strong></span> 
     </span>
    </p>
   </div>
   <div class='ocr_carea' id='block_1_74' title="bbox 2054 2930 3652 3007">
    <p class='ocr_par' dir='ltr' id='par_1_74' title="bbox 2054 2930 3652 3007">
     <span class='ocr_line' id='line_1_74' title="bbox 2054 2930 3652 3007; baseline 0.01 -23"><span class='ocrx_word' id='word_1_603' title='bbox 2054 2930 2260 3001; x_wconf 87' lang='lat' dir='ltr'><strong>bum,et</strong></span> <span class='ocrx_word' id='word_1_604' title='bbox 2284 2931 2508 2987; x_wconf 87' lang='lat' dir='ltr'><strong>Verbunt</strong></span> <span class='ocrx_word' id='word_1_605' title='bbox 2529 2944 2644 2989; x_wconf 88' lang='lat' dir='ltr'><strong>erat</strong></span> <span class='ocrx_word' id='word_1_606' title='bbox 2663 2935 2805 3007; x_wconf 88' lang='lat' dir='ltr'><strong>apud</strong></span> <span class='ocrx_word' id='word_1_607' title='bbox 2824 2934 3014 3003; x_wconf 88' lang='lat' dir='ltr'><strong>Deum,</strong></span> <span class='ocrx_word' id='word_1_608' title='bbox 3039 2948 3086 2992; x_wconf 90' lang='lat' dir='ltr'><strong>et</strong></span> <span class='ocrx_word' id='word_1_609' title='bbox 3108 2939 3249 2994; x_wconf 82' lang='lat' dir='ltr'><strong>Dens</strong></span> <span class='ocrx_word' id='word_1_610' title='bbox 3273 2951 3382 2995; x_wconf 89' lang='lat' dir='ltr'><strong>erat</strong></span> <span class='ocrx_word' id='word_1_611' title='bbox 3404 2941 3652 3000; x_wconf 88' lang='lat' dir='ltr'><strong>Verbunt.</strong></span> 
     </span>
    </p>
   </div>
   <div class='ocr_carea' id='block_1_75' title="bbox 2056 3023 3658 3109">
    <p class='ocr_par' dir='ltr' id='par_1_75' title="bbox 2056 3023 3658 3109">
     <span class='ocr_line' id='line_1_75' title="bbox 2056 3023 3658 3109; baseline 0.01 -32"><span class='ocrx_word' id='word_1_612' title='bbox 2056 3023 2173 3080; x_wconf 83' lang='lat' dir='ltr'><strong>Hoc</strong></span> <span class='ocrx_word' id='word_1_613' title='bbox 2199 3035 2309 3085; x_wconf 86' lang='lat' dir='ltr'><strong>erat</strong></span> <span class='ocrx_word' id='word_1_614' title='bbox 2337 3027 2393 3083; x_wconf 90' lang='lat' dir='ltr'><strong>in</strong></span> <span class='ocrx_word' id='word_1_615' title='bbox 2421 3029 2681 3099; x_wconf 85' lang='lat' dir='ltr'><strong>principio</strong></span> <span class='ocrx_word' id='word_1_616' title='bbox 2703 3031 2848 3100; x_wconf 83' lang='lat' dir='ltr'><strong>apud</strong></span> <span class='ocrx_word' id='word_1_617' title='bbox 2885 3031 3053 3087; x_wconf 87' lang='lat' dir='ltr'><strong>Deum</strong></span> <span class='ocrx_word' id='word_1_618' title='bbox 3078 3074 3092 3101; x_wconf 92' lang='lat'><strong>,</strong></span> <span class='ocrx_word' id='word_1_619' title='bbox 3140 3035 3317 3089; x_wconf 87' lang='lat' dir='ltr'><strong>omnia</strong></span> <span class='ocrx_word' id='word_1_620' title='bbox 3358 3053 3449 3105; x_wconf 84' lang='lat' dir='ltr'><strong>per</strong></span> <span class='ocrx_word' id='word_1_621' title='bbox 3486 3037 3658 3109; x_wconf 82' lang='lat' dir='ltr'><strong>ipsum</strong></span> 
     </span>
    </p>
   </div>
   <div class='ocr_carea' id='block_1_76' title="bbox 2056 3118 3657 3201">
    <p class='ocr_par' dir='ltr' id='par_1_76' title="bbox 2056 3118 3657 3201">
     <span class='ocr_line' id='line_1_76' title="bbox 2056 3118 3657 3201; baseline 0.01 -31"><span class='ocrx_word' id='word_1_622' title='bbox 2056 3118 2343 3188; x_wconf 65' lang='lat' dir='ltr'><strong>factasunt</strong></span> <span class='ocrx_word' id='word_1_623' title='bbox 2374 3118 2564 3192; x_wconf 80' lang='lat' dir='ltr'><strong>(Joan.</strong></span> <span class='ocrx_word' id='word_1_624' title='bbox 2589 3137 2628 3187; x_wconf 84' lang='lat'><strong>1,</strong></span> <span class='ocrx_word' id='word_1_625' title='bbox 2660 3122 2810 3194; x_wconf 77' lang='grc'><strong>1-5).</strong></span> <span class='ocrx_word' id='word_1_626' title='bbox 2846 3125 2923 3179; x_wconf 85' lang='lat' dir='ltr'><strong>Ac</strong></span> <span class='ocrx_word' id='word_1_627' title='bbox 2949 3134 3070 3195; x_wconf 86' lang='lat' dir='ltr'><strong>post</strong></span> <span class='ocrx_word' id='word_1_628' title='bbox 3101 3125 3377 3196; x_wconf 87' lang='lat' dir='ltr'><strong>paululum</strong></span> <span class='ocrx_word' id='word_1_629' title='bbox 3407 3131 3657 3201; x_wconf 83' lang='lat' dir='ltr'><strong>exposita</strong></span> 
     </span>
    </p>
   </div>
   <div class='ocr_carea' id='block_1_77' title="bbox 3161 3218 3657 3278">
    <p class='ocr_par' dir='ltr' id='par_1_77' title="bbox 3161 3218 3657 3278">
     <span class='ocr_line' id='line_1_77' title="bbox 3161 3218 3657 3278; baseline 0.008 -4"><span class='ocrx_word' id='word_1_630' title='bbox 3161 3218 3229 3274; x_wconf 84' lang='lat' dir='ltr'><strong>Et</strong></span> <span class='ocrx_word' id='word_1_631' title='bbox 3263 3219 3489 3277; x_wconf 85' lang='lat' dir='ltr'><strong>Verbum</strong></span> <span class='ocrx_word' id='word_1_632' title='bbox 3534 3239 3657 3278; x_wconf 86' lang='lat' dir='ltr'><strong>caro</strong></span> 
     </span>
    </p>
   </div>
   <div class='ocr_carea' id='block_1_78' title="bbox 2059 3308 3659 3378">
    <p class='ocr_par' dir='ltr' id='par_1_78' title="bbox 2059 3308 3659 3378">
     <span class='ocr_line' id='line_1_78' title="bbox 2059 3308 3659 3378; baseline 0.008 -18"><span class='ocrx_word' id='word_1_633' title='bbox 2059 3308 2259 3378; x_wconf 77' lang='lat' dir='ltr'><strong>factum</strong></span> <span class='ocrx_word' id='word_1_634' title='bbox 2280 3316 2385 3374; x_wconf 89' lang='lat' dir='ltr'><strong>est,</strong></span> <span class='ocrx_word' id='word_1_635' title='bbox 2418 3317 2466 3363; x_wconf 88' lang='lat' dir='ltr'><strong>et</strong></span> <span class='ocrx_word' id='word_1_636' title='bbox 2495 3309 2748 3365; x_wconf 88' lang='lat' dir='ltr'><strong>habitavit</strong></span> <span class='ocrx_word' id='word_1_637' title='bbox 2776 3312 2830 3365; x_wconf 89' lang='lat' dir='ltr'><strong>in</strong></span> <span class='ocrx_word' id='word_1_638' title='bbox 2857 3311 3003 3366; x_wconf 89' lang='lat' dir='ltr'><strong>nobis</strong></span> <span class='ocrx_word' id='word_1_639' title='bbox 3029 3328 3049 3367; x_wconf 91' lang='lat'><strong>:</strong></span> <span class='ocrx_word' id='word_1_640' title='bbox 3075 3322 3123 3369; x_wconf 91' lang='lat' dir='ltr'><strong>et</strong></span> <span class='ocrx_word' id='word_1_641' title='bbox 3153 3314 3377 3370; x_wconf 83' lang='lat' dir='ltr'><strong>vidimus</strong></span> <span class='ocrx_word' id='word_1_642' title='bbox 3404 3314 3659 3372; x_wconf 84' lang='lat' dir='ltr'><strong>honorem</strong></span> 
     </span>
    </p>
   </div>
   <div class='ocr_carea' id='block_1_79' title="bbox 2058 3400 3659 3483">
    <p class='ocr_par' dir='ltr' id='par_1_79' title="bbox 2058 3400 3659 3483">
     <span class='ocr_line' id='line_1_79' title="bbox 2058 3400 3659 3483; baseline 0.009 -30"><span class='ocrx_word' id='word_1_643' title='bbox 2058 3402 2174 3473; x_wconf 86' lang='lat' dir='ltr'><strong>ejus</strong></span> <span class='ocrx_word' id='word_1_644' title='bbox 2201 3441 2217 3468; x_wconf 93' lang='lat'><strong>,</strong></span> <span class='ocrx_word' id='word_1_645' title='bbox 2263 3400 2488 3472; x_wconf 89' lang='lat' dir='ltr'><strong>gloriant</strong></span> <span class='ocrx_word' id='word_1_646' title='bbox 2528 3411 2791 3474; x_wconf 85' lang='lat' dir='ltr'><strong>tamquam</strong></span> <span class='ocrx_word' id='word_1_647' title='bbox 2824 3406 2964 3461; x_wconf 89' lang='lat' dir='ltr'><strong>unici</strong></span> <span class='ocrx_word' id='word_1_648' title='bbox 2992 3407 3102 3461; x_wconf 88' lang='lat' dir='ltr'><strong>nati</strong></span> <span class='ocrx_word' id='word_1_649' title='bbox 3131 3425 3165 3463; x_wconf 90' lang='lat' dir='ltr'><strong>a</strong></span> <span class='ocrx_word' id='word_1_650' title='bbox 3194 3407 3354 3464; x_wconf 83' lang='lat' dir='ltr'><strong>Patre</strong></span> <span class='ocrx_word' id='word_1_651' title='bbox 3378 3450 3394 3477; x_wconf 93' lang='lat'><strong>,</strong></span> <span class='ocrx_word' id='word_1_652' title='bbox 3443 3412 3659 3483; x_wconf 88' lang='lat' dir='ltr'><strong>plenum</strong></span> 
     </span>
    </p>
   </div>
   <div class='ocr_carea' id='block_1_80' title="bbox 2057 3493 3659 3576">
    <p class='ocr_par' dir='ltr' id='par_1_80' title="bbox 2057 3493 3659 3576">
     <span class='ocr_line' id='line_1_80' title="bbox 2057 3493 3659 3576; baseline 0.007 -28"><span class='ocrx_word' id='word_1_653' title='bbox 2057 3493 2228 3565; x_wconf 86' lang='lat' dir='ltr'><strong>gloria</strong></span> <span class='ocrx_word' id='word_1_654' title='bbox 2256 3503 2303 3550; x_wconf 87' lang='lat' dir='ltr'><strong>et</strong></span> <span class='ocrx_word' id='word_1_655' title='bbox 2329 3496 2542 3551; x_wconf 78' lang='lat' dir='ltr'><strong>veritate</strong></span> <span class='ocrx_word' id='word_1_656' title='bbox 2570 3494 2738 3566; x_wconf 87' lang='lat' dir='ltr'><strong>(Ibid.</strong></span> <span class='ocrx_word' id='word_1_657' title='bbox 2770 3500 2834 3555; x_wconf 74' lang='grc'><strong>14</strong></span> <span class='ocrx_word' id='word_1_658' title='bbox 2853 3498 2897 3572; x_wconf 92' lang='grc'><strong>).</strong></span> <span class='ocrx_word' id='word_1_659' title='bbox 2947 3500 3052 3569; x_wconf 80' lang='lat' dir='ltr'><strong>Qui</strong></span> <span class='ocrx_word' id='word_1_660' title='bbox 3080 3514 3344 3573; x_wconf 86' lang='lat' dir='ltr'><strong>peccatum</strong></span> <span class='ocrx_word' id='word_1_661' title='bbox 3367 3522 3469 3561; x_wconf 87' lang='lat' dir='ltr'><strong>non</strong></span> <span class='ocrx_word' id='word_1_662' title='bbox 3494 3506 3619 3576; x_wconf 76' lang='lat' dir='ltr'><strong>fecit</strong></span> <span class='ocrx_word' id='word_1_663' title='bbox 3640 3548 3659 3575; x_wconf 90' lang='lat'><strong>,</strong></span> 
     </span>
    </p>
   </div>
   <div class='ocr_carea' id='block_1_81' title="bbox 2057 3586 3659 3670">
    <p class='ocr_par' dir='ltr' id='par_1_81' title="bbox 2057 3586 3659 3670">
     <span class='ocr_line' id='line_1_81' title="bbox 2057 3586 3659 3670; baseline 0.01 -32"><span class='ocrx_word' id='word_1_664' title='bbox 2057 3602 2150 3642; x_wconf 89' lang='lat' dir='ltr'><strong>nec</strong></span> <span class='ocrx_word' id='word_1_665' title='bbox 2172 3586 2414 3643; x_wconf 76' lang='lat' dir='ltr'><strong>inventus</strong></span> <span class='ocrx_word' id='word_1_666' title='bbox 2439 3599 2513 3644; x_wconf 87' lang='lat' dir='ltr'><strong>est</strong></span> <span class='ocrx_word' id='word_1_667' title='bbox 2538 3589 2690 3645; x_wconf 87' lang='lat' dir='ltr'><strong>dolus</strong></span> <span class='ocrx_word' id='word_1_668' title='bbox 2721 3591 2774 3646; x_wconf 87' lang='lat' dir='ltr'><strong>in</strong></span> <span class='ocrx_word' id='word_1_669' title='bbox 2802 3608 2891 3648; x_wconf 88' lang='lat' dir='ltr'><strong>ore</strong></span> <span class='ocrx_word' id='word_1_670' title='bbox 2917 3596 3032 3666; x_wconf 86' lang='lat' dir='ltr'><strong>ejus</strong></span> <span class='ocrx_word' id='word_1_671' title='bbox 3059 3594 3116 3667; x_wconf 92' lang='grc' dir='ltr'><strong>(Ι</strong></span> <span class='ocrx_word' id='word_1_672' title='bbox 3148 3593 3265 3651; x_wconf 86' lang='lat' dir='ltr'><strong>Pet.</strong></span> <span class='ocrx_word' id='word_1_673' title='bbox 3298 3612 3367 3665; x_wconf 88' lang='grc' dir='ltr'>ιι,</span> <span class='ocrx_word' id='word_1_674' title='bbox 3394 3597 3536 3669; x_wconf 70' lang='lat'><strong>22),</strong></span> <span class='ocrx_word' id='word_1_675' title='bbox 3567 3600 3659 3670; x_wconf 87' lang='lat' dir='ltr'><strong>qui</strong></span> 
     </span>
    </p>
   </div>
   <div class='ocr_carea' id='block_1_82' title="bbox 2058 3685 3655 3759">
    <p class='ocr_par' dir='ltr' id='par_1_82' title="bbox 2058 3685 3655 3759">
     <span class='ocr_line' id='line_1_82' title="bbox 2058 3685 3655 3759; baseline 0.009 -27"><span class='ocrx_word' id='word_1_676' title='bbox 2058 3687 2322 3751; x_wconf 83' lang='lat' dir='ltr'><strong>tamquam</strong></span> <span class='ocrx_word' id='word_1_677' title='bbox 2349 3697 2514 3753; x_wconf 87' lang='lat' dir='ltr'><strong>agnus</strong></span> <span class='ocrx_word' id='word_1_678' title='bbox 2539 3698 2716 3738; x_wconf 88' lang='lat' dir='ltr'><strong>coram</strong></span> <span class='ocrx_word' id='word_1_679' title='bbox 2756 3685 3006 3740; x_wconf 85' lang='lat' dir='ltr'><strong>tondente</strong></span> <span class='ocrx_word' id='word_1_680' title='bbox 3028 3726 3043 3751; x_wconf 93' lang='lat'><strong>,</strong></span> <span class='ocrx_word' id='word_1_681' title='bbox 3088 3687 3163 3743; x_wconf 91' lang='lat' dir='ltr'><strong>sic</strong></span> <span class='ocrx_word' id='word_1_682' title='bbox 3192 3705 3294 3743; x_wconf 89' lang='lat' dir='ltr'><strong>non</strong></span> <span class='ocrx_word' id='word_1_683' title='bbox 3321 3691 3559 3759; x_wconf 85' lang='lat' dir='ltr'><strong>aperiens</strong></span> <span class='ocrx_word' id='word_1_684' title='bbox 3596 3707 3655 3747; x_wconf 87' lang='lat' dir='ltr'><strong>os</strong></span> 
     </span>
    </p>
   </div>
   <div class='ocr_carea' id='block_1_83' title="bbox 2055 3771 3658 3848">
    <p class='ocr_par' dir='ltr' id='par_1_83' title="bbox 2055 3771 3658 3848">
     <span class='ocr_line' id='line_1_83' title="bbox 2055 3771 3658 3848; baseline 0.009 -23"><span class='ocrx_word' id='word_1_685' title='bbox 2055 3787 2211 3825; x_wconf 90' lang='lat' dir='ltr'><strong>suum</strong></span> <span class='ocrx_word' id='word_1_686' title='bbox 2228 3771 2387 3844; x_wconf 82' lang='lat' dir='ltr'><strong>(lsai.</strong></span> <span class='ocrx_word' id='word_1_687' title='bbox 2409 3788 2521 3839; x_wconf 78' lang='lat' dir='ltr'>LIII,</span> <span class='ocrx_word' id='word_1_688' title='bbox 2538 3775 2613 3845; x_wconf 90' lang='lat'><strong>7),</strong></span> <span class='ocrx_word' id='word_1_689' title='bbox 2631 3790 2753 3831; x_wconf 92' lang='lat' dir='ltr'><strong>cum</strong></span> <span class='ocrx_word' id='word_1_690' title='bbox 2777 3776 3100 3848; x_wconf 76' lang='lat' dir='ltr'><strong>ﬂagellalus,</strong></span> <span class='ocrx_word' id='word_1_691' title='bbox 3120 3780 3411 3836; x_wconf 85' lang='lat' dir='ltr'><strong>crucifixus</strong></span> <span class='ocrx_word' id='word_1_692' title='bbox 3433 3793 3483 3838; x_wconf 89' lang='lat' dir='ltr'><strong>et</strong></span> <span class='ocrx_word' id='word_1_693' title='bbox 3509 3798 3658 3839; x_wconf 90' lang='lat' dir='ltr'><strong>mor-</strong></span> 
     </span>
    </p>
   </div>
   <div class='ocr_carea' id='block_1_84' title="bbox 2054 3864 3657 3946">
    <p class='ocr_par' dir='ltr' id='par_1_84' title="bbox 2054 3864 3657 3946">
     <span class='ocr_line' id='line_1_84' title="bbox 2054 3864 3657 3946; baseline 0.01 -29"><span class='ocrx_word' id='word_1_694' title='bbox 2054 3869 2179 3918; x_wconf 90' lang='lat' dir='ltr'><strong>tuus</strong></span> <span class='ocrx_word' id='word_1_695' title='bbox 2209 3874 2291 3920; x_wconf 84' lang='lat' dir='ltr'><strong>est</strong></span> <span class='ocrx_word' id='word_1_696' title='bbox 2319 3906 2335 3933; x_wconf 92' lang='lat'><strong>,</strong></span> <span class='ocrx_word' id='word_1_697' title='bbox 2381 3864 2548 3939; x_wconf 64' lang='grc'><strong>614</strong></span> <span class='ocrx_word' id='word_1_698' title='bbox 2571 3866 2664 3938; x_wconf 85' lang='lat' dir='ltr'><strong>qui</strong></span> <span class='ocrx_word' id='word_1_699' title='bbox 2693 3869 2940 3925; x_wconf 88' lang='lat' dir='ltr'><strong>aculeum</strong></span> <span class='ocrx_word' id='word_1_700' title='bbox 2970 3871 3164 3928; x_wconf 90' lang='lat' dir='ltr'><strong>mortis</strong></span> <span class='ocrx_word' id='word_1_701' title='bbox 3191 3872 3470 3943; x_wconf 86' lang='lat' dir='ltr'><strong>edomuit,</strong></span> <span class='ocrx_word' id='word_1_702' title='bbox 3501 3877 3592 3946; x_wconf 90' lang='lat' dir='ltr'><strong>qui</strong></span> <span class='ocrx_word' id='word_1_703' title='bbox 3623 3891 3657 3933; x_wconf 87' lang='lat' dir='ltr'><strong>a</strong></span> 
     </span>
    </p>
   </div>
   <div class='ocr_carea' id='block_1_85' title="bbox 2055 3955 3658 4040">
    <p class='ocr_par' dir='ltr' id='par_1_85' title="bbox 2055 3955 3658 4040">
     <span class='ocr_line' id='line_1_85' title="bbox 2055 3955 3658 4040; baseline 0.009 -30"><span class='ocrx_word' id='word_1_704' title='bbox 2055 3955 2286 4013; x_wconf 91' lang='lat' dir='ltr'><strong>mortuis</strong></span> <span class='ocrx_word' id='word_1_705' title='bbox 2311 3959 2649 4026; x_wconf 67' lang='lat' dir='ltr'><strong>resurrexit,</strong></span> <span class='ocrx_word' id='word_1_706' title='bbox 2674 3961 2764 4032; x_wconf 85' lang='lat' dir='ltr'><strong>qui</strong></span> <span class='ocrx_word' id='word_1_707' title='bbox 2793 3962 3051 4031; x_wconf 83' lang='lat' dir='ltr'><strong>captivam</strong></span> <span class='ocrx_word' id='word_1_708' title='bbox 3082 3964 3274 4021; x_wconf 89' lang='lat' dir='ltr'><strong>ducens</strong></span> <span class='ocrx_word' id='word_1_709' title='bbox 3302 3968 3658 4040; x_wconf 83' lang='lat' dir='ltr'><strong>captivitatem</strong></span> 
     </span>
    </p>
   </div>
   <div class='ocr_carea' id='block_1_86' title="bbox 2055 4045 3656 4128">
    <p class='ocr_par' dir='ltr' id='par_1_86' title="bbox 2055 4045 3656 4128">
     <span class='ocr_line' id='line_1_86' title="bbox 2055 4045 3656 4128; baseline 0.011 -27"><span class='ocrx_word' id='word_1_710' title='bbox 2055 4045 2232 4119; x_wconf 83' lang='lat' dir='ltr'><strong>(Psal.</strong></span> <span class='ocrx_word' id='word_1_711' title='bbox 2262 4064 2430 4117; x_wconf 72' lang='lat' dir='ltr'><strong>twn,</strong></span> <span class='ocrx_word' id='word_1_712' title='bbox 2449 4049 2545 4117; x_wconf 79' lang='lat' dir='ltr'><strong>l9;</strong></span> <span class='ocrx_word' id='word_1_713' title='bbox 2574 4050 2847 4124; x_wconf 70' lang='lat' dir='ltr'><strong>Ephesav,</strong></span> <span class='ocrx_word' id='word_1_714' title='bbox 2866 4054 2979 4128; x_wconf 83' lang='lat' dir='ltr'><strong>l8),</strong></span> <span class='ocrx_word' id='word_1_715' title='bbox 2999 4057 3241 4113; x_wconf 86' lang='lat' dir='ltr'><strong>ascendit</strong></span> <span class='ocrx_word' id='word_1_716' title='bbox 3266 4061 3317 4114; x_wconf 92' lang='lat' dir='ltr'><strong>in</strong></span> <span class='ocrx_word' id='word_1_717' title='bbox 3343 4060 3534 4117; x_wconf 65' lang='grc' dir='ltr'><strong>ρωπος.</strong></span> <span class='ocrx_word' id='word_1_718' title='bbox 3555 4062 3656 4118; x_wconf 86' lang='lat' dir='ltr'><strong>llic</strong></span> 
     </span>
    </p>
   </div>
   <div class='ocr_carea' id='block_1_87' title="bbox 2055 4139 3654 4225">
    <p class='ocr_par' dir='ltr' id='par_1_87' title="bbox 2055 4139 3654 4225">
     <span class='ocr_line' id='line_1_87' title="bbox 2055 4139 3654 4225; baseline 0.009 -30"><span class='ocrx_word' id='word_1_719' title='bbox 2055 4150 2137 4196; x_wconf 85' lang='lat' dir='ltr'><strong>est</strong></span> <span class='ocrx_word' id='word_1_720' title='bbox 2149 4139 2463 4213; x_wconf 80' lang='lat' dir='ltr'><strong>ttnigcnitus</strong></span> <span class='ocrx_word' id='word_1_721' title='bbox 2482 4143 2537 4199; x_wconf 87' lang='lat' dir='ltr'><strong>in</strong></span> <span class='ocrx_word' id='word_1_722' title='bbox 2552 4142 2733 4225; x_wconf 72' lang='lat' dir='ltr'><strong>Patre,</strong></span> <span class='ocrx_word' id='word_1_723' title='bbox 2750 4149 3125 4222; x_wconf 82' lang='lat' dir='ltr'><strong>prinwgenilus</strong></span> <span class='ocrx_word' id='word_1_724' title='bbox 3138 4150 3190 4205; x_wconf 86' lang='lat' dir='ltr'><strong>in</strong></span> <span class='ocrx_word' id='word_1_725' title='bbox 3207 4151 3384 4207; x_wconf 83' lang='lat' dir='ltr'><strong>multis</strong></span> <span class='ocrx_word' id='word_1_726' title='bbox 3397 4153 3654 4224; x_wconf 74' lang='lat' dir='ltr'><strong>fratribus</strong></span> 
     </span>
    </p>
   </div>
   <div class='ocr_carea' id='block_1_88' title="bbox 2056 4233 3653 4313">
    <p class='ocr_par' dir='ltr' id='par_1_88' title="bbox 2056 4233 3653 4313">
     <span class='ocr_line' id='line_1_88' title="bbox 2056 4233 3653 4313; baseline 0.008 -25"><span class='ocrx_word' id='word_1_727' title='bbox 2056 4233 2236 4308; x_wconf 80' lang='lat' dir='ltr'><strong>(Rom.</strong></span> <span class='ocrx_word' id='word_1_728' title='bbox 2264 4250 2380 4303; x_wconf 86' lang='lat' dir='ltr'><strong>vttt,</strong></span> <span class='ocrx_word' id='word_1_729' title='bbox 2408 4234 2445 4289; x_wconf 74' lang='grc'><strong>2</strong></span> <span class='ocrx_word' id='word_1_730' title='bbox 2464 4236 2504 4307; x_wconf 83' lang='lat' dir='ltr'><strong>t)</strong></span> <span class='ocrx_word' id='word_1_731' title='bbox 2530 4254 2543 4290; x_wconf 95' lang='lat'><strong>:</strong></span> <span class='ocrx_word' id='word_1_732' title='bbox 2573 4237 2628 4292; x_wconf 88' lang='lat' dir='ltr'><strong>in</strong></span> <span class='ocrx_word' id='word_1_733' title='bbox 2657 4254 2759 4310; x_wconf 82' lang='lat' dir='ltr'><strong>quo</strong></span> <span class='ocrx_word' id='word_1_734' title='bbox 2782 4248 2853 4295; x_wconf 89' lang='lat' dir='ltr'><strong>est</strong></span> <span class='ocrx_word' id='word_1_735' title='bbox 2879 4242 3047 4297; x_wconf 85' lang='lat' dir='ltr'><strong>omnis</strong></span> <span class='ocrx_word' id='word_1_736' title='bbox 3072 4241 3340 4313; x_wconf 86' lang='lat' dir='ltr'><strong>plenitudo</strong></span> <span class='ocrx_word' id='word_1_737' title='bbox 3367 4245 3653 4301; x_wconf 85' lang='lat' dir='ltr'><strong>divinitatis</strong></span> 
     </span>
    </p>
   </div>
   <div class='ocr_carea' id='block_1_89' title="bbox 2054 4329 3652 4407">
    <p class='ocr_par' dir='ltr' id='par_1_89' title="bbox 2054 4329 3652 4407">
     <span class='ocr_line' id='line_1_89' title="bbox 2054 4329 3652 4407; baseline 0.008 -25"><span class='ocrx_word' id='word_1_738' title='bbox 2054 4330 2398 4401; x_wconf 84' lang='lat' dir='ltr'><strong>corporaliter</strong></span> <span class='ocrx_word' id='word_1_739' title='bbox 2427 4329 2652 4402; x_wconf 87' lang='lat' dir='ltr'><strong>(Coloss.</strong></span> <span class='ocrx_word' id='word_1_740' title='bbox 2686 4348 2722 4388; x_wconf 87' lang='grc' dir='ltr'><strong>ιι</strong></span> <span class='ocrx_word' id='word_1_741' title='bbox 2750 4373 2765 4397; x_wconf 86' lang='grc'><strong><em>,</em></strong></span> <span class='ocrx_word' id='word_1_742' title='bbox 2796 4333 2873 4405; x_wconf 85' lang='grc'><strong>9).</strong></span> <span class='ocrx_word' id='word_1_743' title='bbox 2906 4333 3003 4391; x_wconf 83' lang='lat' dir='ltr'><strong>llic</strong></span> <span class='ocrx_word' id='word_1_744' title='bbox 3032 4350 3166 4407; x_wconf 80' lang='lat' dir='ltr'><strong>ergo</strong></span> <span class='ocrx_word' id='word_1_745' title='bbox 3197 4335 3462 4395; x_wconf 87' lang='lat' dir='ltr'><strong>Dominus</strong></span> <span class='ocrx_word' id='word_1_746' title='bbox 3492 4338 3652 4396; x_wconf 84' lang='lat' dir='ltr'><strong>Chri-</strong></span> 
     </span>
    </p>
   </div>
   <div class='ocr_carea' id='block_1_90' title="bbox 2053 4421 3656 4497">
    <p class='ocr_par' dir='ltr' id='par_1_90' title="bbox 2053 4421 3656 4497">
     <span class='ocr_line' id='line_1_90' title="bbox 2053 4421 3656 4497; baseline 0.008 -20"><span class='ocrx_word' id='word_1_747' title='bbox 2053 4430 2175 4478; x_wconf 87' lang='lat' dir='ltr'><strong>stus</strong></span> <span class='ocrx_word' id='word_1_748' title='bbox 2199 4462 2215 4489; x_wconf 92' lang='lat'><strong>,</strong></span> <span class='ocrx_word' id='word_1_749' title='bbox 2257 4421 2371 4488; x_wconf 88' lang='lat' dir='ltr'><strong>bie,</strong></span> <span class='ocrx_word' id='word_1_750' title='bbox 2417 4423 2660 4494; x_wconf 90' lang='lat' dir='ltr'><strong>inquam,</strong></span> <span class='ocrx_word' id='word_1_751' title='bbox 2698 4425 2868 4482; x_wconf 80' lang='lat' dir='ltr'><strong>Filius</strong></span> <span class='ocrx_word' id='word_1_752' title='bbox 2903 4426 3042 4497; x_wconf 89' lang='lat' dir='ltr'><strong>Dei,</strong></span> <span class='ocrx_word' id='word_1_753' title='bbox 3074 4429 3126 4484; x_wconf 91' lang='lat' dir='ltr'><strong>iu</strong></span> <span class='ocrx_word' id='word_1_754' title='bbox 3156 4429 3355 4488; x_wconf 89' lang='lat' dir='ltr'><strong>virtute</strong></span> <span class='ocrx_word' id='word_1_755' title='bbox 3382 4431 3564 4488; x_wconf 86' lang='lat' dir='ltr'><strong>Patris</strong></span> <span class='ocrx_word' id='word_1_756' title='bbox 3599 4443 3656 4490; x_wconf 89' lang='lat' dir='ltr'><strong>et</strong></span> 
     </span>
    </p>
   </div>
   <div class='ocr_carea' id='block_1_91' title="bbox 2054 4514 3653 4591">
    <p class='ocr_par' dir='ltr' id='par_1_91' title="bbox 2054 4514 3653 4591">
     <span class='ocr_line' id='line_1_91' title="bbox 2054 4514 3653 4591; baseline 0.009 -22"><span class='ocrx_word' id='word_1_757' title='bbox 2054 4514 2227 4585; x_wconf 79' lang='lat' dir='ltr'><strong>gloria</strong></span> <span class='ocrx_word' id='word_1_758' title='bbox 2271 4535 2282 4569; x_wconf 89' lang='lat'><strong>:</strong></span> <span class='ocrx_word' id='word_1_759' title='bbox 2317 4532 2438 4585; x_wconf 79' lang='lat' dir='ltr'><strong>qua:</strong></span> <span class='ocrx_word' id='word_1_760' title='bbox 2479 4517 2532 4573; x_wconf 91' lang='lat' dir='ltr'><strong>in</strong></span> <span class='ocrx_word' id='word_1_761' title='bbox 2578 4517 2848 4589; x_wconf 89' lang='lat' dir='ltr'><strong>principio</strong></span> <span class='ocrx_word' id='word_1_762' title='bbox 2884 4520 3169 4591; x_wconf 90' lang='lat' dir='ltr'><strong>condidit,</strong></span> <span class='ocrx_word' id='word_1_763' title='bbox 3217 4532 3275 4580; x_wconf 91' lang='lat' dir='ltr'><strong>et</strong></span> <span class='ocrx_word' id='word_1_764' title='bbox 3317 4524 3555 4582; x_wconf 86' lang='lat' dir='ltr'><strong>redemit</strong></span> <span class='ocrx_word' id='word_1_765' title='bbox 3597 4526 3653 4583; x_wconf 91' lang='lat' dir='ltr'><strong>in</strong></span> 
     </span>
    </p>
   </div>
   <div class='ocr_carea' id='block_1_92' title="bbox 349 4602 3167 4695">
    <p class='ocr_par' dir='ltr' id='par_1_92' title="bbox 349 4602 3167 4695">
     <span class='ocr_line' id='line_1_92' title="bbox 349 4602 3167 4695; baseline -0.003 -15"><span class='ocrx_word' id='word_1_766' title='bbox 349 4624 530 4681; x_wconf 86' lang='lat' dir='ltr'><strong>adhuc</strong></span> <span class='ocrx_word' id='word_1_767' title='bbox 581 4638 810 4695; x_wconf 89' lang='lat' dir='ltr'><strong>peccare</strong></span> <span class='ocrx_word' id='word_1_768' title='bbox 838 4638 944 4678; x_wconf 89' lang='lat' dir='ltr'><strong>non</strong></span> <span class='ocrx_word' id='word_1_769' title='bbox 990 4623 1177 4693; x_wconf 64' lang='lat' dir='ltr'><strong>coepit.</strong></span> <span class='ocrx_word' id='word_1_770' title='bbox 1222 4621 1482 4678; x_wconf 80' lang='lat' dir='ltr'><strong>llle‘ante</strong></span> <span class='ocrx_word' id='word_1_771' title='bbox 1526 4620 1806 4692; x_wconf 78' lang='lat' dir='ltr'><strong>peccavit:</strong></span> <span class='ocrx_word' id='word_1_772' title='bbox 1860 4602 2255 4677; x_wconf 70' lang='lat' dir='ltr'><strong>hicDmedi&quot;.</strong></span> <span class='ocrx_word' id='word_1_773' title='bbox 2287 4609 2527 4666; x_wconf 66' lang='lat' dir='ltr'><strong>etiamin</strong></span> <span class='ocrx_word' id='word_1_774' title='bbox 2557 4611 2855 4670; x_wconf 69' lang='lat' dir='ltr'><strong>IIOViSSimo</strong></span> <span class='ocrx_word' id='word_1_775' title='bbox 2879 4614 3167 4685; x_wconf 75' lang='lat' dir='ltr'><strong>iudicabit.</strong></span> 
     </span>
    </p>
   </div>
   <div class='ocr_carea' id='block_1_93' title="bbox 349 4714 1950 4789">
    <p class='ocr_par' dir='ltr' id='par_1_93' title="bbox 349 4714 1950 4789">
     <span class='ocr_line' id='line_1_93' title="bbox 349 4714 1950 4789; baseline -0.002 -14"><span class='ocrx_word' id='word_1_776' title='bbox 349 4725 561 4789; x_wconf 85' lang='lat' dir='ltr'><strong>postea.</strong></span> <span class='ocrx_word' id='word_1_777' title='bbox 587 4715 683 4773; x_wconf 91' lang='lat' dir='ltr'><strong>llle</strong></span> <span class='ocrx_word' id='word_1_778' title='bbox 708 4716 882 4773; x_wconf 89' lang='lat' dir='ltr'><strong>multo</strong></span> <span class='ocrx_word' id='word_1_779' title='bbox 905 4723 1129 4787; x_wconf 87' lang='lat' dir='ltr'><strong>peccato</strong></span> <span class='ocrx_word' id='word_1_780' title='bbox 1148 4716 1422 4773; x_wconf 84' lang='lat' dir='ltr'><strong>:edilicare</strong></span> <span class='ocrx_word' id='word_1_781' title='bbox 1446 4731 1551 4771; x_wconf 91' lang='lat' dir='ltr'><strong>non</strong></span> <span class='ocrx_word' id='word_1_782' title='bbox 1586 4716 1815 4773; x_wconf 89' lang='lat' dir='ltr'><strong>meruit:</strong></span> <span class='ocrx_word' id='word_1_783' title='bbox 1847 4714 1950 4771; x_wconf 88' lang='lat' dir='ltr'><strong>iste</strong></span> 
     </span>
    </p>
   </div>
   <div class='ocr_carea' id='block_1_94' title="bbox 349 4807 1953 4882">
    <p class='ocr_par' dir='ltr' id='par_1_94' title="bbox 349 4807 1953 4882">
     <span class='ocr_line' id='line_1_94' title="bbox 349 4807 1953 4882; baseline -0.002 -16"><span class='ocrx_word' id='word_1_784' title='bbox 349 4811 582 4867; x_wconf 89' lang='lat' dir='ltr'><strong>multum</strong></span> <span class='ocrx_word' id='word_1_785' title='bbox 607 4808 886 4882; x_wconf 87' lang='lat' dir='ltr'><strong>peccando</strong></span> <span class='ocrx_word' id='word_1_786' title='bbox 913 4808 1059 4880; x_wconf 92' lang='lat' dir='ltr'><strong>quod</strong></span> <span class='ocrx_word' id='word_1_787' title='bbox 1085 4807 1446 4865; x_wconf 83' lang='lat' dir='ltr'><strong>:edilicaverat</strong></span> <span class='ocrx_word' id='word_1_788' title='bbox 1470 4853 1485 4879; x_wconf 90' lang='lat'><strong>,</strong></span> <span class='ocrx_word' id='word_1_789' title='bbox 1534 4807 1847 4880; x_wconf 89' lang='lat' dir='ltr'><strong>dereliquit.</strong></span> <span class='ocrx_word' id='word_1_790' title='bbox 1883 4807 1953 4863; x_wconf 89' lang='lat' dir='ltr'><strong>Et</strong></span> 
     </span>
    </p>
   </div>
   <div class='ocr_carea' id='block_1_95' title="bbox 349 4899 1949 4974">
    <p class='ocr_par' dir='ltr' id='par_1_95' title="bbox 349 4899 1949 4974">
     <span class='ocr_line' id='line_1_95' title="bbox 349 4899 1949 4974; baseline -0.001 -15"><span class='ocrx_word' id='word_1_791' title='bbox 349 4902 496 4960; x_wconf 91' lang='lat' dir='ltr'><strong>inter</strong></span> <span class='ocrx_word' id='word_1_792' title='bbox 517 4902 635 4960; x_wconf 66' lang='lat' dir='ltr'><strong>hate</strong></span> <span class='ocrx_word' id='word_1_793' title='bbox 650 4901 969 4959; x_wconf 85' lang='lat' dir='ltr'><strong>mirabiliter</strong></span> <span class='ocrx_word' id='word_1_794' title='bbox 995 4901 1159 4974; x_wconf 77' lang='lat'><strong>613</strong></span> <span class='ocrx_word' id='word_1_795' title='bbox 1181 4900 1287 4958; x_wconf 89' lang='lat' dir='ltr'><strong>sibi</strong></span> <span class='ocrx_word' id='word_1_796' title='bbox 1318 4899 1591 4957; x_wconf 88' lang='lat' dir='ltr'><strong>ordinatio</strong></span> <span class='ocrx_word' id='word_1_797' title='bbox 1617 4910 1807 4958; x_wconf 89' lang='lat' dir='ltr'><strong>sancta</strong></span> <span class='ocrx_word' id='word_1_798' title='bbox 1832 4899 1949 4957; x_wconf 86' lang='lat' dir='ltr'><strong>dis-</strong></span> 
     </span>
    </p>
   </div>
   <div class='ocr_carea' id='block_1_96' title="bbox 350 4990 1947 5069">
    <p class='ocr_par' dir='ltr' id='par_1_96' title="bbox 350 4990 1947 5069">
     <span class='ocr_line' id='line_1_96' title="bbox 350 4990 1947 5069; baseline -0.003 -16"><span class='ocrx_word' id='word_1_799' title='bbox 350 4996 566 5069; x_wconf 85' lang='lat' dir='ltr'><strong>posuit:</strong></span> <span class='ocrx_word' id='word_1_800' title='bbox 595 5005 656 5052; x_wconf 92' lang='lat' dir='ltr'><strong>ut</strong></span> <span class='ocrx_word' id='word_1_801' title='bbox 678 4994 820 5052; x_wconf 88' lang='lat' dir='ltr'><strong>inter</strong></span> <span class='ocrx_word' id='word_1_802' title='bbox 836 4994 975 5052; x_wconf 90' lang='lat' dir='ltr'><strong>duas</strong></span> <span class='ocrx_word' id='word_1_803' title='bbox 998 4990 1211 5062; x_wconf 61' lang='lat' dir='ltr'><strong>aetates,</strong></span> <span class='ocrx_word' id='word_1_804' title='bbox 1242 4993 1385 5067; x_wconf 91' lang='lat' dir='ltr'><strong>quod</strong></span> <span class='ocrx_word' id='word_1_805' title='bbox 1415 5004 1734 5065; x_wconf 86' lang='lat' dir='ltr'><strong>perpetuum</strong></span> <span class='ocrx_word' id='word_1_806' title='bbox 1765 4993 1820 5050; x_wconf 91' lang='lat' dir='ltr'><strong>in</strong></span> <span class='ocrx_word' id='word_1_807' title='bbox 1845 4993 1947 5050; x_wconf 81' lang='lat' dir='ltr'><strong>bo-</strong></span> 
     </span>
    </p>
   </div>
   <div class='ocr_carea' id='block_1_97' title="bbox 349 5088 1945 5162">
    <p class='ocr_par' dir='ltr' id='par_1_97' title="bbox 349 5088 1945 5162">
     <span class='ocr_line' id='line_1_97' title="bbox 349 5088 1945 5162; baseline -0.001 -15"><span class='ocrx_word' id='word_1_808' title='bbox 349 5092 501 5149; x_wconf 89' lang='lat' dir='ltr'><strong>mine</strong></span> <span class='ocrx_word' id='word_1_809' title='bbox 528 5106 649 5148; x_wconf 88' lang='lat' dir='ltr'><strong>esse</strong></span> <span class='ocrx_word' id='word_1_810' title='bbox 670 5105 778 5148; x_wconf 88' lang='lat' dir='ltr'><strong>non</strong></span> <span class='ocrx_word' id='word_1_811' title='bbox 801 5097 1038 5162; x_wconf 86' lang='lat' dir='ltr'><strong>poterat,</strong></span> <span class='ocrx_word' id='word_1_812' title='bbox 1062 5104 1161 5162; x_wconf 88' lang='lat' dir='ltr'><strong>pro</strong></span> <span class='ocrx_word' id='word_1_813' title='bbox 1182 5099 1347 5162; x_wconf 90' lang='lat' dir='ltr'><strong>captu</strong></span> <span class='ocrx_word' id='word_1_814' title='bbox 1374 5090 1636 5161; x_wconf 86' lang='lat' dir='ltr'><strong>temporis</strong></span> <span class='ocrx_word' id='word_1_815' title='bbox 1658 5088 1945 5146; x_wconf 89' lang='lat' dir='ltr'><strong>inveniret.</strong></span> 
     </span>
    </p>
   </div>
   <div class='ocr_carea' id='block_1_98' title="bbox 351 5181 1952 5256">
    <p class='ocr_par' dir='ltr' id='par_1_98' title="bbox 351 5181 1952 5256">
     <span class='ocr_line' id='line_1_98' title="bbox 351 5181 1952 5256; baseline 0 -15"><span class='ocrx_word' id='word_1_816' title='bbox 351 5182 597 5256; x_wconf 81' lang='lat' dir='ltr'><strong>Uterque</strong></span> <span class='ocrx_word' id='word_1_817' title='bbox 624 5181 917 5255; x_wconf 89' lang='lat' dir='ltr'><strong>aliquando</strong></span> <span class='ocrx_word' id='word_1_818' title='bbox 938 5196 1047 5239; x_wconf 89' lang='lat' dir='ltr'><strong>non</strong></span> <span class='ocrx_word' id='word_1_819' title='bbox 1081 5182 1348 5255; x_wconf 86' lang='lat' dir='ltr'><strong>peccavit,</strong></span> <span class='ocrx_word' id='word_1_820' title='bbox 1370 5192 1549 5241; x_wconf 86' lang='lat' dir='ltr'><strong>tamen</strong></span> <span class='ocrx_word' id='word_1_821' title='bbox 1572 5191 1805 5255; x_wconf 92' lang='lat' dir='ltr'><strong>uterque</strong></span> <span class='ocrx_word' id='word_1_822' title='bbox 1830 5184 1952 5241; x_wconf 91' lang='lat' dir='ltr'><strong>sine</strong></span> 
     </span>
    </p>
   </div>
   <div class='ocr_carea' id='block_1_99' title="bbox 348 5275 1954 5348">
    <p class='ocr_par' dir='ltr' id='par_1_99' title="bbox 348 5275 1954 5348">
     <span class='ocr_line' id='line_1_99' title="bbox 348 5275 1954 5348; baseline -0.001 -15"><span class='ocrx_word' id='word_1_823' title='bbox 348 5286 576 5348; x_wconf 83' lang='lat' dir='ltr'><strong>peccato</strong></span> <span class='ocrx_word' id='word_1_824' title='bbox 605 5290 728 5333; x_wconf 85' lang='lat' dir='ltr'><strong>esse</strong></span> <span class='ocrx_word' id='word_1_825' title='bbox 759 5291 866 5332; x_wconf 85' lang='lat' dir='ltr'><strong>non</strong></span> <span class='ocrx_word' id='word_1_826' title='bbox 901 5275 1111 5347; x_wconf 88' lang='lat' dir='ltr'><strong>potuit:</strong></span> <span class='ocrx_word' id='word_1_827' title='bbox 1162 5275 1230 5331; x_wconf 90' lang='lat' dir='ltr'><strong>Ut</strong></span> <span class='ocrx_word' id='word_1_828' title='bbox 1274 5276 1340 5332; x_wconf 90' lang='lat' dir='ltr'><strong>sit</strong></span> <span class='ocrx_word' id='word_1_829' title='bbox 1369 5275 1511 5333; x_wconf 87' lang='lat' dir='ltr'><strong>Deus</strong></span> <span class='ocrx_word' id='word_1_830' title='bbox 1561 5292 1739 5344; x_wconf 70' lang='lat' dir='ltr'><strong>veram,</strong></span> <span class='ocrx_word' id='word_1_831' title='bbox 1784 5275 1954 5332; x_wconf 89' lang='lat' dir='ltr'><strong>omnis</strong></span> 
     </span>
    </p>
   </div>
   <div class='ocr_carea' id='block_1_100' title="bbox 347 5364 1949 5441">
    <p class='ocr_par' dir='ltr' id='par_1_100' title="bbox 347 5364 1949 5441">
     <span class='ocr_line' id='line_1_100' title="bbox 347 5364 1949 5441; baseline 0 -18"><span class='ocrx_word' id='word_1_832' title='bbox 347 5377 523 5424; x_wconf 87' lang='lat' dir='ltr'><strong>autent</strong></span> <span class='ocrx_word' id='word_1_833' title='bbox 565 5369 719 5424; x_wconf 90' lang='lat' dir='ltr'><strong>homo</strong></span> <span class='ocrx_word' id='word_1_834' title='bbox 760 5367 985 5423; x_wconf 72' lang='lat' dir='ltr'><strong>mendax</strong></span> <span class='ocrx_word' id='word_1_835' title='bbox 1013 5364 1208 5441; x_wconf 85' lang='lat' dir='ltr'><strong>(Rom.</strong></span> <span class='ocrx_word' id='word_1_836' title='bbox 1252 5382 1341 5436; x_wconf 89' lang='grc' dir='ltr'>ιιι,</span> <span class='ocrx_word' id='word_1_837' title='bbox 1369 5369 1435 5435; x_wconf 81' lang='grc'><strong>4;</strong></span> <span class='ocrx_word' id='word_1_838' title='bbox 1464 5366 1619 5426; x_wconf 89' lang='lat' dir='ltr'><strong>Psal.</strong></span> <span class='ocrx_word' id='word_1_839' title='bbox 1646 5383 1786 5435; x_wconf 82' lang='lat' dir='ltr'><strong>cxv,</strong></span> <span class='ocrx_word' id='word_1_840' title='bbox 1818 5367 1908 5439; x_wconf 81' lang='lat' dir='ltr'><strong>Il)</strong></span> <span class='ocrx_word' id='word_1_841' title='bbox 1932 5408 1949 5437; x_wconf 91' lang='lat'><strong>,</strong></span> 
     </span>
    </p>
   </div>
   <div class='ocr_carea' id='block_1_101' title="bbox 348 5459 1951 5533">
    <p class='ocr_par' dir='ltr' id='par_1_101' title="bbox 348 5459 1951 5533">
     <span class='ocr_line' id='line_1_101' title="bbox 348 5459 1951 5533; baseline -0.002 -14"><span class='ocrx_word' id='word_1_842' title='bbox 348 5462 496 5519; x_wconf 81' lang='lat' dir='ltr'><strong>sicut</strong></span> <span class='ocrx_word' id='word_1_843' title='bbox 518 5462 783 5533; x_wconf 88' lang='lat' dir='ltr'><strong>scriptum</strong></span> <span class='ocrx_word' id='word_1_844' title='bbox 801 5470 888 5519; x_wconf 87' lang='lat' dir='ltr'><strong>est</strong></span> <span class='ocrx_word' id='word_1_845' title='bbox 907 5479 920 5514; x_wconf 93' lang='lat'><strong>:</strong></span> <span class='ocrx_word' id='word_1_846' title='bbox 955 5459 1090 5516; x_wconf 89' lang='lat' dir='ltr'><strong>Vani</strong></span> <span class='ocrx_word' id='word_1_847' title='bbox 1110 5461 1213 5531; x_wconf 79' lang='lat' dir='ltr'><strong>lilii</strong></span> <span class='ocrx_word' id='word_1_848' title='bbox 1241 5462 1533 5529; x_wconf 87' lang='lat' dir='ltr'><strong>hominum,</strong></span> <span class='ocrx_word' id='word_1_849' title='bbox 1558 5463 1829 5519; x_wconf 88' lang='lat' dir='ltr'><strong>mendaces</strong></span> <span class='ocrx_word' id='word_1_850' title='bbox 1848 5461 1951 5533; x_wconf 80' lang='lat' dir='ltr'><strong>ﬁlii</strong></span> 
     </span>
    </p>
   </div>
   <div class='ocr_carea' id='block_1_102' title="bbox 348 5552 1493 5631">
    <p class='ocr_par' dir='ltr' id='par_1_102' title="bbox 348 5552 1493 5631">
     <span class='ocr_line' id='line_1_102' title="bbox 348 5552 1493 5631; baseline -0.003 -17"><span class='ocrx_word' id='word_1_851' title='bbox 348 5555 620 5614; x_wconf 79' lang='lat' dir='ltr'><strong>hominum</strong></span> <span class='ocrx_word' id='word_1_852' title='bbox 647 5555 702 5611; x_wconf 85' lang='lat' dir='ltr'><strong>in</strong></span> <span class='ocrx_word' id='word_1_853' title='bbox 731 5555 936 5611; x_wconf 86' lang='lat' dir='ltr'><strong>slateris</strong></span> <span class='ocrx_word' id='word_1_854' title='bbox 959 5552 1133 5627; x_wconf 85' lang='lat' dir='ltr'><strong>(Psal.</strong></span> <span class='ocrx_word' id='word_1_855' title='bbox 1159 5571 1348 5626; x_wconf 78' lang='lat' dir='ltr'><strong>vam,</strong></span> <span class='ocrx_word' id='word_1_856' title='bbox 1376 5554 1493 5631; x_wconf 66' lang='lat'><strong>10).</strong></span> 
     </span>
    </p>
   </div>
   <div class='ocr_carea' id='block_1_103' title="bbox 421 5648 1947 5734">
    <p class='ocr_par' dir='ltr' id='par_1_103' title="bbox 421 5648 1947 5734">
     <span class='ocr_line' id='line_1_103' title="bbox 421 5648 1947 5734; baseline 0 -27"><span class='ocrx_word' id='word_1_857' title='bbox 421 5649 836 5734; x_wconf 55' lang='lat' dir='ltr'><strong>Sil-labentes</strong></span> <span class='ocrx_word' id='word_1_858' title='bbox 867 5650 1055 5722; x_wconf 87' lang='lat' dir='ltr'><strong>utique</strong></span> <span class='ocrx_word' id='word_1_859' title='bbox 1084 5648 1314 5722; x_wconf 81' lang='lat' dir='ltr'><strong>gratiam</strong></span> <span class='ocrx_word' id='word_1_860' title='bbox 1344 5660 1402 5709; x_wconf 89' lang='lat' dir='ltr'><strong>et</strong></span> <span class='ocrx_word' id='word_1_861' title='bbox 1436 5648 1776 5721; x_wconf 90' lang='lat' dir='ltr'><strong>adjutorium</strong></span> <span class='ocrx_word' id='word_1_862' title='bbox 1810 5649 1902 5708; x_wconf 89' lang='lat' dir='ltr'><strong>Dei</strong></span> <span class='ocrx_word' id='word_1_863' title='bbox 1930 5691 1947 5720; x_wconf 89' lang='lat'><strong>,</strong></span> 
     </span>
    </p>
   </div>
   <div class='ocr_carea' id='block_1_104' title="bbox 426 5810 1661 5886">
    <p class='ocr_par' dir='ltr' id='par_1_104' title="bbox 426 5810 1661 5886">
     <span class='ocr_line' id='line_1_104' title="bbox 426 5810 1661 5886; baseline -0.002 -14"><span class='ocrx_word' id='word_1_864' title='bbox 426 5820 455 5854; x_wconf 74' lang='grc' dir='ltr'><strong>ι</strong></span> <span class='ocrx_word' id='word_1_865' title='bbox 494 5811 774 5886; x_wconf 72' lang='lat' dir='ltr'><strong>Pelagium</strong></span> <span class='ocrx_word' id='word_1_866' title='bbox 803 5811 937 5870; x_wconf 88' lang='lat' dir='ltr'><strong>dicit</strong></span> <span class='ocrx_word' id='word_1_867' title='bbox 956 5820 1014 5872; x_wconf 91' lang='lat' dir='ltr'><strong>et</strong></span> <span class='ocrx_word' id='word_1_868' title='bbox 1037 5810 1383 5871; x_wconf 77' lang='lat' dir='ltr'><strong>Ctelestium.</strong></span> <span class='ocrx_word' id='word_1_869' title='bbox 1421 5812 1661 5873; x_wconf 79' lang='lat' dir='ltr'><strong>Senorr.</strong></span> 
     </span>
    </p>
   </div>
   <div class='ocr_carea' id='block_1_105' title="bbox 638 5904 1209 5973">
    <p class='ocr_par' dir='ltr' id='par_1_105' title="bbox 638 5904 1209 5973">
     <span class='ocr_line' id='line_1_105' title="bbox 638 5904 1209 5973; baseline -0.014 0"><span class='ocrx_word' id='word_1_870' title='bbox 638 5906 913 5973; x_wconf 76' lang='grc' dir='ltr'><strong>Ρηιιοι..</strong></span> <span class='ocrx_word' id='word_1_871' title='bbox 962 5904 1209 5969; x_wconf 87' lang='lat' dir='ltr'><strong>XXXI.</strong></span> 
     </span>
    </p>
   </div>
   <div class='ocr_carea' id='block_1_106' title="bbox 2124 4700 3652 4787">
    <p class='ocr_par' dir='ltr' id='par_1_106' title="bbox 2124 4700 3652 4787">
     <span class='ocr_line' id='line_1_106' title="bbox 2124 4700 3652 4787; baseline 0.005 -31"><span class='ocrx_word' id='word_1_872' title='bbox 2124 4702 2215 4759; x_wconf 74' lang='lat'><strong>26.</strong></span> <span class='ocrx_word' id='word_1_873' title='bbox 2257 4700 2444 4773; x_wconf 83' lang='lat' dir='ltr'><strong>Itaque</strong></span> <span class='ocrx_word' id='word_1_874' title='bbox 2486 4714 2609 4772; x_wconf 89' lang='lat' dir='ltr'><strong>post</strong></span> <span class='ocrx_word' id='word_1_875' title='bbox 2645 4705 3020 4764; x_wconf 88' lang='lat' dir='ltr'><strong>conditionem</strong></span> <span class='ocrx_word' id='word_1_876' title='bbox 3048 4709 3322 4769; x_wconf 70' lang='lat' dir='ltr'><strong>universa:</strong></span> <span class='ocrx_word' id='word_1_877' title='bbox 3346 4756 3360 4781; x_wconf 93' lang='lat'><strong>,</strong></span> <span class='ocrx_word' id='word_1_878' title='bbox 3411 4732 3532 4787; x_wconf 65' lang='lat' dir='ltr'><strong>qua:</strong></span> <span class='ocrx_word' id='word_1_879' title='bbox 3561 4734 3652 4775; x_wconf 79' lang='lat' dir='ltr'><strong>sc.</strong></span> 
     </span>
    </p>
   </div>
   <div class='ocr_carea' id='block_1_107' title="bbox 2052 4794 3649 4883">
    <p class='ocr_par' dir='ltr' id='par_1_107' title="bbox 2052 4794 3649 4883">
     <span class='ocr_line' id='line_1_107' title="bbox 2052 4794 3649 4883; baseline 0.012 -33"><span class='ocrx_word' id='word_1_880' title='bbox 2052 4794 2292 4851; x_wconf 89' lang='lat' dir='ltr'><strong>cundum</strong></span> <span class='ocrx_word' id='word_1_881' title='bbox 2321 4796 2661 4865; x_wconf 85' lang='lat' dir='ltr'><strong>voluntatem</strong></span> <span class='ocrx_word' id='word_1_882' title='bbox 2686 4798 2806 4870; x_wconf 86' lang='lat' dir='ltr'><strong>ejus</strong></span> <span class='ocrx_word' id='word_1_883' title='bbox 2832 4801 3039 4858; x_wconf 85' lang='lat' dir='ltr'><strong>exstitit</strong></span> <span class='ocrx_word' id='word_1_884' title='bbox 3067 4805 3385 4875; x_wconf 88' lang='lat' dir='ltr'><strong>ereationis,</strong></span> <span class='ocrx_word' id='word_1_885' title='bbox 3419 4824 3649 4883; x_wconf 88' lang='lat' dir='ltr'><strong>compo-</strong></span> 
     </span>
    </p>
   </div>
   <div class='ocr_carea' id='block_1_108' title="bbox 2050 4889 3653 4971">
    <p class='ocr_par' dir='ltr' id='par_1_108' title="bbox 2050 4889 3653 4971">
     <span class='ocr_line' id='line_1_108' title="bbox 2050 4889 3653 4971; baseline 0.012 -27"><span class='ocrx_word' id='word_1_886' title='bbox 2050 4889 2269 4946; x_wconf 90' lang='lat' dir='ltr'><strong>sitionis</strong></span> <span class='ocrx_word' id='word_1_887' title='bbox 2299 4891 2523 4969; x_wconf 81' lang='lat' dir='ltr'><strong>modum</strong></span> <span class='ocrx_word' id='word_1_888' title='bbox 2557 4892 2726 4950; x_wconf 88' lang='lat' dir='ltr'><strong>rebus</strong></span> <span class='ocrx_word' id='word_1_889' title='bbox 2754 4893 3052 4967; x_wconf 89' lang='lat' dir='ltr'><strong>imposuit,</strong></span> <span class='ocrx_word' id='word_1_890' title='bbox 3096 4906 3160 4953; x_wconf 91' lang='lat' dir='ltr'><strong>ut</strong></span> <span class='ocrx_word' id='word_1_891' title='bbox 3204 4901 3347 4971; x_wconf 91' lang='lat' dir='ltr'><strong>quod</strong></span> <span class='ocrx_word' id='word_1_892' title='bbox 3383 4905 3653 4965; x_wconf 89' lang='lat' dir='ltr'><strong>rationale</strong></span> 
     </span>
    </p>
   </div>
   <div class='ocr_carea' id='block_1_109' title="bbox 2053 4982 3653 5066">
    <p class='ocr_par' dir='ltr' id='par_1_109' title="bbox 2053 4982 3653 5066">
     <span class='ocr_line' id='line_1_109' title="bbox 2053 4982 3653 5066; baseline 0.012 -29"><span class='ocrx_word' id='word_1_893' title='bbox 2053 4982 2253 5039; x_wconf 88' lang='lat' dir='ltr'><strong>factum</strong></span> <span class='ocrx_word' id='word_1_894' title='bbox 2298 4982 2477 5041; x_wconf 85' lang='lat' dir='ltr'><strong>fuerat</strong></span> <span class='ocrx_word' id='word_1_895' title='bbox 2500 5026 2515 5052; x_wconf 93' lang='lat'><strong>,</strong></span> <span class='ocrx_word' id='word_1_896' title='bbox 2565 4986 2777 5043; x_wconf 90' lang='lat' dir='ltr'><strong>ratione</strong></span> <span class='ocrx_word' id='word_1_897' title='bbox 2810 4989 3139 5047; x_wconf 86' lang='lat' dir='ltr'><strong>subsisteret</strong></span> <span class='ocrx_word' id='word_1_898' title='bbox 3170 5018 3181 5046; x_wconf 73' lang='lat'>;</span> <span class='ocrx_word' id='word_1_899' title='bbox 3216 5003 3270 5050; x_wconf 90' lang='lat' dir='ltr'><strong>et</strong></span> <span class='ocrx_word' id='word_1_900' title='bbox 3299 4996 3441 5066; x_wconf 90' lang='lat' dir='ltr'><strong>quod</strong></span> <span class='ocrx_word' id='word_1_901' title='bbox 3472 4997 3653 5056; x_wconf 90' lang='lat' dir='ltr'><strong>libero</strong></span> 
     </span>
    </p>
   </div>
   <div class='ocr_carea' id='block_1_110' title="bbox 2051 5077 3652 5158">
    <p class='ocr_par' dir='ltr' id='par_1_110' title="bbox 2051 5077 3652 5158">
     <span class='ocr_line' id='line_1_110' title="bbox 2051 5077 3652 5158; baseline 0.012 -25"><span class='ocrx_word' id='word_1_902' title='bbox 2051 5077 2285 5133; x_wconf 90' lang='lat' dir='ltr'><strong>donarat</strong></span> <span class='ocrx_word' id='word_1_903' title='bbox 2314 5079 2573 5149; x_wconf 88' lang='lat' dir='ltr'><strong>arbitrio,</strong></span> <span class='ocrx_word' id='word_1_904' title='bbox 2612 5096 2680 5138; x_wconf 93' lang='lat' dir='ltr'><strong>ne</strong></span> <span class='ocrx_word' id='word_1_905' title='bbox 2710 5082 2764 5138; x_wconf 93' lang='lat' dir='ltr'><strong>in</strong></span> <span class='ocrx_word' id='word_1_906' title='bbox 2792 5082 3067 5141; x_wconf 82' lang='lat' dir='ltr'><strong>licentiam</strong></span> <span class='ocrx_word' id='word_1_907' title='bbox 3097 5087 3424 5158; x_wconf 89' lang='lat' dir='ltr'><strong>perditionis</strong></span> <span class='ocrx_word' id='word_1_908' title='bbox 3450 5109 3652 5151; x_wconf 82' lang='lat' dir='ltr'><strong>excur-</strong></span> 
     </span>
    </p>
   </div>
   <div class='ocr_carea' id='block_1_111' title="bbox 2053 5173 3652 5246">
    <p class='ocr_par' dir='ltr' id='par_1_111' title="bbox 2053 5173 3652 5246">
     <span class='ocr_line' id='line_1_111' title="bbox 2053 5173 3652 5246; baseline 0.011 -17"><span class='ocrx_word' id='word_1_909' title='bbox 2053 5180 2237 5241; x_wconf 87' lang='lat' dir='ltr'><strong>reret,</strong></span> <span class='ocrx_word' id='word_1_910' title='bbox 2287 5173 2546 5244; x_wconf 64' lang='lat' dir='ltr'><strong>praecepti</strong></span> <span class='ocrx_word' id='word_1_911' title='bbox 2597 5173 2716 5244; x_wconf 81' lang='lat' dir='ltr'><strong>lege</strong></span> <span class='ocrx_word' id='word_1_912' title='bbox 2763 5177 3050 5234; x_wconf 83' lang='lat' dir='ltr'><strong>restrinxit</strong></span> <span class='ocrx_word' id='word_1_913' title='bbox 3093 5197 3105 5233; x_wconf 93' lang='lat'><strong>:</strong></span> <span class='ocrx_word' id='word_1_914' title='bbox 3149 5189 3208 5236; x_wconf 93' lang='lat' dir='ltr'><strong>ut</strong></span> <span class='ocrx_word' id='word_1_915' title='bbox 3244 5196 3366 5238; x_wconf 91' lang='lat' dir='ltr'><strong>cum</strong></span> <span class='ocrx_word' id='word_1_916' title='bbox 3397 5194 3652 5246; x_wconf 87' lang='lat' dir='ltr'><strong>creatura</strong></span> 
     </span>
    </p>
   </div>
   <div class='ocr_carea' id='block_1_112' title="bbox 2052 5266 3656 5353">
    <p class='ocr_par' dir='ltr' id='par_1_112' title="bbox 2052 5266 3656 5353">
     <span class='ocr_line' id='line_1_112' title="bbox 2052 5266 3656 5353; baseline 0.011 -33"><span class='ocrx_word' id='word_1_917' title='bbox 2052 5275 2357 5322; x_wconf 77' lang='lat' dir='ltr'><strong>creatorem</strong></span> <span class='ocrx_word' id='word_1_918' title='bbox 2385 5274 2443 5323; x_wconf 91' lang='lat' dir='ltr'><strong>et</strong></span> <span class='ocrx_word' id='word_1_919' title='bbox 2466 5266 2671 5324; x_wconf 89' lang='lat' dir='ltr'><strong>domini</strong></span> <span class='ocrx_word' id='word_1_920' title='bbox 2701 5268 2905 5327; x_wconf 89' lang='lat' dir='ltr'><strong>donum</strong></span> <span class='ocrx_word' id='word_1_921' title='bbox 2938 5283 3279 5344; x_wconf 78' lang='lat' dir='ltr'><strong>agnosceret,</strong></span> <span class='ocrx_word' id='word_1_922' title='bbox 3312 5287 3365 5333; x_wconf 92' lang='lat' dir='ltr'><strong>et</strong></span> <span class='ocrx_word' id='word_1_923' title='bbox 3389 5283 3656 5353; x_wconf 60' lang='lat' dir='ltr'><strong>praecepti</strong></span> 
     </span>
    </p>
   </div>
   <div class='ocr_carea' id='block_1_113' title="bbox 2054 5360 3652 5446">
    <p class='ocr_par' dir='ltr' id='par_1_113' title="bbox 2054 5360 3652 5446">
     <span class='ocr_line' id='line_1_113' title="bbox 2054 5360 3652 5446; baseline 0.009 -30"><span class='ocrx_word' id='word_1_924' title='bbox 2054 5360 2405 5419; x_wconf 88' lang='lat' dir='ltr'><strong>stabilitatem</strong></span> <span class='ocrx_word' id='word_1_925' title='bbox 2438 5382 2450 5417; x_wconf 93' lang='lat'><strong>:</strong></span> <span class='ocrx_word' id='word_1_926' title='bbox 2486 5363 2540 5420; x_wconf 93' lang='lat' dir='ltr'><strong>in</strong></span> <span class='ocrx_word' id='word_1_927' title='bbox 2568 5364 2907 5435; x_wconf 74' lang='lat' dir='ltr'><strong>subiectione</strong></span> <span class='ocrx_word' id='word_1_928' title='bbox 2935 5367 3123 5439; x_wconf 89' lang='lat' dir='ltr'><strong>lapsus</strong></span> <span class='ocrx_word' id='word_1_929' title='bbox 3162 5369 3470 5428; x_wconf 88' lang='lat' dir='ltr'><strong>libertatem</strong></span> <span class='ocrx_word' id='word_1_930' title='bbox 3519 5390 3652 5446; x_wconf 89' lang='lat' dir='ltr'><strong>pro-</strong></span> 
     </span>
    </p>
   </div>
   <div class='ocr_carea' id='block_1_114' title="bbox 2054 5455 3654 5534">
    <p class='ocr_par' dir='ltr' id='par_1_114' title="bbox 2054 5455 3654 5534">
     <span class='ocr_line' id='line_1_114' title="bbox 2054 5455 3654 5534; baseline 0.007 -21"><span class='ocrx_word' id='word_1_931' title='bbox 2054 5455 2315 5528; x_wconf 72' lang='lat' dir='ltr'><strong>Spieiens,</strong></span> <span class='ocrx_word' id='word_1_932' title='bbox 2348 5456 2416 5513; x_wconf 91' lang='lat' dir='ltr'><strong>ad</strong></span> <span class='ocrx_word' id='word_1_933' title='bbox 2444 5456 2549 5513; x_wconf 83' lang='lat' dir='ltr'><strong>hoc</strong></span> <span class='ocrx_word' id='word_1_934' title='bbox 2584 5469 2790 5515; x_wconf 85' lang='lat' dir='ltr'><strong>tantum</strong></span> <span class='ocrx_word' id='word_1_935' title='bbox 2823 5459 2936 5531; x_wconf 87' lang='lat' dir='ltr'><strong>ipsa</strong></span> <span class='ocrx_word' id='word_1_936' title='bbox 2969 5460 3226 5517; x_wconf 88' lang='lat' dir='ltr'><strong>libertate</strong></span> <span class='ocrx_word' id='word_1_937' title='bbox 3256 5463 3332 5519; x_wconf 91' lang='lat' dir='ltr'><strong>uti</strong></span> <span class='ocrx_word' id='word_1_938' title='bbox 3367 5465 3561 5534; x_wconf 84' lang='lat' dir='ltr'><strong>vellet,</strong></span> <span class='ocrx_word' id='word_1_939' title='bbox 3593 5477 3654 5524; x_wconf 89' lang='lat' dir='ltr'><strong>ut</strong></span> 
     </span>
    </p>
   </div>
   <div class='ocr_carea' id='block_1_115' title="bbox 2056 5552 3655 5633">
    <p class='ocr_par' dir='ltr' id='par_1_115' title="bbox 2056 5552 3655 5633">
     <span class='ocr_line' id='line_1_115' title="bbox 2056 5552 3655 5633; baseline 0.007 -26"><span class='ocrx_word' id='word_1_940' title='bbox 2056 5565 2155 5622; x_wconf 90' lang='lat' dir='ltr'><strong>per</strong></span> <span class='ocrx_word' id='word_1_941' title='bbox 2191 5566 2311 5607; x_wconf 91' lang='lat' dir='ltr'><strong>eam</strong></span> <span class='ocrx_word' id='word_1_942' title='bbox 2350 5552 2637 5609; x_wconf 86' lang='lat' dir='ltr'><strong>servitium</strong></span> <span class='ocrx_word' id='word_1_943' title='bbox 2685 5570 2794 5626; x_wconf 93' lang='lat' dir='ltr'><strong>quo</strong></span> <span class='ocrx_word' id='word_1_944' title='bbox 2841 5564 3124 5627; x_wconf 81' lang='lat' dir='ltr'><strong>regeretur</strong></span> <span class='ocrx_word' id='word_1_945' title='bbox 3167 5556 3437 5630; x_wconf 80' lang='lat' dir='ltr'><strong>eligeret,</strong></span> <span class='ocrx_word' id='word_1_946' title='bbox 3486 5559 3655 5633; x_wconf 80' lang='lat' dir='ltr'><strong>digno</strong></span> 
     </span>
    </p>
   </div>
   <div class='ocr_carea' id='block_1_116' title="bbox 2058 5645 3654 5720">
    <p class='ocr_par' dir='ltr' id='par_1_116' title="bbox 2058 5645 3654 5720">
     <span class='ocr_line' id='line_1_116' title="bbox 2058 5645 3654 5720; baseline 0.008 -17"><span class='ocrx_word' id='word_1_947' title='bbox 2058 5646 2278 5705; x_wconf 86' lang='lat' dir='ltr'><strong>habitus</strong></span> <span class='ocrx_word' id='word_1_948' title='bbox 2302 5645 2514 5720; x_wconf 87' lang='lat' dir='ltr'><strong>judicio</strong></span> <span class='ocrx_word' id='word_1_949' title='bbox 2539 5689 2555 5719; x_wconf 93' lang='lat'><strong>,</strong></span> <span class='ocrx_word' id='word_1_950' title='bbox 2601 5656 2654 5707; x_wconf 90' lang='lat' dir='ltr'><strong>ut</strong></span> <span class='ocrx_word' id='word_1_951' title='bbox 2686 5663 2755 5707; x_wconf 83' lang='lat' dir='ltr'><strong>ex</strong></span> <span class='ocrx_word' id='word_1_952' title='bbox 2803 5648 3058 5720; x_wconf 89' lang='lat' dir='ltr'><strong>prudenti</strong></span> <span class='ocrx_word' id='word_1_953' title='bbox 3088 5654 3351 5712; x_wconf 82' lang='lat' dir='ltr'><strong>servitute</strong></span> <span class='ocrx_word' id='word_1_954' title='bbox 3378 5653 3654 5715; x_wconf 79' lang='lat' dir='ltr'><strong>defensio-</strong></span> 
     </span>
    </p>
   </div>
   <div class='ocr_carea' id='block_1_117' title="bbox 3055 5907 3135 5972">
    <p class='ocr_par' dir='ltr' id='par_1_117' title="bbox 3055 5907 3135 5972">
     <span class='ocr_line' id='line_1_117' title="bbox 3055 5907 3135 5972; baseline 0 0"><span class='ocrx_word' id='word_1_955' title='bbox 3055 5907 3135 5972; x_wconf 87' lang='lat'><strong>38</strong></span> 
     </span>
    </p>
   </div>
  </div>
