4076 6352
474 296 614 354 1195

1894 295 2100 354 PAULI
2137 296 2366 356 OROSII

3636 273 3777 354 itas

467 426 616 475 netu,
650 408 723 465 ita
750 423 819 466 ex
846 407 1015 466 libera
1039 409 1319 465 voluntate
1350 408 1679 475 mercedem,
1710 409 2068 464 cottlirmante
2093 415 2148 476 Α
2172 419 2219 464 et
2248 409 2406 463 Pater
2437 408 2652 464 Domini
2682 411 2848 467 nostri
2877 410 3009 465 Iesu
3040 410 3269 477 Christi,
3301 425 3395 483 per
3414 425 3566 476 quem
3608 414 3779 464 rot'uti

470 502 757 573 Apostolo,
785 503 877 573 qui
903 502 981 557 ait
1009 521 1021 555 :
1055 502 1118 558 Si
1149 503 1287 557 enim
1322 502 1495 557 volens
1524 502 1621 558 hoc
1641 517 1761 572 ago,
1788 500 2075 557 mercedem

473 595 636 653 habeo
665 596 713 671 (1
744 595 868 654 Cor.
903 612 958 652 ιχ
990 636 1004 662 ,
1040 595 1165 668 17).
1193 596 1313 652 Duo
1342 593 1628 651 luminaria
1663 610 1856 666 magna
1901 596 2076 650 omni-

469 700 666 761 potcns
699 691 840 747 Deus
869 690 1008 747 dixit
1033 701 1087 745 et
1114 689 1255 746 facta
1299 699 1470 757 sunt,
1514 690 1878 761 praecepitque
1909 700 1968 744 ut
1994 689 2075 744 di-

478 787 665 844 vidant
692 786 836 844 diem
865 802 929 843 ac
955 796 1166 845 noctem
1203 793 1261 841 et
1289 785 1396 841 sint
1425 785 1481 841 in
1510 785 1685 855 signa,
1725 795 1778 840 et
1805 793 2073 854 tempora,

473 864 531 935 et
556 878 676 935 dies
702 923 715 947 ,
753 886 810 935 et
849 892 1023 934 annos
1055 875 1213 946 (Gen.
1242 894 1282 942 ι,
1314 875 1427 949 tl).
1462 876 1730 947 Numquid
1763 876 1881 932 hanc
1906 875 2075 931 semel

472 972 694 1031 decreta
718 972 1016 1036 distinctio,
1036 988 1143 1028 non
1169 986 1340 1044 usque
1362 972 1415 1027 in
1438 981 1770 1042 prasentem
1796 980 2078 1041 permanet

474 1067 656 1124 diem?
681 1065 753 1123 Et
780 1074 958 1122 tamen
1004 1065 1124 1123 haec
1162 1066 1277 1135 ipsa
1304 1106 1321 1134 ,
1367 1081 1487 1136 quae
1526 1065 1607 1120 sic
1631 1063 1890 1120 ordinato
1924 1070 2075 1119 motu

468 1162 740 1225 feruntur,
769 1152 1006 1216 creatori
1038 1169 1252 1217 mutare
1273 1175 1398 1216 cum
1425 1160 1578 1223 velit,
1612 1158 1853 1229 potentia
1876 1159 2072 1226 inerat,

471 1253 521 1309 si
548 1253 690 1308 ratio
722 1266 827 1308 non
861 1262 1068 1308 teneret
1102 1271 1114 1305 :
1148 1254 1406 1319 quoniam
1441 1252 1493 1306 in
1537 1252 1792 1307 omnibus
1820 1251 2076 1323 potentia:

471 1344 572 1402 Dei
604 1345 743 1402 ratio
772 1343 1063 1415 conjuncta
1090 1352 1195 1401 est.
1248 1344 1305 1399 Si
1342 1344 1490 1399 cnim
1523 1354 1669 1399 esset
1697 1343 1839 1415 apud
1866 1354 2075 1401 creato-

470 1453 589 1496 rem
621 1440 854 1495 mutatio
878 1454 1128 1508 operum,
1160 1438 1400 1511 qualiter
1430 1456 1461 1493 a
1489 1447 1742 1495 creatura
1770 1440 2075 1510 exspectari

470 1540 660 1603 posset
690 1531 1006 1589 observatio
1044 1530 1463 1589 mandatorum?
1488 1532 1710 1589 iussum
1741 1547 1770 1587 a
1803 1531 1919 1589 Deo
1947 1542 2027 1589 est
2056 1575 2071 1601 ,

470 1634 534 1680 ut
550 1626 820 1695 germinet
845 1634 987 1681 terra
1011 1624 1234 1682 herbam
1260 1622 1424 1697 (Ibid.
1454 1624 1548 1696 11)
1575 1668 1590 1692 ,
1624 1624 1809 1681 fenum
1837 1626 2075 1697 lignum-

470 1733 582 1791 que
631 1718 1020 1788 fructiferum,
1071 1721 1177 1775 hoc
1212 1719 1380 1775 etiam
1426 1735 1571 1776 nunc
1617 1723 1812 1777 annuis
1863 1719 2076 1777 vicibus

2179 505 2300 558 estis
2329 503 2383 557 in
2411 502 2774 558 hcereditatem
2803 503 3280 573 inrorruptibitem,
3314 512 3361 558 et
3390 503 3777 557 incontamina-

2178 596 2368 663 bilem,
2397 607 2756 652 conservatam
2780 597 2835 651 in
2874 597 3048 665 costis,
3098 613 3187 651 vos
3207 640 3222 666 ,
3255 598 3345 666 qui
3384 597 3438 650 in
3468 598 3657 650 virtute
3687 594 3781 649 Dei

2182 689 2520 745 cnstodimini
2550 707 2643 763 per
2670 691 2827 760 ﬁdem
2856 692 2913 744 in
2932 675 3162 746 salutem
3190 698 3431 761 paratam
3461 687 3688 745 revelari
3723 691 3776 742 in

2179 793 2413 853 tetttpore
2456 784 2737 837 novissimo
2782 783 2838 853 (1
2866 781 2985 837 Pet.
3020 797 3069 844 ι,
3105 784 3267 853 5-5).
3301 782 3508 838 Deinde
3544 780 3777 849 Paulus,

2180 888 2274 928 vas
2302 875 2613 938 eiet-timus,
2664 874 2879 946 profert
2919 876 3208 931 thesauros
3255 876 3551 942 salutares,
3587 882 3643 930 et
3667 875 3778 928 ait:

2179 966 2486 1048 Benedictus
2509 968 2652 1025 Deus
2679 980 2727 1023 et
2751 968 2913 1025 Pater
2938 968 3146 1024 Domini
3191 970 3356 1025 nostri
3381 968 3513 1024 Iesu
3543 968 3743 1023 Christi
3764 1010 3779 1033 ,

2170 1060 2268 1132 qui
2293 1061 2557 1117 benedixit
2586 1078 2681 1117 nos
2701 1063 2755 1116 in
2778 1062 2921 1116 ontni
2939 1062 3297 1118 benedictione
3314 1062 3581 1135 spirituali
3604 1062 3659 1116 in
3678 1076 3783 1116 ccc-

2177 1155 2394 1212 lestibtts
2419 1159 2473 1212 in
2496 1158 2703 1213 Christo
2721 1199 2734 1223 ,
2760 1159 2897 1214 sicut
2923 1157 3082 1231 elegit
3107 1175 3200 1212 nos
3232 1161 3284 1212 in
3306 1159 3422 1229 ipso
3451 1167 3576 1212 ante
3602 1158 3786 1210 mundi

2180 1251 2635 1317 constitutionem,
2680 1260 2735 1305 ut
2789 1267 3020 1306 essemus
3061 1254 3228 1305 sancti
3274 1260 3321 1304 et
3360 1248 3693 1304 inmaculati
3729 1249 3785 1302 in

2180 1356 2458 1414 conspectu
2483 1346 2596 1414 ejus
2621 1347 2676 1400 in
2698 1346 2979 1412 charitate,
3006 1354 3031 1382 ει
3057 1362 3159 1414 qna
3190 1343 3585 1416 prcedestinavit
3608 1358 3705 1397 nos
3733 1342 3789 1395 in

2180 1438 2515 1509 adoptionem
2546 1437 2778 1508 ﬁliorum
2824 1453 2918 1508 per
2957 1440 3141 1491 'Jesum
3169 1436 3434 1491 Christum
3476 1437 3530 1489 in
3574 1435 3783 1505 ipsum,

2179 1532 2467 1586 secundum
2496 1533 2816 1604 propositum
2842 1531 3128 1586 voluntatis
3150 1544 3263 1584 suis
3289 1529 3344 1583 in
3371 1527 3581 1581 laudem
3608 1526 3791 1597 gloria:

2179 1639 2292 1681 sua:
2314 1666 2330 1694 ,
2358 1626 2415 1681 in
2447 1642 2557 1697 qua
2585 1626 2902 1698 gratiﬁcavit
2943 1640 3038 1678 nos
3070 1624 3126 1677 in
3173 1622 3366 1678 dilecto
3385 1618 3443 1673 ~F
3446 1621 3542 1674 ilio
3565 1635 3660 1674 suo
3684 1662 3699 1687 ,
3732 1618 3790 1670 in

2174 1736 2280 1792 quo
2308 1720 2561 1776 habemus
2587 1719 3001 1792 redemmionem
3049 1733 3143 1783 per
3172 1715 3479 1787 sanguinem
3524 1715 3640 1785 ejus
3663 1757 3679 1781 ,
3708 1727 3795 1766 re-

470 1811 792 1870 incessabili
839 1812 1200 1884 parturitione
1251 1812 1506 1869 custodit.
1560 1811 1630 1867 Et
1678 1821 1860 1869 tamen
1903 1813 2075 1869 iratus
2104 1814 2153 1875 B
2178 1813 2477 1871 missionem
2492 1813 2659 1885 316
2684 1821 3037 1883 peccatorum,
3060 1809 3354 1866 secundum
3376 1807 3586 1862 divitias
3607 1808 3794 1877 gratia:

398 1908 401 1913 ’
470 1905 776 1977 saepissime
832 1905 981 1963 Deus
1016 1914 1192 1973 terra:
1223 1950 1237 1975 ,
1314 1907 1543 1974 fructus,
1575 1914 1766 1977 negata
1820 1903 2073 1962 imbrium

474 2003 760 2071 ubertate,
788 2000 1064 2068 diminuit,
1094 2009 1150 2058 et
1175 2002 1317 2070 quod
1346 2000 1562 2056 auferre
1589 2001 1642 2056 in
1676 2007 1849 2057 totum
1877 2000 2073 2071 potuit,

473 2095 668 2151 maluit
704 2092 977 2166 castigare
1001 2139 1017 2163 ,
1067 2103 1127 2149 ut
1166 2103 1222 2150 et
1260 2094 1658 2150 correctionem
1702 2093 1858 2164 plaga
1888 2101 2074 2147 osten-

472 2187 670 2257 deret,
722 2194 783 2244 et
820 2186 1072 2245 ordinem
1105 2196 1299 2244 natura
1328 2196 1593 2243 servaret.
1627 2184 1781 2242 Fecit
1810 2185 1953 2241 Deus
1981 2185 2077 2240 ho-

472 2280 681 2338 minem
710 2280 783 2337 de
807 2280 938 2339 limo
963 2291 1148 2347 terrai,
1180 2290 1237 2338 et
1262 2281 1443 2336 vitalis
1463 2279 1688 2350 spiritus
1714 2279 2076 2335 insulﬂatinne

473 2375 749 2433 viventem
779 2374 964 2450 posuit
994 2377 1048 2431 in
1082 2375 1338 2447 paradiso
1366 2375 1686 2433 deliciarum
1724 2373 1895 2448 (Ibid.
1933 2374 2070 2444 t1):

475 2470 658 2528 libero
708 2468 936 2541 insuper
990 2469 1220 2527 donavit
1283 2468 1511 2526 arbitrio
1572 2468 2078 2538 circumdatumque

476 2564 737 2623 mandato
783 2564 968 2624 medio
1006 2565 1431 2623 immortalitatis
1462 2575 1516 2621 et
1558 2563 1752 2619 mortis
1786 2582 1797 2617 :
1832 2563 2078 2634 quamvis

475 2668 731 2717 asserant
759 2660 836 2715 tui
854 2701 870 2727 ,
897 2660 988 2730 qui
1018 2658 1416 2716 abundantiora
1446 2658 1514 2715 de
1546 2668 1765 2730 pectore
1793 2666 1885 2713 tuo
1912 2655 2077 2730 615

473 2767 686 2810 venena
709 2763 998 2818 suxerunt,
1017 2752 1301 2808 mortalem
1324 2767 1447 2808 eum
1470 2751 1640 2807 fuisse
1664 2751 1888 2815 factum,
1918 2749 2079 2805 mbil-

476 2862 586 2921 que
607 2846 788 2905 eidem
818 2847 1005 2904 damni
1038 2862 1110 2904 ex
1144 2846 1587 2917 transgressione
1610 2846 1919 2929 contigisse
1937 2859 2075 2915 prte-

477 2938 645 3012 cepti.
692 2941 765 2997 At
789 2955 921 2997 vero
959 2938 1355 3010 pravaricante
1384 2938 1638 3004 homine,
1677 2947 1821 2994 terra
1854 2934 2080 2994 maledi-

479 3034 643 3102 citur,
670 3032 952 3091 laboribus
979 3049 1042 3091 ac
1061 3032 1346 3090 doloribus
1368 3031 1535 3089 homo
1561 3032 1680 3105 ipse
1699 3040 2077 3098 coonustatur,

479 3137 540 3184 ut
584 3127 641 3184 iu
686 3126 888 3184 sudore
926 3127 1085 3185 faciei
1125 3142 1321 3200 panem
1367 3125 1615 3200 acquirat
1648 3125 1871 3198 iubetur
1901 3144 1915 3182 :
1949 3134 2081 3183 nota

2178 1908 2322 1978 ejus,
2363 1922 2484 1977 qua:
2529 1903 2980 1978 superabundavit
3009 1904 3062 1957 in
3092 1902 3241 1957 nobis
3274 1902 3326 1955 in
3354 1901 3497 1955 omni
3533 1899 3794 1969 sapientia

2176 2008 2224 2054 et
2252 1998 2537 2070 prudentia
2565 2013 2584 2052 :
2615 2006 2672 2052 ut
2724 2005 2911 2052 notum
2957 1995 3110 2050 nobis
3159 1996 3349 2065 faceret
3408 2001 3794 2047 sacramentum

2174 2094 2461 2150 voluntatis
2488 2109 2599 2149 suae
2637 2090 2932 2149 secundum
2962 2091 3151 2146 bonum
3185 2089 3439 2160 placitum
3471 2088 3621 2157 ejus;
3648 2085 3792 2156 quod

2178 2189 2430 2261 disposuit
2486 2189 2541 2242 in
2594 2204 2674 2252 eo,
2704 2188 2759 2241 in
2811 2186 3252 2257 dispensationem
3276 2181 3629 2255 plenitudinis
3660 2188 3796 2233 tem-

2177 2299 2401 2355 porum,
2436 2294 2732 2337 restaurare
2777 2283 2954 2336 omnia
3002 2281 3056 2333 in
3099 2278 3309 2336 Christo
3335 2321 3349 2339 ,
3396 2291 3517 2347 qua:
3563 2275 3617 2327 in
3651 2274 3796 2327 aclis

2176 2384 2300 2429 sunt
2326 2384 2374 2428 et
2402 2389 2517 2445 qua:
2546 2374 2601 2427 in
2632 2383 2770 2428 terra
2797 2371 2816 2445 (
2841 2370 3038 2445 Ephes.
3073 2385 3127 2437 ι,
3164 2369 3299 2425 5-10
3320 2366 3359 2438 ).

2250 2468 2344 2523 23.
2374 2467 2523 2523 Dicit
2551 2465 2746 2522 Petrus
2789 2484 2801 2518 ε
2833 2466 2889 2520 in
2921 2463 3143 2520 salutem
3177 2471 3417 2537 paratam
3467 2458 3696 2515 revelari
3737 2458 3794 2511 in

2178 2569 2406 2633 tempore
2435 2561 2713 2616 novissimo
2737 2574 2758 2626 ;
2783 2566 3018 2615 testatur
3047 2567 3104 2615 et
3145 2554 3346 2613 Paulus
3367 2595 3382 2622 ,
3413 2552 3561 2625 quod
3600 2564 3797 2623 propo-

2179 2652 2283 2709 suit
2311 2655 2367 2708 in
2406 2669 2467 2708 eo
2510 2654 2566 2707 in
2617 2650 3064 2725 dispensationem
3106 2648 3454 2723 plenitudinis
3502 2658 3796 2717 temporum

2183 2746 2480 2802 instaurare
2503 2746 2681 2801 omnia
2702 2746 2761 2799 in
2777 2742 2987 2799 Christo
3003 2751 3091 2811 ;et
3115 2758 3261 2799 nunc
3284 2740 3442 2796 nobis
3466 2740 3656 2794 nescio
3670 2737 3796 2808 quis

2182 2837 2340 2910 quasi
2360 2852 2491 2893 rana
2524 2853 2557 2893 e
2586 2851 2748 2894 cinno
2773 2836 3009 2907 emergit
3030 2844 3089 2891 et
3110 2840 3411 2905 personat:
3435 2849 3454 2885 ι
3479 2830 3622 2899 Quid
3662 2828 3796 2884 mihi

2181 2939 2268 2987 est
2296 2938 2615 3000 exspectare
2643 2938 2875 3000 tempus,
2899 2936 3224 2999 exspectare
3240 2924 3549 2997 judicium?
3576 2923 3723 2978 Deus
3748 2922 3795 2975 si

2183 3035 2380 3097 potest,
2407 3039 2623 3096 semper
2647 3033 2865 3095 potest:
2891 3024 2937 3078 si
2956 3036 3176 3093 semper
3200 3027 3404 3093 potest,
3428 3026 3810 3089 personarum

2181 3128 2443 3189 acceptor
2469 3134 2578 3175 non
2608 3127 2711 3173 est.
2737 3136 2758 3170 ι
2792 3117 2979 3172 Potest
3006 3130 3163 3187 ergo,
3199 3124 3253 3170 et
3286 3112 3449 3168 modo
3499 3119 3709 3180 potest,
3739 3117 3797 3162 et

481 3223 678 3281 mortis
715 3222 1187 3283 circumscribitur
1211 3265 1227 3291 ,
1268 3222 1447 3280 donec
1481 3221 1536 3278 in
1576 3230 1779 3279 terram
1806 3264 1821 3290 ,
1870 3220 1941 3279 de
1975 3235 2081 3293 qua
2103 3209 2152 3273 C
2185 3214 2239 3270 in
2271 3224 2324 3270 te
2352 3227 2484 3270 vere
2521 3225 2882 3282 personarum
2921 3219 3186 3279 acceptor
3206 3205 3546 3277 probandus,
3573 3204 3621 3260 si
3648 3202 3796 3272 quod

482 3324 730 3388 sumptus
756 3324 881 3385 est,
918 3323 1228 3374 revertatur
1255 3314 1422 3389 (Gen.
1446 3330 1539 3383 ιιι,
1581 3313 1805 3389 17-19).
1858 3314 2085 3385 Bjicitur

482 3407 659 3465 Adam
679 3407 750 3464 de
775 3407 1030 3479 paradiso
1051 3407 1221 3483 (Ibid.
1244 3408 1363 3482 25),
1391 3419 1617 3480 generat
1642 3408 1784 3466 illius
1805 3407 2086 3467 trahentes

482 3515 668 3557 secum
698 3502 926 3557 seminis
969 3500 1205 3559 inﬁdelis
1239 3502 1509 3574 originale
1533 3510 1816 3574 peccatum
1848 3521 1861 3555 :
1897 3510 2089 3574 peccat

485 3594 783 3653 humanum
808 3609 986 3667 genus
1010 3636 1025 3660 ,
1072 3594 1242 3651 Deum
1275 3610 1492 3667 quoque
1534 3595 1792 3666 pmnituit
1810 3594 1957 3668 quod
1988 3594 2089 3652 ho-

485 3689 692 3746 minem
721 3686 939 3746 l‘ecisset
965 3689 1019 3746 in
1051 3699 1195 3745 terra
1230 3687 1385 3762 (Gen.
1413 3705 1490 3758 vr,
1524 3690 1601 3762 6).

558 3782 653 3837 27.
684 3781 729 3838 Ο
752 3782 999 3848 Domine,
1017 3782 1229 3839 sustine
1255 3782 1531 3854 paulisper
1562 3782 1851 3839 stultitiam
1883 3797 2084 3854 meam,

488 3874 667 3931 donec
695 3874 791 3946 qui
822 3876 1044 3945 sapiens
1074 3884 1132 3931 et
1164 3874 1408 3945 prudens
1440 3875 1682 3943 videtur,
1711 3875 2000 3932 erubescat
2033 3883 2090 3933 et

489 3969 695 4023 sentiat
740 3966 1199 4037 imprudentiam!
1232 3968 1506 4023 Peccaute
1555 3982 1663 4022 uno
1715 3969 1968 4036 homine,
2020 3982 2087 4025 ex

490 4074 601 4132 quo
632 4061 686 4116 in
716 4061 1028 4116 universam
1058 4061 1469 4117 successionem
1492 4061 1606 4118 dira
1634 4064 1883 4133 contagia
1914 4072 2092 4119 trans—

493 4156 713 4223 ierunt‘,
745 4171 1083 4229 regnumque
1131 4158 1185 4211 in
1230 4157 1524 4233 universos
1567 4160 1758 4213 mortis
1818 4159 2083 4227 invaluit,

488 4247 724 4319 pmnitet
751 4256 805 4304 te
826 4289 842 4315 ,
877 4248 1162 4313 irasceris,
1194 4249 1352 4304 doles
1378 4267 1391 4303 :
1419 4258 1504 4317 et,
1541 4265 1822 4322 usquequo
1854 4251 2088 4308 Verbum

464 4415 470 4421 Α,
488 4355 619 4397 caro
660 4339 892 4408 factum,
939 4340 1228 4410 passione,
1283 4356 1472 4411 cruce,
1506 4356 1570 4397 sc
1599 4352 1782 4399 morte
1809 4356 1948 4413 Opus
1993 4344 2090 4398 ha-

489 4433 621 4489 beat
642 4475 658 4500 ,
688 4433 1076 4490 commoveris.
1114 4432 1281 4489 Forte
1319 4435 1493 4491 satius
1518 4435 1700 4492 fuerat
1724 4452 1895 4491 unum
1920 4437 2090 4494 deleri

490 4526 643 4584 illico
670 4534 1041 4598 peccatorem,
1067 4535 1125 4582 ιιι
1152 4542 1279 4582 mox
1305 4528 1445 4585 alius
1467 4530 1705 4587 secunda
1733 4531 2094 4601 plasmatione

2187 3308 2244 3364 in
2266 3306 2521 3363 omnibus
2543 3313 2752 3377 potest,
2782 3312 2839 3361 et
2863 3305 3058 3373 utique
3083 3309 3308 3357 acturus
3332 3300 3384 3354 in
3420 3309 3666 3369 tempore
3694 3311 3798 3350 suo

2185 3413 2273 3461 est
2296 3444 2311 3470 ,
2347 3404 2401 3458 in
2432 3411 2485 3458 te
2513 3402 2635 3457 solo
2658 3396 2790 3456 ante
2821 3408 3035 3469 tempus
3067 3394 3275 3452 faceret
3298 3435 3312 3461 ,
3341 3392 3487 3465 quod
3520 3403 3699 3462 neque
3739 3388 3792 3443 iu

2186 3496 2372 3570 Moyse
2401 3497 2523 3553 fecit
2542 3536 2558 3561 ,
2589 3498 2675 3550 cui
2708 3509 2874 3550 unum
2904 3490 3284 3549 tantummodo
3308 3491 3361 3546 in
3389 3488 3493 3545 hac
3523 3490 3633 3543 vita
3664 3499 3795 3558 pec-

2187 3603 2367 3648 catum
2399 3587 2772 3660 exprobravit,
2804 3596 2862 3645 et
2891 3597 3070 3643 tamen
3101 3592 3232 3640 ante
3260 3591 3497 3639 mortem
3534 3579 3751 3636 remisit
3782 3598 3794 3633 2

2188 3699 2351 3757 quem
2380 3682 2450 3739 ob
2473 3681 2611 3738 hanc
2641 3683 2857 3752 culpam
2888 3679 3026 3735 mori
3046 3678 3244 3750 jussit,
3273 3691 3343 3733 ne
3372 3688 3577 3732 terram
3610 3686 3798 3744 repro-

2189 3776 2467 3832 missionis
2486 3774 2732 3830 intraret.
2750 3771 2952 3828 Audiat
2970 3785 3105 3841 ergo
3125 3770 3505 3835 Salomonem,
3518 3780 3689 3837 super
3710 3778 3801 3820 or-

2190 3868 2473 3925 dinatione
2498 3875 2806 3937 temporum
2829 3876 2887 3922 et
2910 3864 3007 3920 Dei
3035 3863 3434 3920 constitutione
3462 3868 3757 3915 testantem
3772 3876 3795 3911 τ

2194 3960 2387 4017 Omnia
2418 3970 2618 4031 tempus
2666 3958 2855 4013 habent
2898 3966 2947 4012 et
2986 3958 3094 4012 suis
3138 3955 3322 4028 spatiis
3353 3962 3623 4008 transeunt
3675 3951 3796 4005 stuic

2191 4069 2339 4109 versa
2357 4051 2453 4109 sub
2475 4051 2605 4109 calo
2621 4049 2885 4123 :Tempns
2910 4050 3183 4114 nascendi,
3211 4059 3259 4102 et
3287 4058 3493 4117 tempus
3519 4043 3797 4101 meriudi.

2197 4145 2426 4221 Τεηῳιιε
2453 4145 2763 4220 plantandi,
2798 4155 2846 4199 et
2895 4153 3099 4214 tempus
3127 4141 3381 4198 evellendi
3410 4140 3554 4212 quod
3585 4139 3801 4209 planta-

2196 4249 2306 4297 tum
2331 4251 2430 4296 est.
2457 4240 2683 4313 Tempus
2711 4239 3007 4305 occidendi,
3036 4248 3085 4293 et
3114 4247 3312 4309 tesnpus
3339 4235 3569 4292 sanandi
3587 4230 3799 4304 (Ensis.

2196 4353 2291 4406 ιιι,
2322 4336 2424 4393 1-5
2442 4339 2488 4404 ).
2539 4335 2750 4391 Deinde
2793 4335 2906 4390 alio
2947 4332 3069 4389 loco
3092 4332 3266 4389 dicit:
3294 4330 3417 4386 Vidi
3460 4329 3558 4385 sub
3595 4329 3709 4385 sole
3742 4328 3801 4382 in

2197 4432 2311 4487 loco
2329 4430 2528 4504 judicii
2548 4422 2885 4503 impietatem,
2904 4438 2953 4483 et
2974 4428 3030 4481 in
3056 4428 3171 4481 loco
3190 4424 3423 4499 jnstitiaz
3443 4424 3801 4496 iniquitatem,

2197 4533 2244 4581 et
2269 4525 2381 4581 dixi
2400 4524 2457 4579 in
2474 4524 2630 4578 corde
2650 4538 2762 4578 meo
2778 4538 2795 4575 :
2809 4520 2844 4576 J
2849 4530 3020 4577 ustum
3041 4530 3090 4577 et
3108 4519 3325 4590 impium
3334 4519 3607 4592 judith
3624 4517 3764 4571 Deus
3782 4531 3802 4569 :

491 4620 946 4689 substitueretur,
981 4619 1186 4691 quoab
1212 4621 1361 4677 omni
1412 4621 1579 4680 sorde
1616 4623 1785 4681 libera
1818 4634 1873 4680 et
1902 4625 2091 4681 imma-
2115 4605 2168 4667 Ι)
2194 4629 2241 4675 et
2272 4630 2474 4690 tempus
2494 4618 2660 4674 omnis
2686 4619 2763 4673 rei
2792 4627 2915 4672 tunc
2944 4618 3040 4671 erit
3064 4615 3270 4688 (tbid.,
3302 4616 3387 4681 16,
3428 4614 3558 4685 17).
3591 4612 3801 4682 Quam~

490 4714 668 4771 culata
697 4727 937 4784 propago
967 4712 1357 4772 descenderet.
1390 4716 1459 4770 At
1484 4715 1603 4772 haec
1644 4724 1718 4785 te,
1746 4717 1888 4775 Deus
1916 4722 2090 4774 omni-

488 4814 721 4875 potens,
750 4805 875 4873 quia
908 4819 1016 4862 non
1058 4805 1259 4863 fecisse
1304 4810 1670 4879 agnoscimus,
1704 4823 1811 4864 non
1846 4812 2089 4881 potuisse

487 4896 804 4955 credimus?
833 4897 879 4954 0
926 4897 1089 4955 Petre
1120 4900 1326 4970 lsupra
1368 4915 1531 4972 quam
1578 4910 1788 4971 petram
1837 4902 2090 4960 Christus

489 5003 644 5046 suam
662 4987 906 5045 fundavit
923 4988 1231 5047 Ecclesiam
1249 4990 1472 5061 (Matth.
1499 5009 1610 5062 ιιι,
1628 4993 1743 5065 18);
1757 5003 1829 5061 et,
1847 4994 2083 5050 oPaule!

488 5082 583 5155 qui
609 5082 1028 5139 fundamentum
1055 5083 1322 5154 posuisti,
1347 5096 1546 5155 prazter
1574 5084 1717 5157 quod
1746 5085 1895 5141 aliud
1927 5101 2089 5143 nemo

486 5183 670 5246 potest
692 5190 921 5247 pauere,
945 5178 1037 5248 qui
1067 5186 1151 5233 est
1176 5176 1430 5235 Christus
1450 5177 1609 5235 Jesus
1629 5179 1676 5251 (Ι
1701 5178 1821 5234 Cor.
1847 5194 1929 5245 ιιι,
1962 5179 2087 5251 H);

489 5267 632 5324 beati
665 5268 921 5339 apostoli,
946 5269 1217 5325 columna:
1244 5277 1301 5326 et
1330 5268 1671 5327 ﬁrmamenta
1701 5272 1968 5337 veritatis,
1990 5283 2089 5326 vos

486 5358 683 5416 saltem
696 5359 825 5416 huic
838 5362 930 5432 qui
942 5361 1295 5418 consiliarius
1310 5362 1420 5417 Deo
1438 5372 1521 5418 est
1542 5376 1594 5419 et
1610 5362 1900 5432 mediator,
1916 5362 2088 5421 sacris

486 5457 818 5530 respondete
840 5459 1224 5515 sermonibus!
1248 5457 1341 5514 Ait
1361 5457 1558 5515 Petrus
1577 5477 1588 5513 :
1605 5457 1922 5514 Benedictus
1951 5459 2088 5516 Dens

555 5628 579 5655 η
612 5615 885 5689 Corrigit,
923 5616 1044 5686 qui,
1086 5615 1432 5689 Gallandins,
1484 5616 1807 5689 subjicitque
1862 5619 1975 5675 ILuc
2025 5623 2077 5677 in

480 5691 630 5745 calce
656 5708 669 5741 ε
703 5705 723 5740 ι
750 5688 1031 5755 Scbuttus,
1060 5690 1227 5758 quia;
1250 5688 1633 5759 ancrcamp.,
1659 5688 1792 5756 Qua.
1824 5691 2080 5746 Restitui—

480 5775 607 5815 mus
638 5759 875 5828 Vulgata:
906 5759 1196 5813 let-tionem
1227 5760 1344 5828 qui,
1378 5758 1570 5828 Grseco
1595 5763 1763 5816 textui
1789 5763 2083 5820 concinen-

484 5835 627 5898 tem,
678 5827 769 5884 ubi
822 5829 1051 5899 legimus
1096 5833 1402 5908 προορίσας.
1431 5827 1553 5888 Mox
1601 5830 1735 5903 leg,
1782 5831 1837 5888 in
1877 5832 2084 5891 laudem

2195 4711 2460 4779 obrem,o
2488 4710 2651 4767 homo
2679 4710 2881 4766 vacuet
2912 4712 2956 4765 si
2986 4725 3149 4779 «(nam
3179 4707 3432 4765 ﬁduciam
3476 4707 3667 4772 habes,
3698 4719 3802 4775 pa.

2198 4808 2398 4861 tieuter
2425 4814 2683 4875 exspecta
2714 4806 2963 4860 ordinem
2997 4803 3117 4869 Dei,
3159 4816 3324 4873 quem
3350 4801 3607 4872 dignatus
3633 4809 3718 4855 est
3741 4808 3805 4855 et

2198 4902 2315 4971 ipse
2349 4901 2612 4956 Dominus
2657 4907 2981 4971 exspectare
3006 4899 3098 4970 qui
3142 4898 3273 4955 iecit
3302 4914 3315 4952 ι
3344 4897 3521 4968 factus
3562 4895 3658 4950 sub
3688 4895 3807 4965 tege

2197 4992 2355 5065 (Gal.
2389 5010 2463 5058 tv,
2494 4995 2588 5063 1),
2622 4993 2715 5065 qui
2745 4994 2946 5051 iecerat
2980 4993 3177 5064 legem.
3206 4990 3344 5047 Audi
3389 4990 3572 5061 ipsum
3601 4988 3697 5044 tibi
3715 4985 3804 5042 di-

2198 5101 2414 5145 centem
2443 5106 2456 5144 :
2486 5088 2611 5144 Non
2654 5099 2729 5145 est
2757 5097 2985 5145 vestrum
3024 5087 3159 5143 scire
3200 5096 3455 5158 tempore,
3486 5101 3605 5157 qua:
3641 5082 3806 5138 Pater

2195 5180 2372 5249 posuit
2394 5181 2451 5235 in
2475 5197 2575 5235 sua
2606 5188 2861 5250 potestate
2881 5178 3023 5252 (Act.
3056 5193 3108 5246 ι,
3141 5178 3216 5244 7).
3248 5175 3358 5233 Aut
3382 5177 3430 5233 si
3453 5175 3539 5232 vis
3559 5174 3807 5244 apertius

2197 5272 2448 5343 accipere
2477 5273 2875 5341 testimonium,
2909 5272 3039 5342 quia
3063 5285 3187 5328 eum
3210 5271 3400 5341 utique
3431 5271 3607 5340 possit
3635 5269 3803 5334 Deus,

2196 5375 2377 5422 tamen
2431 5381 2530 5437 pro
2580 5365 2697 5437 ipsa
2756 5365 2843 5421 sui
2890 5363 3238 5421 ordinatione
3267 5377 3376 5418 non
3426 5362 3626 5428 faciat,
3667 5359 3808 5416 dicit

2195 5461 2262 5516 ad
2310 5461 2530 5518 Petrum
2557 5479 2570 5515 :
2596 5463 2678 5516 An
2734 5470 2894 5535 putas
2938 5475 3043 5515 non
3086 5474 3238 5530 posse
3282 5473 3362 5513 me
3413 5455 3569 5512 modo
3613 5466 3807 5526 rogare

2187 5619 2371 5691 gloria:
2400 5635 2615 5678 unum
2646 5636 2792 5691 sunt,
2823 5601 2980 5691 juxla
3008 5621 3130 5686 Gr.,
3164 5622 3236 5683 sic
3268 5618 3481 5679 ἔπαινον
3510 5614 3805 5691 diaetis

2190 5685 2415 5776 Ξίάριςεξ
2443 5694 2625 5776 αὐςοῦ.
2662 5685 2795 5748 Eam
2823 5685 3033 5776 'vocetn
3092 5685 3213 5776 qua:
3253 5693 3482 5776 librario
3533 5685 3810 5745 exciderit

2193 5762 2337 5834 apud
2363 5762 2620 5820 Orosium
2648 5776 2947 5845 contextus
2975 5762 3129 5825 Pauli
3174 5763 3426 5836 requirit.
3451 5778 3472 5818 ι
