4076 6352
340 244 486 324 ttat

1423 257 1624 316 LIBER
1666 257 1753 314 DE
1796 251 2102 314 ARBITRI!
2141 244 2554 311 LIBERTATE.

3493 248 3635 310 "98'

342 376 556 435 Patrem
582 392 754 432 meum
775 421 790 445 ,
824 384 873 431 et
900 374 1157 432 exhibebit
1188 376 1315 431 mihi
1343 377 1464 450 plus
1490 391 1642 448 quam
1665 375 1937 430 duodecim
1968 376 2017 441 Α
2044 370 2157 444 ipsa
2184 370 2514 456 intelligere
2556 369 2648 424 vix
2693 367 3101 455 potuimusalta
3142 367 3265 435 ista,
3301 368 3539 437 inquam,
3571 368 3637 423 ad

342 470 566 542 legiones
585 468 925 542 angelorum?
944 469 1051 526 Sed
1077 469 1333 543 quomodo
1355 469 1748 542 complebantur
1784 468 1935 524 Scri-

341 570 528 635 ptum,
552 561 715 634 617
753 561 877 631 quia
914 563 989 615 sic
1028 569 1229 633 oportet
1268 561 1382 632 ﬁeri
1408 561 1628 635 (Matth.
1665 575 1816 626 xxvr,
1845 558 1936 627 55,

2042 447 2466 529 Demetriadem,
2496 463 2731 535 puellam
2754 460 2835 533 (ut
2858 446 3043 532 audio)
3064 474 3275 517 sacram
3298 470 3351 517 et
3372 468 3638 524 sanctam,

2043 558 2206 615 homo
2248 555 2741 613 verecundissimus
2780 554 3025 611 scribere
3063 568 3169 609 non
3198 551 3463 609 erubuisti
3500 567 3510 604 :
3543 551 3641 606 do-

343 653 477 727 54)?
521 656 681 711 Vides
722 669 856 727 ergo
896 655 1019 726 quia
1062 666 1319 727 operator
1372 656 1639 725 temporis
1671 664 1941 726 temperat
2043 670 2194 722 cens,
2237 663 2294 710 ut
2331 652 2517 721 credo,
2560 652 2925 709 reverentiam
2970 650 3237 707 castitatis
3278 648 3381 704 sub
3419 649 3640 717 stropha

284 768 288 773 ·
345 750 580 805 virtutes
610 766 625 807 :
655 760 709 806 et
734 750 876 807 ratio
906 749 1304 821 dispositionis,
1341 752 1535 809 miscet
1563 753 1818 824 potentia:
1846 768 1942 825 pa-

346 844 616 902 tientiam.
652 845 861 909 Deinde
903 847 979 902 ait
1024 847 1328 903 Dominus:
1354 847 1598 904 Reconde
1628 849 1864 923 gladium
1889 849 1941 904 in

345 937 511 995 theca.
548 937 695 995 Fieri
726 941 862 994 enim
905 956 1009 995 non
1050 949 1233 1011 potest,
1278 951 1334 995 ut
1370 941 1585 997 calicem
1623 960 1772 1015 quem
1802 942 1945 998 dedit

346 1032 472 1087 mihi
500 1030 683 1097 Pater,
715 1049 822 1089 non
851 1032 1019 1089 bibam
1048 1034 1194 1089 illum
1231 1033 1413 1107 (Joan.
1446 1051 1598 1101 xvut,
1626 1034 1737 1109 Η).
1770 1036 1836 1091 Ει.
1866 1043 1947 1092 ta-

346 1141 472 1183 men
500 1126 642 1183 Deus
674 1126 809 1183 nihil
843 1143 948 1184 non
979 1136 1161 1199 potest
1192 1145 1206 1185 :
1239 1144 1341 1187 nec
1368 1137 1453 1186 est
1477 1130 1772 1201 quidquam
1804 1129 1946 1203 quod

346 1233 457 1275 non
488 1219 657 1277 faciat
693 1221 798 1277 nisi
828 1220 971 1277 forte
1000 1222 1145 1295 Quod
1189 1222 1353 1290 nolit,
1393 1238 1499 1280 non
1530 1232 1804 1296 oporteat,
1838 1241 1946 1279 non

346 1322 646 1383 proponat.
679 1311 944 1385 Loquitur
972 1313 1175 1370 Paulus
1201 1314 1269 1371 ad
1300 1313 1848 1383 Thessalonicenses,
1877 1317 1952 1372 sis

348 1405 619 1478 gniﬁcans
648 1406 716 1462 dc
737 1406 973 1463 adventu
1000 1407 1322 1465 Antichristi
1352 1426 1366 1464 :
1392 1408 1517 1466 Non
1538 1409 1791 1478 retinetis,
1813 1408 1953 1482 quod

349 1515 473 1556 cum
514 1500 686 1556 adhuc
727 1517 888 1556 essent
927 1502 1073 1571 apud
1108 1519 1219 1569 vos,
1262 1503 1372 1560 heec
1412 1503 1647 1559 dicebam
1673 1502 1859 1559 vobis?
1884 1502 1952 1558 Et

347 1606 490 1648 nunc
523 1592 647 1662 quid
683 1591 911 1649 detineat
939 1594 1084 1649 scitis
1115 1610 1134 1649 :
1160 1599 1216 1649 ut
1245 1593 1501 1649 reveletur
1526 1596 1578 1649 in
1609 1613 1704 1651 suo
1730 1603 1956 1667 tempore

351 1682 420 1753 (11
450 1683 629 1742 Thess.
660 1700 698 1751 ι,
731 1680 787 1752 5,
816 1684 896 1758 6).
931 1685 1104 1742 Tanta
1138 1686 1218 1743 vis
1255 1696 1343 1743 est
1371 1686 1573 1745 decreti
1611 1688 1730 1757 Dei,
1760 1695 1815 1745 et
1844 1698 1955 1744 tam

2047 747 2253 819 Joseph
2287 747 2609 803 luxuriantis
2649 746 2885 802 domina:
2924 759 3056 810 sum,
3089 742 3179 798 ubi
3201 742 3408 808 dixisti,
3449 758 3467 793 ι
3498 739 3644 796 Con-

2051 850 2254 912 templa
2304 840 2623 913 frcquentur
2673 839 2889 896 domina
2926 881 2939 905 ,
2986 838 3269 909 propiores
3309 835 3646 891 adolescenti

2051 934 2224 991 tendit
2264 933 2509 1000 insidias,
2540 941 2813 989 secretum
2844 945 2908 988 ac
2936 931 3057 987 sine
3095 929 3325 986 testibus
3348 941 3512 982 manu
3546 923 3646 979 im-

2049 1028 2263 1100 pudens
2293 1024 2653 1099 apprehendit
2686 1042 2698 1078 :
2740 1042 2760 1078 ι
2793 1025 3215 1097 inOpportunam
3243 1021 3524 1078 historiam
3553 1020 3651 1075 ob-

2051 1122 2374 1182 scenissimo
2394 1135 2652 1178 sermone
2672 1128 2972 1177 contexens
2999 1136 3013 1173 :
3034 1133 3359 1191 quamquam
3382 1116 3487 1174 hoc
3507 1115 3649 1188 quod

2057 1233 2235 1288 neque
2264 1226 2411 1287 apte,
2441 1230 2618 1286 neque
2646 1213 2847 1270 decore
2874 1213 3096 1284 dicitur,
3114 1213 3208 1268 tibi
3242 1211 3511 1283 imputare
3542 1225 3650 1266 non

2057 1310 2382 1374 debeatnus,
2413 1310 2498 1366 cui
2526 1324 2703 1380 neque
2735 1307 2941 1363 natales
2969 1305 3259 1375 dederunt,
3291 1314 3349 1361 ut
3372 1303 3657 1361 honcsﬁo-

2055 1406 2213 1462 ribus
2246 1403 2440 1462 Studiis
2468 1401 2786 1468 erudireris,
2820 1416 2995 1476 neque
3024 1394 3352 1459 naturaliter
3380 1401 3654 1471 provenit,

2057 1509 2117 1558 ut
2153 1514 2396 1572 superes,
2437 1499 2534 1555 sed
2576 1498 2687 1554 illis
2721 1497 3081 1554 dictatoribus
3113 1497 3241 1563 tuis,
3275 1496 3365 1569 qui
3395 1495 3654 1552 miserum

2057 1608 2278 1651 sensum
2311 1592 2618 1648 miserrimo
2639 1604 2893 1647 sermone
2919 1586 3289 1656 conscribunt,
3315 1599 3368 1645 et
3397 1596 3450 1646 te
3472 1587 3655 1661 legen-

2059 1685 2185 1742 dum
2214 1682 2495 1742 cachinnis
2525 1683 2680 1756 quasi
2724 1683 2936 1740 titulum
2984 1682 3324 1740 confusionis
3352 1693 3652 1754 exponunt.

356 1774 729 1834 irrevolubilis
758 1787 936 1835 status
982 1780 1403 1836 constitutorum
1436 1781 1491 1837 in
1515 1782 1624 1836 suis
1651 1781 1955 1853 quibusque
1986 1780 2032 1846 Β
2057 1774 2203 1836 Inter
2231 1779 2350 1834 hmo
2374 1792 2506 1849 ergo
2538 1774 2850 1847 huiusmodi
2880 1790 3099 1832 sensum
3130 1775 3183 1832 in
3205 1774 3397 1832 eadem
3421 1775 3657 1846 epistola

354 1867 537 1925 causis
564 1876 670 1924 tem
680 1885 895 1942 porum,
912 1882 972 1927 ut
997 1880 1225 1944 propter
1246 1873 1455 1930 electos
1478 1886 1608 1928 suos
1629 1872 1750 1929 dies
1771 1872 1957 1930 smculi

354 1961 664 2018 abbreviari
690 1962 892 2019 dixerit
920 1963 1185 2021 Dominus
1204 1963 1390 2040 (Matt.
1414 1980 1565 2029 xxiv,
1588 1964 1709 2038 2‘2),
1736 1980 1842 2022 non
1866 1981 1960 2022 aus

354 2052 487 2110 ferri
513 2072 527 2109 :
554 2064 613 2110 ut
635 2054 837 2113 faceret
860 2066 1169 2129 temporum
1193 2067 1518 2114 statutorum
1548 2074 1646 2129 pro
1674 2059 1963 2131 majestate

356 2146 785 2220 plenitudinem,
822 2163 921 2218 pro
962 2149 1166 2219 pietate
1196 2150 1521 2207 brevitatem
1554 2168 1567 2205 :
1600 2151 1878 2224 simulque
1909 2161 1963 2209 et

361 2241 753 2314 compendium
802 2242 1183 2299 misericordia
1242 2256 1503 2315 caperet,
1563 2255 1619 2300 et
1670 2260 1960 2302 numerum

359 2336 595 2392 mundus
624 2335 905 2406 impleret;
935 2347 985 2391 et
1014 2348 1070 2392 tu
1101 2337 1204 2404 vis,
1232 2337 1344 2408 jam
1366 2337 1390 2391 ?
1411 2336 1560 2409 (ecce
1588 2351 1688 2411 ego
1713 2354 1834 2395 cum
1864 2339 1963 2396 do-

359 2426 479 2487 lore
503 2429 895 2487 misericordias
924 2429 1180 2503 loquor);
1212 2438 1289 2501 tu,
1324 2431 1568 2501 inquam,
1598 2430 1706 2499 vis,
1739 2447 1772 2487 ο
1798 2430 1963 2488 homo

361 2524 560 2581 similis
599 2525 727 2591 mei,
773 2534 831 2580 ut
866 2524 961 2580 tibi
1003 2524 1257 2582 homines
1299 2525 1352 2581 in
1396 2524 1502 2582 hoc
1532 2527 1789 2597 praesenti
1823 2536 1962 2582 tem-

364 2634 522 2690 pore,
553 2619 696 2691 quod
739 2630 1032 2691 numquam
1082 2627 1240 2676 antea
1272 2617 1481 2676 dictum
1525 2619 1578 2676 in
1620 2619 1789 2678 sacris
1814 2620 1965 2676 volu-

366 2712 615 2769 minibus
640 2712 944 2781 invenitur,
976 2726 1306 2785 quemquam
1333 2712 1453 2768 sine
1480 2721 1705 2782 peccato
1731 2727 1853 2769 esse
1879 2726 1968 2769 re-

366 2805 694 2877 Spondeant,
733 2816 790 2862 et
831 2808 878 2861 si
918 2808 972 2861 in
1015 2806 1119 2863 hoc
1160 2804 1302 2861 forte
1342 2806 1749 2874 consenserint,
1780 2805 1850 2864 de
1878 2807 1968 2865 die

367 2908 756 2970 momentoque
783 2897 1131 2954 subscribant
1163 2915 1175 2952 :
1211 2912 1405 2955 novam
1439 2898 1728 2962 calumnia:
1756 2898 1967 2955 machi-

370 3008 498 3050 nam
527 2995 825 3064 instruens,
850 3005 910 3051 ut
935 2995 1078 3066 quod
1107 3006 1215 3053 non
1245 2996 1361 3052 ﬁeri
1386 2996 1642 3064 dicimus,
1674 3010 1780 3052 non
1810 3009 1969 3066 posse

370 3086 492 3143 ﬁeri
522 3087 730 3143 dixisse
769 3088 1072 3153 videamur,
1107 3100 1159 3144 et
1197 3089 1250 3144 in
1282 3102 1390 3160 quo
1424 3088 1694 3160 praecipue
1732 3102 1970 3159 operari--

2062 1870 2346 1943 indigesds
2375 1869 2721 1925 sermonibus
2745 1868 3029 1933 eructas'ti,
3063 1887 3082 1921 ι
3119 1866 3261 1939 quod
3293 1867 3540 1938 plerique
3566 1881 3664 1919 no-

2060 1971 2302 2019 strorum
2341 1963 2624 2027 dicerent,
2664 1961 2833 2018 Deum
2878 1961 3073 2017 malam
3118 1959 3430 2016 hominibus
3474 1958 3665 2014 condi-

2061 2057 2209 2116 disse
2248 2068 2520 2113 naturam.
2571 2078 2589 2111 s
2629 2057 2784 2126 Quod
2816 2059 2978 2113 etiam
3015 2057 3107 2114 ille
3150 2056 3386 2113 Phinees
3417 2065 3542 2111 tuus
3572 2071 3665 2126 νε-

2062 2150 2325 2208 delentim
2373 2151 2530 2207 nobis
2577 2152 2801 2205 tentavit
2849 2149 3136 2206 intendere
3181 2168 3192 2203 :
3238 2150 3382 2205 unde
3426 2148 3665 2205 breviter

2062 2246 2298 2322 primum
2331 2246 2616 2316 proﬁteor,
2648 2243 2846 2301 deinde
2875 2243 3214 2314 respondeo:
3251 2245 3393 2300 Ante
3426 2243 3663 2298 tribunal

2062 2338 2267 2399 ChriSti
2318 2341 2371 2395 in
2413 2342 2637 2397 dextera
2701 2340 2844 2395 inter
2880 2354 3049 2410 agnos
3080 2339 3171 2394 Dei
3218 2353 3323 2394 non
3374 2339 3445 2393 sit
3470 2338 3665 2408 dignus

2065 2436 2353 2501 assistere,
2387 2448 2487 2490 nec
2515 2442 2792 2491 mereatur
2820 2433 3011 2489 videre
3036 2431 3322 2487 Dominum
3359 2431 3410 2486 in
3445 2432 3664 2502 regione

2066 2528 2338 2594 vivorum,
2379 2543 2481 2585 nec
2511 2528 2567 2583 in
2611 2526 2783 2598 gloria
2815 2525 3235 2582 resurrectionis
3265 2526 3374 2579 vita
3401 2522 3532 2578 Iesu
3560 2541 3665 2577 ma-

2067 2623 2347 2694 nifestatur
2375 2622 2430 2675 in
2462 2619 2676 2675 mortali
2703 2635 2920 2691 corpore
2948 2622 3061 2692 ejus
3089 2616 3159 2688 (Il
3180 2615 3305 2671 Cor.
3335 2631 3408 2680 tv,
3438 2615 3548 2686 li),
3579 2614 3668 2686 qui

2067 2713 2202 2770 dicit
2234 2713 2401 2770 Deum
2430 2712 2665 2784 aliquam
2698 2712 2893 2767 malam
2929 2713 3012 2766 vel
3040 2709 3276 2766 hominis
3300 2709 3383 2764 vel
3407 2709 3673 2779 Cujusque

2068 2808 2147 2864 rei
2193 2808 2505 2864 condidisse
2551 2817 2835 2874 naturam,
2877 2805 2963 2862 vel
3004 2805 3095 2876 qui
3132 2798 3359 2861 liberum
3402 2804 3454 2858 in
3487 2804 3671 2875 aliquo

2070 2905 2230 2971 tollit,
2264 2905 2547 2960 arbitrium
2581 2924 2595 2960 :
2629 2917 2751 2960 cum
2774 2903 3035 2975 scriptum
3065 2901 3258 2974 legerit
3284 2921 3295 2955 :
3324 2903 3497 2956 omnia
3524 2917 3669 2972 qua:-

2071 3016 2289 3070 cumque
2313 2999 2435 3068 fecit
2465 2996 2625 3065 Deus,
2656 2996 2792 3052 bona
2819 2995 2971 3052 ualde
3001 2993 3161 3069 (Gen.
3189 3011 3230 3063 1,
3261 2994 3378 3063 3|).
3416 2992 3485 3048 Et
3510 2992 3579 3048 de
3605 2991 3673 3047 Ii-

2074 3095 2208 3152 bcro
2263 3092 2501 3151 hominis
2537 3091 2768 3149 arbitrio
2812 3091 3075 3162 scriptum
3120 3099 3202 3145 est
3250 3108 3260 3141 :
3308 3086 3450 3142 Deus
3487 3086 3679 3141 ereavit

368 3187 480 3238 tem
524 3182 574 3236 in
613 3181 1027 3253 diSpositionem
1063 3197 1225 3254 quam
1269 3184 1469 3237 statuit
1511 3182 1968 3252 omnipotentiam

2075 3188 2332 3243 hominem
2371 3182 2874 3242 inexterminabilem
2915 3182 3072 3256 (Sep.
3116 3197 3173 3251 tt,
3217 3181 3422 3251 25):“
3467 3177 3680 3250 reliquit

370 3272 755 3345 prmdicamns,
788 3292 856 3330 ne
899 3275 1249 3345 impatienter
1291 3273 1558 3331 infamare
1596 3273 1970 3347 impotentiam

367 3364 714 3439 iudicemur?
748 3369 983 3436 Vanum,
1012 3382 1201 3439 quaeso
1233 3378 1304 3435 te,
1339 3368 1581 3424 furorem
1609 3368 1809 3440 abjice,
1840 3380 1976 3439 quo-

372 3458 522 3518 niam
549 3462 651 3517 hoc
675 3462 853 3533 ipsum
880 3460 947 3517 ad
969 3472 1251 3532 peccatum
1279 3460 1516 3532 proﬁcit,
1539 3461 1607 3518 de
1631 3476 1740 3534 quo
1766 3463 1970 3518 abster-

374 3552 553 3625 gendo
575 3552 992 3624 possibilitatem
1017 3555 1299 3625 temporis,
1323 3570 1430 3610 non
1455 3554 1802 3612 clementiam
1826 3554 1975 3627 judi-

378 3647 460 3703 cis
489 3648 780 3719 cogitasse.
814 3649 1087 3705 llacteuus
1123 3647 1193 3703 de
1226 3647 1466 3718 potentia
1500 3648 1616 3713 Dei,
1652 3662 1811 3719 quam
1838 3662 1978 3721 pra:-

376 3737 626 3795 dicamus
668 3748 724 3795 et
760 3739 1018 3810 colimus,
1047 3750 1100 3795 et
1135 3740 1205 3796 de
1245 3739 1611 3812 prteiinitione
1642 3749 1975 3812 temporum,

378 3846 502 3904 qua:
539 3832 963 3903 profundissimo
1001 3834 1173 3905 ipsius
1219 3842 1347 3889 sunt
1377 3841 1575 3888 Statuta
1607 3833 1863 3899 consilio,
1895 3833 1979 3890 di-

380 3929 533 3986 xisse
554 3929 814 3994 sufﬁciat,
838 3929 908 3985 de
927 3944 1056 4000 qua,
1079 3929 1181 3985 etsi
1205 3928 1355 4001 plura
1379 3942 1498 4000 qua:
1519 3937 1646 3985 sunt
1666 3936 1977 3985 sanctorum

382 4024 588 4095 scripta
616 4037 723 4080 non
754 4032 960 4095 essent,
991 4025 1301 4080 daemonum
1329 4023 1523 4080 saltem
1556 4025 1842 4097 responsio
1863 4025 1979 4080 sola

382 4114 683 4183 sufﬁceret,
704 4118 793 4188 qui
815 4117 1030 4188 propria
1053 4116 1295 4173 damnati
1319 4116 1655 4173 conscientia
1681 4115 1983 4175 vociferan-

385 4218 477 4266 tur
512 4210 579 4265 ad
618 4210 903 4266 Dominum
938 4229 950 4265 :
987 4210 1125 4279 Quid
1165 4211 1255 4266 tibi
1284 4218 1333 4266 et
1368 4209 1539 4275 nobis,
1577 4212 1658 4282 ﬁli
1686 4210 1816 4268 Dei?
1843 4213 1983 4279 Quid

383 4307 569 4363 veniin
588 4316 708 4363 ante
732 4318 930 4381 tempus
951 4306 1168 4380 perdere
1185 4322 1277 4361 nos
1297 4305 1518 4379 (Matth.
1545 4322 1661 4375 vm,
1688 4306 1814 4380 29)?
1835 4307 1983 4377 Quos

383 4412 509 4456 cum
540 4397 809 4472 intelligas
839 4397 906 4456 de
933 4399 1323 4456 constitutione
1345 4398 1530 4471 judicii
1564 4409 1590 4437 οι
1618 4398 1980 4470 conﬁdentes,

385 4507 522 4565 cape
546 4494 914 4550 certissimum
940 4492 1109 4564 ipsius
1130 4502 1324 4548 contra
1350 4500 1403 4549 te
1424 4492 1755 4564 exemplum.
1785 4492 1839 4549 Si
1865 4493 1986 4550 illos

2075 3299 2189 3338 eum
2216 3283 2271 3337 in
2299 3297 2457 3337 manu
2485 3280 2688 3337 consilii
2715 3278 2796 3335 sui
2822 3276 3018 3349 (Eccli.
3044 3292 3132 3345 xv,
3166 3275 3277 3347 14).
3301 3272 3456 3330 C:rce
3483 3283 3532 3328 et
3567 3286 3680 3325 ma-

2073 3374 2240 3447 ligne,
2276 3372 2436 3429 aliter
2465 3373 2613 3428 enim
2661 3369 2757 3426 tibi
2797 3369 2944 3442 loqui
2974 3384 3205 3440 nequeo,
3240 3384 3460 3424 sensum
3499 3364 3681 3420 Domi-

2078 3467 2213 3524 nica:
2259 3465 2626 3536 auctoritatis,
2660 3479 2878 3521 sensum
2921 3464 3156 3535 prepria:
3197 3461 3521 3533 fragilitatis,
3551 3475 3677 3517 sen-
3776 3476 3779 3480 ‘

2075 3577 2197 3620 sum
2234 3560 2540 3617 communis
2567 3558 2939 3629 intelligentiae
2966 3573 3073 3613 non
3104 3555 3351 3613 habenti.
3383 3552 3492 3610 Nos
3521 3560 3679 3609 natu-

2081 3669 2196 3710 ram
2237 3652 2473 3709 hominis
2517 3649 2788 3707 inﬁrmam
2835 3648 3072 3705 dicimus
3111 3663 3256 3714 esse,
3302 3660 3408 3701 non
3458 3645 3677 3699 malam.

2079 3744 2214 3802 Nam
2259 3745 2307 3800 si
2347 3744 2489 3800 mala
2530 3750 2695 3805 esset,
2744 3741 2941 3797 bonum
2982 3739 3206 3795 omnino
3247 3754 3357 3794 non
3397 3745 3621 3808 caperet
3660 3749 3675 3789 :

2083 3854 2227 3894 nunc
2282 3852 2412 3893 vero
2459 3852 2579 3893 cum
2638 3834 2873 3905 genuino
2927 3833 3126 3898 attactu
3182 3833 3538 3902 concupiscat
3590 3830 3683 3887 ho-

2082 3948 2235 4000 nmn,
2264 3932 2432 4007 διο
2469 3940 2524 3987 et
2563 3929 2838 3987 adlmreat
2868 3928 3035 3994 bono,
3088 3928 3399 4000 malumque
3442 3929 3668 3984 omnino

2085 4024 2269 4098 fugiat,
2302 4025 2397 4081 ubi
2429 4024 2484 4079 in
2516 4039 2577 4079 ea
2609 4023 2745 4077 mala
2780 4021 3009 4077 dicenda
3042 4028 3128 4078 est
3166 4035 3287 4076 esse
3329 4021 3633 4077 substantia
3659 4022 3685 4076 '.’

2085 4119 2349 4175 Dominus
2378 4117 2580 4173 clamat
2605 4132 2617 4170 :
2653 4110 2884 4188 Spiritus
2907 4115 3113 4186 quidem
3143 4123 3412 4186 promptus
3435 4125 3530 4182 est,
3561 4130 3682 4169 caro

2087 4224 2265 4273 autem
2306 4212 2517 4285 inﬁrma
2538 4206 2754 4282 (Matth.
2788 4222 2939 4274 xxvi,
2968 4207 3082 4281 i3).
3114 4208 3327 4264 Clamat
3369 4208 3641 4264 Abraham
3670 4227 3681 4261 :

2089 4308 2202 4381 Ego
2238 4316 2413 4362 autem
2454 4314 2595 4360 terra
2645 4314 2689 4359 et
2740 4302 2870 4357 cinis
2902 4301 3058 4375 (Gen.
3106 4316 3259 4366 xvm,
3306 4300 3423 4373 ‘27).
3475 4299 3687 4356 Clamat

2087 4401 2235 4461 Job:
2270 4399 2445 4455 Homo
2495 4396 2735 4469 putredo,
2785 4406 2835 4451 et
2875 4394 3018 4465 [ilius
3058 4393 3286 4449 hominis
3326 4394 3511 4448 vermis
3541 4391 3684 4465 (Job.

2091 4511 2230 4565 xxv,
2261 4493 2342 4565 6).
2371 4492 2581 4549 Clamat
2603 4489 2791 4547 Esaias
2821 4506 2832 4543 :
2867 4487 2912 4543 0
2942 4488 3094 4543 miser
3119 4503 3236 4559 ego,
3264 4486 3511 4559 quoniam
3543 4504 3685 4540 εοηι-

388 4564 827 4659 inbppressione
844 4587 1055 4642 miserit
1080 4586 1329 4642 homines
1348 4587 1987 4662 comprehensos:618
2016 4564 2067 4629 Ῑ)
2092 4596 2313 4663 puttclus
2347 4601 2484 4652 sum,
2514 4583 2640 4656 quia
2669 4597 2784 4637 cum
2814 4583 2908 4636 sint
2950 4581 3126 4645 homo,
3161 4589 3210 4635 et
3251 4578 3521 4634 immunda
3552 4577 3689 4631 labia

386 4681 584 4739 ultimo
631 4689 759 4737 tunc
783 4680 989 4753 judicio
1015 4678 1269 4752 intelligis
1297 4695 1418 4737 esse
1447 4681 1755 4738 damnatos.
1788 4683 1987 4752 Accipe

389 4782 447 4831 et
486 4781 542 4829 te
580 4774 756 4844 ipsum
801 4772 888 4830 hic
931 4772 1363 4845 imperturbabiii
1393 4773 1421 4813 ι)
1449 4775 1834 4832 emendatione
1861 4791 1986 4847 pur-

390 4866 649 4940 gandum.
689 4866 784 4924 Sin
824 4876 1028 4931 autem,
1060 4876 1116 4922 ut
1146 4866 1367 4939 legitur,
1395 4868 1650 4938 patientia
1681 4869 1782 4924 Dei
1812 4867 1991 4924 adhuc

391 4960 502 5020 illis
528 4961 757 5019 liberum
799 4960 1043 5033 indulget
1069 4960 1351 5018 arbitrium
1384 4980 1396 5016 :
1430 4962 1612 5019 adhuc
1646 4973 1699 5018 et
1742 4974 1792 5019 te
1828 4963 1991 5020 crede

392 5056 733 5114 tentandum.
1905 5099 1910 5104 .

464 5151 559 5210 29.
591 5151 746 5210 Nunc
786 5152 855 5208 ad
897 5152 1057 5208 aliam
1088 5149 1320 5207 strictim
1362 5159 1586 5207 transeo
1610 5149 1993 5223 quaestionem,

393 5228 555 5322 quam
573 5259 628 5303 tu
647 5244 909 5302 adversus
924 5260 1116 5302 omnes
1139 5245 1441 5302 catholicos
1456 5245 1674 5302 vibrare
1692 5246 1893 5317 saepius
1909 5242 1993 5298 di-

394 5340 707 5401 ceris.Nam
724 5341 885 5397 etiam
908 5340 960 5395 in
980 5338 1208 5412 epistola
1222 5346 1309 5395 tua
1326 5340 1417 5395 illa
1432 5338 1868 5397 lucubratissima
1884 5336 2002 5393 haec

472 5542 497 5569 ει
530 5527 1145 5602 Conﬁtentes.....miser_i
1187 5525 1430 5602 hominis.
1472 5522 1548 5602 ita
1593 5520 1999 5602 rescripsimus,

399 5588 977 5676 prateuuteCotelcrio
1010 5601 1062 5654 in
1090 5597 1340 5676 Monum._
1369 5596 1578 5650 Eccles.
1610 5593 1706 5676 Gr.
1743 5588 1876 5676 tum.
1908 5588 1998 5674 lli,

396 5662 456 5747 ᾖ·
494 5675 620 5733 5'26-
653 5673 797 5730 Edili
838 5686 1123 5742 perperam
1151 5666 1808 5747 _conﬁdentes.....miserit
1840 5662 2003 5747 Immi-

400 5735 512 5803 ἵνα.
558 5747 784 5803 Pravam
840 5735 1104 5814 prtitores
1140 5735 2008 5815 riute'rpunctionememendavi:

402 5833 546 5877 mus.
578 5819 667 5874 Sic
709 5807 856 5872 enini
897 5825 1082 5884 antea,
1119 5814 1177 5871 Si
1220 5807 1341 5869 illos
1369 5812 1423 5865 in
1449 5809 1786 5881 oporessione
1813 5807 2009 5860 miserit

2090 4678 2339 4746 habeam,
2362 4678 2417 4731 in
2465 4676 2633 4731 medio
2663 4682 2865 4746 quoque
2905 4670 3087 4745 populi
3125 4669 3400 4725 immunda
3430 4669 3566 4724 labia
3596 4668 3690 4724 ha-

2093 4775 2255 4831 bentis
2284 4772 2463 4827 habito
2483 4768 2644 4843 (lsai.
2680 4783 2757 4833 vr,
2788 4765 2867 4838 5)l
2901 4764 3114 4822 Clamat
3142 4760 3448 4820 Hieremias
3475 4763 3693 4817 :Anima

2090 4870 2147 4923 in
2190 4865 2470 4937 angustiis,
2497 4872 2545 4919 et
2583 4862 2798 4932 spiritus
2837 4861 3028 4915 anxius
3069 4859 3262 4914 clamat
3292 4859 3360 4912 ad
3399 4866 3496 4911 te:
3531 4854 3688 4924 Vide,

2096 4958 2342 5023 Domine,
2374 4966 2424 5013 et
2465 4956 2703 5011 miserere
2727 4950 2979 5023 (Barueh.
3012 4968 3095 5018 ιιι,
3129 4950 3183 5017 1,
3205 4950 3287 5021 2).
3312 4948 3524 5006 Clamat
3553 4950 3699 5005 Aba-

2096 5069 2196 5112 cuc
2230 5074 2241 5109 :
2271 5050 2562 5119 Custodioi,
2593 5058 2639 5105 et
2667 5048 2875 5120 eapavit
2904 5056 3078 5101 venter
3104 5061 3271 5110 meus,
3301 5062 3331 5099 a
3354 5060 3475 5099 voce
3496 5045 3696 5099 oratio-

2097 5166 2225 5207 num
2247 5149 2385 5203 intra
2429 5161 2512 5200 me
2553 5142 2760 5198 turbata
2806 5150 2882 5196 est
2925 5138 3176 5194 habitudo
3202 5155 3319 5195 mea
3347 5136 3633 5212 (Hub.1u,
3668 5134 3694 5193 1

2099 5259 2202 5301 sec.
2237 5234 2432 5314 LXX).
2462 5236 2675 5294 Clamat
2710 5233 2883 5291 David
2921 5252 2933 5288 :
2970 5232 3180 5289 Exaudi
3227 5249 3308 5290 me
3337 5232 3393 5288 in
3429 5241 3523 5287 tua
3540 5232 3704 5306 justi-

2104 5338 2200 5405 tia,
2229 5347 2276 5392 et
2305 5352 2411 5391 non
2439 5335 2604 5389 intres
2632 5330 2689 5385 in
2712 5328 2973 5403 judicium
3001 5346 3113 5385 cum
3136 5345 3281 5384 servo
3310 5339 3420 5395 tuo,
3452 5327 3573 5400 quia
3601 5342 3707 5382 non

2109 5514 2343 5571 homines
2371 5512 2767 5584 comprehensos
2800 5529 2819 5569 :
2848 5513 3035 5569 ultimo
3066 5523 3185 5568 tunc
3208 5509 3409 5580 judicio
3438 5507 3712 5581 intelligis.

2110 5604 2220 5644 esse
2244 5586 2540 5641 damnatos.
2571 5586 2782 5651 Accipe,
2816 5594 2920 5642 etc.
2966 5586 3244 5643 GALLAND.

2186 5662 2211 5698 ι’
2242 5657 2651 5714 Emundatione.
2687 5658 2764 5712 Ita
2789 5658 3068 5726 Schnttus,
3102 5667 3267 5728 atque
3299 5654 3380 5710 sic
3425 5652 3715 5724 legendum

2114 5731 2307 5787 suadet
2333 5745 2438 5784 vox
2488 5744 2723 5800 sequens
2753 5730 3108 5802 purgandum.
3142 5729 3502 5796 Havercamp.
3536 5734 3716 5781 tamen

2117 5803 2305 5865 maluit
2333 5801 2712 5858 emendatione.
2740 5799 3018 5860 GALLAND.
