4060 6352
449 256 589 321 “99

1860 253 2067 317 PAULI
2104 255 2330 317 OROSll

3608 254 3757 317 ιεοε

433 374 820 450 justi/imbitur
866 373 920 427 in
970 380 1253 444 conspectu
1293 379 1380 427 tuo
1427 372 1596 427 omnis
1644 370 1816 427 virens
1856 371 2050 444 (Psal.
2082 375 2129 436 Α
2158 371 2329 428 salvos
2370 373 2509 444 ﬁeri,
2541 371 2674 426 sicut
2720 381 2768 427 et
2818 371 2900 427 illi
2941 371 3081 444 (Aet.
3123 385 3230 441 xv,
3276 370 3374 439 lt),
3407 369 3521 443 ll).
3568 371 3759 429 Petrus

445 485 633 534 cxun,
669 468 720 532 l,
751 467 834 536 2).
864 466 1113 522 Clamant
1142 479 1333 521 omnes
1359 465 1593 536 apostoli
1628 464 1959 519 inﬁrmitatis
1987 465 2050 519 ti-

442 576 598 617 more
641 559 844 616 turbati
878 576 891 612 :
928 558 1166 627 Domine,
1201 557 1363 612 libera
1413 574 1530 622 uos,
1564 557 1791 630 perimus
1827 556 2050 627 (Matth.

445 668 564 721 vm,
613 651 731 722 25).
776 652 989 706 Clamat
1019 651 1259 707 Joannes
1298 668 1309 701 :
1350 650 1412 704 Si
1460 649 1752 704 dixerimus
1802 648 2048 720 quoniam

442 754 716 817 peccatum
746 760 849 800 non
881 744 1148 808 habemus,
1178 742 1282 814 ipsi
1318 759 1412 797 nos
1437 742 1752 811 seducimus,
1785 753 1832 797 et
1860 742 2049 797 veritas

438 838 495 893 in
523 837 672 892 nobis
702 853 808 892 non
848 847 922 892 est
952 834 996 906 (ι
1016 834 1176 893 Joan.
1224 835 1274 899 l,
1305 838 1384 897 8).
1417 834 1634 889 Clamat
1663 835 1899 891 Jacobus
1934 854 1947 891 :
1980 835 2047 891 lu

440 931 620 986 multis
643 931 782 985 enim
824 928 1137 998 o/fendimus
1168 945 1346 983 omnes
1389 925 1599 999 (Iacob.
1630 944 1707 996 ιιι,
1732 928 1813 999 ‘2).
1837 929 2048 987 Clamat

443 1024 645 1081 Paulus
671 1043 683 1078 :
718 1023 923 1094 Infelix
950 1040 1043 1093 ego
1082 1022 1236 1077 homo
1258 1066 1273 1091 ,
1302 1023 1417 1094 quis
1451 1038 1540 1077 me
1559 1022 1801 1078 liberabit
1837 1025 1902 1078 de
1931 1041 2046 1079 eor-

439 1132 567 1186 pore
589 1117 770 1172 mortis
795 1114 993 1189 hujus?
1015 1112 1197 1170 Gratia
1224 1114 1323 1169 Dei
1343 1130 1436 1187 per
1454 1113 1635 1170 Jesum
1653 1111 1913 1170 Christum
1936 1113 2046 1170 Do-

438 1208 636 1262 minum
666 1219 902 1262 uostruut
930 1206 1111 1279 (Rom.
1145 1222 1240 1271 vn,
1265 1208 1356 1275 “ll,
1381 1205 1499 1277 ‘25).
1528 1207 1595 1262 Et
1626 1216 1683 1262 ut
1709 1207 2046 1278 generaliter

438 1302 827 1359 universorum
855 1301 1058 1358 clamet
1084 1300 1401 1366 infirmitas,
1433 1302 1631 1356 clamat
1656 1302 1893 1372 Spiritus
1919 1318 2045 1358 san-

433 1405 557 1451 ctus
587 1394 644 1450 in
679 1394 886 1451 sanetis
916 1413 928 1448 :
966 1394 1149 1449 Omnis
1180 1411 1301 1449 caro
1333 1396 1509 1465 fenum
1540 1404 1589 1448 et
1613 1393 1784 1469 gloria
1813 1394 2065 1451 hominis-

432 1487 565 1541 sicut
586 1489 685 1557 [los
711 1486 843 1557 feni.
874 1483 1081 1541 Feuum
1116 1486 1283 1553 aruit,
1310 1489 1411 1558 [los
1442 1485 1632 1541 decidit
1660 1502 1681 1541 :
1713 1487 1922 1543 verbum
1947 1505 2043 1542 au-

434 1589 538 1634 tent
567 1577 785 1633 Domini
817 1588 988 1634 manet
1021 1578 1075 1631 in
1105 1585 1363 1632 cateruam
1390 1575 1547 1645 (Isai.
1584 1594 1658 1645 st,
1688 1578 1836 1651 6-8).

502 1670 603 1727 '50.
636 1670 837 1726 Contra
868 1669 968 1725 has
1002 1680 1109 1724 tam
1138 1669 1475 1741 Splendidas,
1501 1670 1936 1742 perspiettasqne
1957 1671 2041 1728 di-

2157 465 2437 536 apostolus
2455 462 2622 519 dicit:
2648 463 2771 535 quia
2802 464 2896 520 illc
2923 480 3050 521 vere
3078 464 3247 521 Deum
3268 473 3465 531 tentet,
3490 465 3582 532 qui
3611 479 3758 522 nunc

2155 554 2362 610 lintnini
2388 569 2527 608 mins
2552 554 2686 625 legis
2715 555 2969 610 moliatur
3000 553 3283 626 imponere
3310 573 3324 609 :
3352 568 3544 611 contra
3574 565 3667 610 ant
3704 572 3757 613 tu

2155 656 2208 701 tu
2239 646 2436 716 objieis
2465 656 2522 703 et
2547 647 2794 717 minaris,
2825 647 2968 717 quod
3002 648 3093 705 ille
3123 649 3446 705 criminetur
3474 648 3758 719 iniustitia:

2153 739 2345 807 Deum,
2378 739 2465 812 qui
2492 754 2589 811 per
2609 740 3012 798 confessionem
3040 742 3277 813 propria:
3305 742 3661 809 inﬁrmitatis,
3685 741 3757 799 ad

2150 832 2376 903 gratiam
2410 832 2636 902 spiritus
2687 848 2716 886 a
2746 832 2930 888 littera
2976 834 3263 891 occidente
3306 833 3607 905 confugiat.
3658 834 3761 891 Sac

2150 926 2317 992 muel,
2371 924 2572 991 llelias,
2629 924 2917 995 Heliseus,
2982 925 3191 994 Esaias,
3256 926 3583 995 Hieremias,
3646 926 3758 1007 pa.

2150 1017 2293 1080 niel,
2352 1017 2680 1086 Zacharias,
2735 1033 2926 1073 omnes
2980 1019 3192 1088 sancti,
3247 1016 3331 1077 t'el
3377 1018 3624 1090 iudices,
3673 1019 3757 1077 vel

2150 1124 2337 1180 rcges,
2396 1109 2485 1164 vel
2546 1108 2872 1181 propheue,
2915 1118 3100 1179 patres
3168 1111 3289 1167 sine
3341 1110 3515 1166 dubio
3580 1111 3756 1168 nostri

2145 1211 2306 1268 sunt,
2349 1210 2409 1258 et
2472 1203 2745 1257 neminem
2814 1211 3030 1272 patrum
3079 1202 3276 1260 Petrus
3337 1203 3595 1268 affirmat,
3658 1202 3756 1260 sed

2144 1297 2305 1370 621
2353 1312 2528 1368 neque
2586 1297 2940 1367 semctipsos,
2990 1296 3094 1354 hoc
3121 1308 3227 1366 est,
3270 1298 3576 1370 apostolos,
3629 1312 3755 1354 cum

2143 1388 2548 1457 essentJuda-i,
2566 1405 2704 1445 onus
2736 1389 2869 1460 legis
2893 1388 3035 1444 ferre
3061 1390 3321 1460 potuisse,
3352 1388 3447 1445 scd
3475 1388 3578 1446 fide
3598 1386 3758 1445 Chri-

2142 1484 2212 1539 sti
2234 1484 2531 1540 secundum
2562 1498 2717 1554 spem
2739 1483 2926 1554 gratim
2955 1481 3127 1538 fuisse
3157 1483 3420 1539 salvatos.

2214 1577 2303 1636 51.
2335 1577 2418 1632 Au
2450 1576 2588 1632 forte
2611 1576 2911 1633 secundum
2943 1586 2995 1632 te
3018 1591 3212 1632 omnes
3238 1576 3326 1632 isti
3364 1577 3538 1633 sancti
3571 1585 3759 1648 patres

2147 1671 2591 1742 Dciadjutorium
2621 1685 2729 1726 non
2763 1669 3073 1726 habebant?
3102 1670 3244 1727 Ecce
3270 1670 3472 1726 Petrus
3503 1672 3758 1740 increpat

433 1764 686 1820 vinorum
731 1764 906 1820 nubes
951 1764 1413 1833 testimoniorum,
1455 1764 1642 1819 audiat
1672 1763 1932 1822 laborans
1982 1767 2037 1822 in
2068 1767 2117 1829 B
2144 1765 2292 1830 illos,
2328 1764 2417 1835 qui
2447 1779 2618 1833 grave
2641 1761 2831 1835 jugnnt
2863 1762 3013 1819 collo
3052 1762 3379 1818 discentium
3426 1779 3633 1833 ponere
3664 1780 3756 1818 co-

427 1861 634 1931 gemitu
666 1876 769 1915 suo
806 1859 1041 1917 mundus
1085 1859 1376 1915 universus
1411 1858 1693 1929 Pelagium
1729 1860 2037 1917 reclaman-

429 1962 539 2007 tem
571 1971 583 2005 :
614 1959 779 2022 atque
833 1950 1025 2007 humili
1077 1950 1303 2006 veritati
1360 1965 1469 2005 non
1517 1951 1700 2006 Solum
1744 1952 2034 2009 verborum

424 2043 787 2115 impudentia,
836 2044 937 2101 sed
974 2043 1139 2100 etiam
1181 2042 1491 2100 cauteribus
1534 2044 1907 2100 resistentem.
1944 2046 2036 2100 Ait

424 2138 573 2194 enim
606 2137 658 2192 in
684 2136 942 2207 epistola,
975 2152 1138 2207 quam
1183 2151 1350 2206 supra
1387 2135 1788 2191 nominavimus
1821 2154 1834 2188 :
1869 2154 1888 2188 t
1929 2135 2036 2192 Ve-

423 2246 550 2287 rum
579 2230 900 2287 econtrario
929 2229 1167 2285 remisso
1199 2242 1263 2284 ac
1295 2226 1584 2284 fastidiose
1614 2227 1801 2284 animo
1837 2244 1902 2285 ac
1938 2244 2034 2286 ne~

422 2340 587 2396 quam
637 2338 735 2378 ore
794 2337 895 2379 nos
949 2322 1185 2377 Domino
1233 2321 1596 2377 reclamamns
1650 2331 1707 2376 ει
1753 2321 2030 2378 dicimus:

424 2418 632 2473 Durum
656 2428 762 2483 est,
790 2416 1019 2471 arduum
1046 2425 1152 2481 εει,
1184 2430 1290 2470 non
1316 2428 1633 2487 possumus,
1658 2414 1912 2471 homines
1940 2432 2032 2472 su-

422 2524 568 2575 mus,
603 2506 782 2579 fragili
828 2522 994 2563 carne
1043 2506 1471 2561 circumdamur.
1507 2505 1597 2572 Et,
1631 2522 1664 2560 o
1714 2522 1916 2563 carcam
1949 2508 2028 2563 in-

420 2604 670 2659 saniam!
724 2610 811 2669 et,
876 2618 909 2655 ο
980 2601 1263 2672 profanam
1332 2600 1730 2661 temeritatem!
1794 2602 2029 2673 duiilieis

415 2696 743 2769 ignorantia:
769 2710 1095 2752 accusamus
1124 2696 1374 2751 scientiae
1405 2696 1694 2752 Dominum
1729 2716 1740 2751 :
1776 2706 1836 2752 ut
1861 2698 2028 2770 620

416 2790 665 2846 videatur
689 2789 925 2854 nescire,
959 2788 1102 2860 quod
1124 2788 1538 2860 fecitmesrire,
1570 2792 1715 2860 quod
1742 2790 1927 2859 jussit.
1959 2792 2028 2845 Et

418 2884 571 2953 (ιιιδεί
604 2881 815 2937 oblitus
840 2880 1151 2952 fragilitatis
1184 2880 1459 2947 humanm,
1490 2881 1647 2953 cujus
1688 2893 1881 2938 auctor
1906 2882 2028 2954 ipse

416 2985 522 3043 est,
581 2974 913 3045 imposuerit
956 2971 1165 3029 homini
1214 2972 1358 3044 quod
1410 2972 1557 3029 ferre
1613 2990 1718 3029 non
1774 2975 1963 3044 possit.
2000 2994 2019 3027 ι

415 3068 556 3136 Quid
612 3083 746 3140 rogo
789 3067 893 3124 hac
938 3068 1366 3138 praesumptione
1415 3068 1675 3125 feralius?
1724 3069 1864 3139 Quid
1923 3069 2026 3128 hac

2142 1859 2415 1917 nabantur
2444 1876 2458 1913 :
2494 1872 2548 1914 tu
2578 1860 2891 1915 econtrario
2921 1859 2975 1914 in
3024 1857 3342 1914 scandalum
3383 1858 3530 1914 Petri
3573 1859 3754 1929 incre;

2141 1970 2235 2025 pas
2267 1968 2396 2021 eos,
2429 1953 2519 2023 qui
2566 1951 2636 2007 ad
2676 1951 2893 2008 ﬁdelem
2935 1951 3036 2007 Dei
3082 1950 3515 2008 misericordiam
3559 1951 3753 2006 confu-

2136 2049 2334 2119 giunt:
2370 2056 2425 2102 ει
2452 2061 2513 2102 se
2553 2062 2649 2117 per
2701 2045 3026 2116 semctipsos
3067 2059 3207 2101 onus
3247 2044 3381 2117 legis
3429 2047 3578 2101 ferre
3611 2045 3753 2100 ditti-

2135 2140 2290 2195 dunt.
2319 2138 2426 2196 Sed
2455 2139 2550 2194 tibi
2574 2138 2832 2209 specialis
2860 2137 2987 2193 inde
3011 2137 3263 2209 portandi
3293 2137 3481 2194 oneris
3514 2138 3749 2196 fortasse

2137 2232 2332 2287 ﬁducia
2379 2239 2485 2296 est,
2534 2230 2681 2302 quod
2733 2229 2946 2285 balneis
2996 2231 3286 2303 epulisque
3327 2231 3567 2288 nutritus
3612 2232 3749 2290 latos

2135 2324 2395 2381 humeros
2442 2334 2625 2396 gestas
2665 2323 3056 2394 robustumque
3091 2324 3363 2381 cervicem
3403 2342 3415 2377 :
3447 2324 3747 2395 przeferens

2131 2420 2296 2474 etiam
2330 2419 2382 2473 in
2425 2420 2604 2476 fronte
2649 2417 3071 2489 pinguedinem,
3110 2420 3257 2475 sicut
3311 2422 3580 2490 scriptum
3617 2429 3742 2496 est;

2129 2510 2367 2567 Tetendit
2400 2513 2536 2567 εηίιιι
2560 2511 2810 2568 adversus
2842 2512 3010 2568 Deum
3042 2528 3253 2567 manum
3288 2530 3383 2569 sua
3405 2533 3437 2568 lt
3477 2528 3526 2569 ει
3561 2525 3743 2570 contra

2129 2606 2530 2676 omnipotentem
2570 2605 2845 2661 roboratus
2875 2616 2973 2663 est.
3018 2607 3259 2663 Cucurrit
3305 2608 3583 2664 aduersum
3628 2626 3741 2665 eum

2127 2708 2297 2753 erecto
2319 2700 2475 2766 collo,
2506 2710 2554 2753 et
2582 2700 2769 2773 pingui
2789 2702 2985 2757 cervice
3007 2711 3242 2756 armatus
3280 2714 3377 2758 est.
3409 2701 3630 2775 Operuit
3655 2710 3739 2776 [ac

2128 2792 2255 2846 ciem
2275 2794 2390 2865 ejus
2404 2792 2718 2861 crassitudo,
2744 2804 2791 2848 et
2822 2792 2886 2849 de
2913 2792 3160 2850 lateribus
3191 2797 3302 2867 ejus
3333 2798 3519 2850 arvina
3549 2797 3737 2869 depen-

2127 2884 2209 2940 det
2239 2883 2394 2959 (Job.
2422 2902 2514 2952 xv,
2540 2885 2755 2957 25-27).
2800 2887 2872 2943 At
2919 2886 2995 2941 illi
3027 2886 3163 2943 tales
3189 2903 3312 2945 esse
3342 2905 3451 2944 non
3486 2898 3733 2961 possu..t,

2126 2977 2329 3049 quibus
2353 2992 2573 3049 semper
2613 2978 2668 3034 in
2706 2980 2877 3035 corde
2909 2979 3152 3051 loquitur
3178 2979 3432 3038 Christus
3465 2998 3477 3033 :
3512 2980 3736 3036 Conten-

2127 3070 2235 3126 dite
2264 3088 2356 3139 per
2379 3082 2654 3143 angustam
2697 3072 2834 3126 riam
2878 3073 3093 3128 introire
3126 3089 3146 3128 :
3173 3074 3282 3129 lata
3314 3083 3390 3131 est
3419 3075 3555 3129 enim
3578 3116 3593 3142 ,
3624 3092 3732 3146 qua:

414 3160 792 3231 increpatione
851 3161 1205 3230 perversius?
1250 3161 1567 3232 Exprobras
1623 3163 1885 3221 Ecclesiae
1930 3147 2091 3222 εει-(3
2124 3162 2266 3219 ducit
2311 3164 2381 3218 ad
2405 3173 2619 3219 utortem
2645 3162 2863 3235 (Matth.
2892 3180 2990 3232 vn,
3027 3169 3124 3235 15;
3151 3165 3280 3222 Luc.
3329 3182 3448 3235 xm,
3500 3169 3620 3240 24).
3666 3170 3733 3225 Et

411 3253 653 3319 tholicac,
677 3253 835 3324 cujus
867 3268 971 3308 nos
998 3253 1206 3310 viscera
1230 3268 1443 3320 sumus,
1476 3255 1620 3326 quod
1647 3257 1803 3327 quasi
1837 3257 2020 3316 dicere

414 3347 759 3417 desperando
797 3349 1067 3416 videatur,
1113 3348 1259 3420 quod
1305 3349 1470 3415 Dens,
1524 3360 1717 3406 auctor
1757 3351 2017 3421 hominis,

417 3441 745 3510 imposuerit
790 3440 1020 3513 homini,
1062 3442 1209 3513 quod
1252 3441 1405 3500 ferre
1458 3459 1567 3499 non
1616 3447 1786 3515 possit
1819 3465 1830 3499 :
1863 3449 2020 3517 cujus

410 3545 594 3592 tamen
626 3535 949 3593 ﬁdeli5>illla
972 3546 1056 3593 est
1085 3548 1138 3594 et
1169 3553 1265 3595 ore
1291 3549 1346 3595 et
1380 3538 1689 3596 humilitate
1714 3540 2013 3612 professio:

412 3628 585 3688 Deum
617 3639 675 3689 et.
705 3632 881 3703 primo
909 3634 1095 3690 omnia
1123 3636 1404 3706 possibilia
1438 3639 1787 3710 praecepisse,
1829 3651 1886 3696 et
1922 3657 2018 3699 ne-

414 3726 566 3782 mine
625 3736 807 3784 tamcn
863 3728 1141 3798 possibilia
1203 3730 1537 3801 complente,
1601 3743 1826 3804 promer
1871 3735 2017 3806 quod

411 3817 663 3874 subditus
683 3820 755 3875 sit
775 3817 955 3874 omnis
979 3819 1214 3875 mundus
1240 3820 1378 3891 Deo,
1406 3834 1595 3891 postea
1631 3823 1842 3895 pondus
1872 3841 2014 3897 prte-

413 3911 558 3981 ccpti
600 3912 896 3968 substituto
926 3911 1116 3983 gratiae
1156 3912 1491 3984 indulgentia
1537 3914 1875 3973 sublevasse.
1910 3918 2015 3975 Ve-

410 4015 714 4061 rumtamen
748 4015 829 4075 tu,
878 4021 1039 4062 serve
1071 4022 1304 4077 nequam
1352 4019 1404 4063 et
1436 4007 1695 4082 maligne,
1734 4012 1828 4081 qui
1866 4011 2014 4081 quod

412 4101 512 4157 tibi
554 4100 809 4158 dominus
862 4112 988 4157 tuus
1031 4100 1265 4169 remisit,
1309 4105 1591 4160 conservis
1637 4105 1744 4161 tuis
1794 4107 2013 4165 conaris

408 4194 629 4266 exigere
681 4191 899 4265 (Matth.
933 4209 1086 4263 xvut,
1116 4193 1312 4266 29-59.)
1348 4214 1359 4248 :
1395 4206 1548 4253 tuum
1598 4197 1832 4266 primum
1884 4213 2013 4256 scn-

407 4302 527 4342 sum
561 4286 822 4352 discutio,
861 4295 917 4342 et
963 4302 1143 4342 meum
1176 4298 1385 4357 postea,
1408 4290 1452 4344 si
1480 4289 1718 4356 videtur,
1751 4292 2008 4364 explano.

406 4375 491 4433 Tu
520 4379 611 4448 qui
641 4393 749 4433 non
783 4392 946 4449 posse
974 4376 1117 4434 ferre
1146 4393 1287 4433 onus
1331 4380 1464 4451 legis
1500 4380 1706 4438 dixisse
1739 4383 2009 4455 quosdam

406 4470 614 4540 arguis,
656 4486 786 4540 ergo
820 4478 875 4524 tu
923 4470 1102 4539 ipsum
1151 4469 1298 4525 ferre
1331 4484 1492 4540 posse
1529 4471 1798 4528 conﬁdis?
1835 4474 1879 4530 Ο
1907 4474 2010 4530 mi-

2125 3258 2325 3314 Paulus
2354 3258 2633 3329 apostolus
2663 3269 2849 3316 monet
2879 3279 2892 3314 :
2928 3260 3119 3316 Curam
3147 3263 3325 3317 carnis
3347 3279 3411 3318 ne
3430 3262 3659 3332 feceritis
3682 3264 3732 3319 iu

2123 3350 2548 3422 concupiscentiis
2575 3350 2754 3421 (llam.
2785 3368 2903 3419 xm,
2932 3353 3045 3427 ll).
3067 3352 3162 3410 Est
3182 3355 3236 3410 in
3259 3371 3339 3409 me
3366 3356 3553 3410 reritas
3577 3355 3730 3411 Chri-

2120 3445 2188 3499 sti
2219 3444 2287 3518 (ll
2316 3444 2437 3501 Cor.
2471 3460 2548 3513 XI,
2576 3444 2673 3513 l0;
2707 3446 2861 3501 Rom.
2893 3463 2977 3518 ιι,
3015 3451 3068 3518 l,
3100 3449 3157 3521 2)
3181 3492 3196 3519 ,
3226 3450 3351 3522 quia
3375 3451 3606 3507 multum
3635 3451 3730 3507 do-

2122 3540 2208 3596 leo
2253 3555 2354 3612 pro
2381 3540 2556 3623 vobis.
2605 3540 2771 3596 Juxta
2816 3544 3148 3600 sententiam
3180 3545 3328 3601 enim
3373 3546 3517 3602 beati
3557 3547 3728 3618 patris

2122 3633 2232 3688 mei
2263 3633 2581 3709 Augustini,
2636 3652 2655 3686 ι
2679 3633 2798 3690 Non
2829 3644 2915 3691 est
2940 3634 3058 3692 sani
3091 3636 3305 3705 fiducia,
3334 3638 3435 3707 sed
3461 3639 3666 3695 insani.
3701 3658 3720 3691 s

2122 3725 2198 3781 De
2229 3741 2338 3781 uno
2371 3735 2645 3796 prmccpto
2673 3726 2980 3797 eodemque
3011 3728 3209 3799 primo,
3263 3738 3337 3798 te,
3363 3730 3411 3787 si
3448 3729 3722 3803 dignaris,

2117 3819 2418 3892 interrogo.
2454 3820 2511 3876 1n
2547 3819 2668 3892 lege
2698 3821 2961 3878 Dominus
2984 3837 3084 3894 per
3106 3823 3329 3896 Moysen
3362 3825 3543 3896 jubet,
3575 3827 3721 3897 quod

2119 3923 2174 3970 et
2205 3916 2256 3968 in
2281 3912 2595 3985 Evangeliis
2622 3914 2874 3971 Christus
2892 3918 3129 3972 affirmat
3160 3934 3175 3973 :
3209 3916 3412 3991 Diliges
3436 3918 3724 3976 Dominum

2121 4006 2284 4062 Deum
2313 4016 2458 4061 tuum
2477 4024 2543 4062 ex
2573 4017 2680 4063 toto
2699 4009 2855 4081 corde
2874 4018 2986 4075 tuo,
3014 4019 3063 4065 et
3091 4027 3158 4066 ea:
3187 4020 3296 4071 tota
3334 4013 3509 4068 anima
3538 4024 3650 4084 tua,
3673 4024 3722 4087 et

2118 4114 2180 4152 ex
2201 4100 2320 4153 totis
2347 4099 2539 4155 viribus
2569 4100 2669 4155 tttis
2697 4118 2714 4157 :
2743 4113 2789 4156 et
2811 4103 3099 4158 secundum
3127 4105 3292 4162 simile
3330 4105 3453 4161 huic
3476 4124 3497 4163 :
3523 4107 3718 4181 Diliges

2117 4190 2566 4259 proaituumtuum
2591 4201 2852 4263 tamquam
2865 4201 2910 4247 te
2922 4194 3089 4265 ipsum
3118 4195 3299 4267 (Deut.
3322 4214 3397 4267 v1,
3426 4201 3490 4266 5;
3525 4199 3716 4256 Matth.

2116 4297 2229 4336 xm
2248 4323 2262 4350 ,
2294 4284 2516 4355 57-53).
2548 4283 2702 4356 [tego
2731 4295 2805 4351 te,
2835 4286 3111 4357 responde
3133 4305 3238 4344 non
3268 4291 3422 4356 mihi,
3448 4292 3545 4347 sed
3562 4294 3672 4349 Deo
3700 4311 3717 4350 ι

2114 4391 2221 4431 non
2248 4391 2407 4442 voce,
2432 4376 2529 4433 sed
2552 4379 2917 4446 conscientia,
2947 4380 2996 4437 si
3027 4382 3100 4437 ita
3120 4399 3189 4439 ex
3213 4393 3331 4440 toto
3353 4386 3520 4441 corde
3546 4387 3717 4447 Deum

2112 4468 2317 4541 diligis,
2351 4482 2412 4526 ut
2438 4472 2643 4528 nullam
2674 4488 2928 4546 umquam
2962 4475 3015 4531 in
3045 4492 3110 4531 eo
3140 4477 3557 4550 cogitationem,
3589 4499 3713 4554 qua:

406 4578 520 4629 ser,
542 4563 634 4635 qui
667 4561 966 4618 secundum
994 4562 1140 4634 quod
1170 4563 1435 4635 scriptum
1468 4573 1573 4630 est,
1597 4564 1737 4620 dicis
1765 4566 1816 4623 in
1842 4569 2010 4626 corde
2036 4549 2090 4611 Ῑ)
2114 4561 2322 4634 absque
2368 4563 2567 4621 timore
2608 4574 2663 4622 et
2686 4566 2979 4625 dilectione
3013 4568 3106 4624 Dei
3137 4570 3362 4644 intelligi
3395 4549 3717 4644 possin—ad.

401 4666 500 4712 tuo
531 4675 543 4709 :
572 4655 725 4711 Dives
750 4671 866 4710 sum
896 4663 946 4710 et
975 4655 1194 4723 ditatus,
1224 4664 1273 4709 et
1302 4656 1502 4710 nullius
1537 4656 1615 4711 rei
1643 4673 1790 4730 egeo,
1834 4669 1881 4714 et
1912 4677 2007 4716 ne-

400 4751 505 4806 scis
524 4749 647 4820 quia
675 4757 731 4803 tu
752 4764 804 4802 es
824 4748 979 4803 miser
1006 4757 1054 4802 et
1089 4746 1400 4803 miserabilis
1439 4759 1485 4803 et
1512 4765 1731 4823 pauper,
1762 4763 1812 4806 et
1842 4768 2007 4812 aecus

399 4852 449 4897 et
480 4844 649 4897 nudus
678 4841 869 4914 (Apoc.
900 4856 981 4906 ιιι,
1015 4839 1129 4913 l7).
1174 4840 1447 4914 Numquid
1475 4843 1544 4899 ad
1588 4854 1641 4900 te
1671 4845 1885 4904 locutus
1920 4861 2004 4906 est

396 4934 691 4993 Christus:
721 4936 885 4990 Amen
924 4935 1040 4989 dico
1071 4934 1188 5004 tibi,
1227 4953 1332 4990 non
1378 4937 1470 4990 tibi
1511 4939 1753 4994 reuelauit
1798 4960 1923 4998 cara
1952 4954 2002 4999 et

397 5030 631 5101 sanguis,
663 5027 752 5084 sed
792 5026 949 5083 Pater
978 5044 1118 5083 meus
1146 5028 1235 5100 qui
1272 5039 1347 5084 cst
1376 5030 1431 5084 in
1460 5030 1600 5086 caelis
1630 5031 1850 5104 (Matth.
1879 5052 1995 5107 xvr,

402 5125 527 5191 i7)?
550 5121 821 5193 Numquid
852 5121 948 5176 tibi
980 5119 1118 5176 dixit
1146 5138 1157 5172 :
1190 5118 1267 5175 Tu
1296 5121 1555 5178 vocaberis
1581 5123 1780 5195 Cephas
1808 5125 1994 5196 (Jouu.

398 5215 443 5283 Ι,
472 5214 609 5287 42)?
639 5215 908 5287 Numquid
932 5214 1028 5270 tibi
1069 5215 1362 5287 spOpondit
1391 5232 1406 5271 :
1433 5217 1604 5289 Super
1640 5219 1773 5275 hanc
1800 5234 1997 5294 petram

396 5306 949 5381 fundaboEcclesiam
993 5323 1163 5361 meam
1190 5306 1409 5380 (Matth.
1441 5324 1554 5377 xvr,
1586 5312 1718 5382 18)?
1761 5314 1995 5372 Attende

392 5405 537 5462 enim
568 5402 695 5477 quid
727 5404 919 5459 Petrus
948 5401 1246 5474 apostolus,
1276 5401 1479 5473 Spiritu
1510 5417 1701 5462 sancto
1737 5406 1991 5481 docente,

392 5504 739 5554 commoneat
769 5495 861 5567 qui
911 5494 988 5549 ait
1022 5511 1035 5547 :
1066 5491 1135 5547 Et
1166 5509 1302 5548 nunc
1349 5510 1474 5565 ergo
1517 5511 1606 5550 vos
1635 5499 1761 5569 quid
1788 5503 1998 5558 tentalis

390 5588 582 5658 Deum,
615 5589 884 5660 imponere
907 5587 1097 5659 jugum
1128 5586 1265 5641 collo
1294 5585 1625 5655 discentium,
1657 5594 1796 5660 quod
1830 5611 1995 5665 neque

388 5700 485 5740 nos
518 5684 642 5756 ipsi,
685 5696 849 5751 neque
884 5686 1058 5751 patres
1092 5679 1253 5733 nostri
1296 5679 1561 5748 potuimus
1616 5689 1869 5750 portare?
1901 5687 1993 5742 sed

384 5778 559 5852 gratia
601 5773 812 5830 Domini
845 5772 1012 5827 nostri
1035 5772 1165 5827 Iesu
1206 5772 1403 5828 Christi
1437 5772 1695 5832 credimus
1726 5794 1819 5835 nos
1842 5797 1992 5851 posse

2118 4658 2303 4714 mittas
2334 4677 2347 4713 :
2379 4660 2423 4715 si
2450 4660 2522 4716 ita
2565 4659 2618 4716 in
2661 4668 2772 4718 tota
2824 4663 3004 4717 anima
3044 4665 3327 4736 sequeris,
3362 4679 3419 4723 nt
3455 4679 3715 4740 suscepta

2112 4752 2279 4808 semel
2312 4767 2474 4809 cruce
2502 4754 2555 4810 in
2582 4755 2787 4811 nullan]
2819 4756 3033 4826 penitus
3055 4757 3479 4815 oblectationem
3512 4761 3714 4819 habitae

2111 4844 2179 4900 ad
2211 4853 2424 4916 tempus
2449 4845 2803 4915 iucunditatis
2830 4847 3093 4903 succedas
3129 4866 3140 4902 :
3173 4850 3219 4904 si
3252 4850 3326 4906 ita
3366 4851 3421 4908 in
3468 4853 3601 4910 totis
3629 4856 3711 4910 vi-

2110 4936 2355 4995 sceribus
2387 4940 2494 4994 tuis
2534 4939 2720 4996 calore
2764 4938 3046 4997 charitatis
3072 4943 3253 5012 antes,
3280 4953 3341 5000 ut
3369 4945 3522 5002 nulla
3553 4946 3711 5019 peni-

2107 5041 2197 5087 tus
2227 5047 2323 5103 per
2349 5043 2635 5103 augmenta
2668 5034 3014 5091 necessitatis
3047 5035 3261 5092 infirma
3310 5042 3711 5112 concupiscen-

2103 5128 2195 5184 tiis
2221 5137 2316 5185 aut
2346 5127 2635 5184 desideriis
2659 5128 3002 5198 acquiescas.
3051 5129 3258 5187 Deinde
3288 5147 3412 5188 cum
3438 5136 3705 5206 scriptum

2101 5222 2172 5276 sit
2206 5239 2218 5277 :
2258 5222 2421 5295 622
2479 5221 2642 5276 Omne
2677 5220 2815 5293 quod
2856 5239 2960 5276 non
2997 5224 3063 5279 sit
3092 5241 3155 5280 ex
3185 5226 3290 5296 [ide
3329 5237 3601 5301 peceatum
3641 5230 3708 5285 sit

2100 5312 2278 5385 (llam.
2313 5329 2425 5381 xiv,
2458 5314 2551 5385 9.5)
2583 5324 2680 5370 :et
2706 5313 2823 5370 sive
2845 5314 3110 5371 nobilium
3135 5317 3380 5376 locorum
3412 5322 3705 5393 episcopos

2101 5407 2329 5477 videris,
2355 5407 2469 5463 sive
2498 5417 2752 5479 potentes
2778 5408 2967 5463 saeculi
2995 5409 3173 5477 viros,
3215 5412 3333 5468 sive
3378 5413 3578 5473 divites
3604 5415 3703 5472 sub

2096 5501 2361 5575 religione
2391 5501 2603 5570 videas,-
2634 5512 2814 5557 utrum
2844 5502 3069 5558 omnino
3098 5503 3236 5562 nihil
3259 5506 3343 5562 vel
3374 5509 3698 5577 adulationi,

2097 5594 2180 5649 vel
2213 5593 2544 5661 timori,.vel
2591 5595 2710 5664 spei
2751 5596 3072 5665 acceptione
3105 5612 3467 5668 personarum
3508 5612 3698 5675 captus

2095 5686 2403 5757 indulgeas,
2437 5702 2541 5743 nec
2577 5685 2872 5757 quidquam
2902 5686 2954 5741 in
2987 5704 3097 5759 quo
3124 5700 3175 5746 te
3197 5706 3293 5746 cor
3324 5700 3474 5747 tuum
3514 5711 3697 5766 repre-

2094 5778 2313 5851 hendat,
2347 5786 2404 5837 et
2432 5780 2770 5861 conscientia
2795 5781 3129 5850 remordeat,
3166 5782 3249 5840 vel
3278 5785 3325 5840 si
3354 5785 3505 5843 nulla
3534 5790 3695 5857 verba
