  <div class='ocr_page' id='page_1' title='image "/cluster/home/n/w/nwhite01/storage/ocr_20150623/31/hvd.32044015471444/606.png"; bbox 0 0 4076 6352; ppageno 0'>
   <div class='ocr_carea' id='block_1_1' title="bbox 369 349 499 408">
    <p class='ocr_par' dir='ltr' id='par_1_1' title="bbox 369 349 499 408">
     <span class='ocr_line' id='line_1_1' title="bbox 369 349 499 408; baseline -0.023 0"><span class='ocrx_word' id='word_1_1' title='bbox 369 349 499 408; x_wconf 65' lang='grc' dir='ltr'><strong>ίὲθὶ</strong></span> 
     </span>
    </p>
   </div>
   <div class='ocr_carea' id='block_1_2' title="bbox 1456 343 2596 406">
    <p class='ocr_par' dir='ltr' id='par_1_2' title="bbox 1456 343 2596 406">
     <span class='ocr_line' id='line_1_2' title="bbox 1456 343 2596 406; baseline 0.003 -5"><span class='ocrx_word' id='word_1_2' title='bbox 1456 344 1662 401; x_wconf 76' lang='lat' dir='ltr'><strong>LIBER</strong></span> <span class='ocrx_word' id='word_1_3' title='bbox 1706 345 1793 401; x_wconf 78' lang='lat' dir='ltr'><strong>DF.</strong></span> <span class='ocrx_word' id='word_1_4' title='bbox 1832 343 2136 403; x_wconf 75' lang='lat' dir='ltr'><strong>ARBITRII</strong></span> <span class='ocrx_word' id='word_1_5' title='bbox 2178 346 2596 406; x_wconf 74' lang='lat' dir='ltr'><strong>LIREliTATE.</strong></span> 
     </span>
    </p>
   </div>
   <div class='ocr_carea' id='block_1_3' title="bbox 3526 345 3669 403">
    <p class='ocr_par' dir='ltr' id='par_1_3' title="bbox 3526 345 3669 403">
     <span class='ocr_line' id='line_1_3' title="bbox 3526 345 3669 403; baseline -0.014 0"><span class='ocrx_word' id='word_1_6' title='bbox 3526 345 3669 403; x_wconf 67' lang='lat'><strong>1202</strong></span> 
     </span>
    </p>
   </div>
   <div class='ocr_carea' id='block_1_4' title="bbox 370 462 3669 539">
    <p class='ocr_par' dir='ltr' id='par_1_4' title="bbox 370 462 3669 539">
     <span class='ocr_line' id='line_1_4' title="bbox 370 462 3669 539; baseline -0.001 -17"><span class='ocrx_word' id='word_1_7' title='bbox 370 465 601 539; x_wconf 90' lang='lat' dir='ltr'><strong>tempori</strong></span> <span class='ocrx_word' id='word_1_8' title='bbox 634 464 814 538; x_wconf 97' lang='lat' dir='ltr'><strong>potius</strong></span> <span class='ocrx_word' id='word_1_9' title='bbox 852 479 1014 536; x_wconf 89' lang='lat' dir='ltr'><strong>quam</strong></span> <span class='ocrx_word' id='word_1_10' title='bbox 1036 464 1254 521; x_wconf 91' lang='lat' dir='ltr'><strong>veritati</strong></span> <span class='ocrx_word' id='word_1_11' title='bbox 1293 463 1705 520; x_wconf 90' lang='lat' dir='ltr'><strong>accommodata</strong></span> <span class='ocrx_word' id='word_1_12' title='bbox 1746 476 1968 532; x_wconf 81' lang='lat' dir='ltr'><strong>rcSpon-</strong></span> <span class='ocrx_word' id='word_1_13' title='bbox 1994 465 2044 524; x_wconf 76' lang='grc' dir='ltr'><strong>Α</strong></span> <span class='ocrx_word' id='word_1_14' title='bbox 2071 462 2141 519; x_wconf 91' lang='lat' dir='ltr'><strong>de</strong></span> <span class='ocrx_word' id='word_1_15' title='bbox 2168 479 2273 535; x_wconf 86' lang='lat' dir='ltr'><strong>qua</strong></span> <span class='ocrx_word' id='word_1_16' title='bbox 2303 466 2536 521; x_wconf 80' lang='lat' dir='ltr'><strong>vertitur</strong></span> <span class='ocrx_word' id='word_1_17' title='bbox 2562 466 2797 537; x_wconf 64' lang='lat' dir='ltr'><strong>qumstio</strong></span> <span class='ocrx_word' id='word_1_18' title='bbox 2828 484 2840 520; x_wconf 77' lang='lat'><strong>2</strong></span> <span class='ocrx_word' id='word_1_19' title='bbox 2874 465 2970 521; x_wconf 89' lang='lat' dir='ltr'><strong>sed</strong></span> <span class='ocrx_word' id='word_1_20' title='bbox 2994 466 3139 538; x_wconf 84' lang='lat' dir='ltr'><strong>quod</strong></span> <span class='ocrx_word' id='word_1_21' title='bbox 3172 466 3303 523; x_wconf 81' lang='lat' dir='ltr'><strong>dicit</strong></span> <span class='ocrx_word' id='word_1_22' title='bbox 3334 484 3354 519; x_wconf 81' lang='grc' dir='ltr'><strong>ι</strong></span> <span class='ocrx_word' id='word_1_23' title='bbox 3386 465 3669 539; x_wconf 82' lang='lat' dir='ltr'><strong>negligen-</strong></span> 
     </span>
    </p>
   </div>
   <div class='ocr_carea' id='block_1_5' title="bbox 364 555 1972 630">
    <p class='ocr_par' dir='ltr' id='par_1_5' title="bbox 364 555 1972 630">
     <span class='ocr_line' id='line_1_5' title="bbox 364 555 1972 630; baseline -0.004 -12"><span class='ocrx_word' id='word_1_24' title='bbox 364 560 517 618; x_wconf 88' lang='lat' dir='ltr'><strong>deas.</strong></span> <span class='ocrx_word' id='word_1_25' title='bbox 542 558 682 615; x_wconf 86' lang='lat' dir='ltr'><strong>Illud</strong></span> <span class='ocrx_word' id='word_1_26' title='bbox 714 557 877 614; x_wconf 90' lang='lat' dir='ltr'><strong>etiam</strong></span> <span class='ocrx_word' id='word_1_27' title='bbox 909 558 1159 627; x_wconf 90' lang='lat' dir='ltr'><strong>consulo,</strong></span> <span class='ocrx_word' id='word_1_28' title='bbox 1206 568 1387 613; x_wconf 89' lang='lat' dir='ltr'><strong>utrum</strong></span> <span class='ocrx_word' id='word_1_29' title='bbox 1411 572 1565 630; x_wconf 80' lang='lat' dir='ltr'><strong>teque</strong></span> <span class='ocrx_word' id='word_1_30' title='bbox 1594 571 1789 613; x_wconf 90' lang='lat' dir='ltr'><strong>omnes</strong></span> <span class='ocrx_word' id='word_1_31' title='bbox 1814 555 1972 613; x_wconf 87' lang='lat' dir='ltr'><strong>Chri-</strong></span> 
     </span>
    </p>
   </div>
   <div class='ocr_carea' id='block_1_6' title="bbox 368 650 1971 725">
    <p class='ocr_par' dir='ltr' id='par_1_6' title="bbox 368 650 1971 725">
     <span class='ocr_line' id='line_1_6' title="bbox 368 650 1971 725; baseline -0.002 -16"><span class='ocrx_word' id='word_1_32' title='bbox 368 653 580 709; x_wconf 73' lang='lat' dir='ltr'><strong>Stianos</strong></span> <span class='ocrx_word' id='word_1_33' title='bbox 601 651 747 708; x_wconf 87' lang='lat' dir='ltr'><strong>sicut</strong></span> <span class='ocrx_word' id='word_1_34' title='bbox 770 661 823 707; x_wconf 88' lang='lat' dir='ltr'><strong>te</strong></span> <span class='ocrx_word' id='word_1_35' title='bbox 846 651 1022 722; x_wconf 91' lang='lat' dir='ltr'><strong>ipsum</strong></span> <span class='ocrx_word' id='word_1_36' title='bbox 1052 651 1267 725; x_wconf 79' lang='lat' dir='ltr'><strong>diligas.</strong></span> <span class='ocrx_word' id='word_1_37' title='bbox 1301 650 1413 707; x_wconf 86' lang='lat' dir='ltr'><strong>Nos</strong></span> <span class='ocrx_word' id='word_1_38' title='bbox 1444 651 1591 708; x_wconf 89' lang='lat' dir='ltr'><strong>enim</strong></span> <span class='ocrx_word' id='word_1_39' title='bbox 1615 652 1718 707; x_wconf 85' lang='lat' dir='ltr'><strong>sub</strong></span> <span class='ocrx_word' id='word_1_40' title='bbox 1748 667 1856 707; x_wconf 89' lang='lat' dir='ltr'><strong>uno</strong></span> <span class='ocrx_word' id='word_1_41' title='bbox 1884 666 1971 707; x_wconf 86' lang='lat' dir='ltr'><strong>ca-</strong></span> 
     </span>
    </p>
   </div>
   <div class='ocr_carea' id='block_1_7' title="bbox 368 742 1971 818">
    <p class='ocr_par' dir='ltr' id='par_1_7' title="bbox 368 742 1971 818">
     <span class='ocr_line' id='line_1_7' title="bbox 368 742 1971 818; baseline -0.001 -16"><span class='ocrx_word' id='word_1_42' title='bbox 368 745 509 818; x_wconf 88' lang='lat' dir='ltr'><strong>pite,</strong></span> <span class='ocrx_word' id='word_1_43' title='bbox 537 744 682 815; x_wconf 91' lang='lat' dir='ltr'><strong>quod</strong></span> <span class='ocrx_word' id='word_1_44' title='bbox 715 751 801 799; x_wconf 89' lang='lat' dir='ltr'><strong>est</strong></span> <span class='ocrx_word' id='word_1_45' title='bbox 834 742 1087 801; x_wconf 81' lang='lat' dir='ltr'><strong>Christus</strong></span> <span class='ocrx_word' id='word_1_46' title='bbox 1119 760 1135 799; x_wconf 90' lang='lat'><strong>:</strong></span> <span class='ocrx_word' id='word_1_47' title='bbox 1163 754 1219 801; x_wconf 89' lang='lat' dir='ltr'><strong>et</strong></span> <span class='ocrx_word' id='word_1_48' title='bbox 1263 744 1366 800; x_wconf 85' lang='lat' dir='ltr'><strong>sub</strong></span> <span class='ocrx_word' id='word_1_49' title='bbox 1396 760 1500 800; x_wconf 87' lang='lat' dir='ltr'><strong>una</strong></span> <span class='ocrx_word' id='word_1_50' title='bbox 1529 744 1796 811; x_wconf 83' lang='lat' dir='ltr'><strong>Ecclesia,</strong></span> <span class='ocrx_word' id='word_1_51' title='bbox 1848 760 1971 814; x_wconf 80' lang='lat' dir='ltr'><strong>quac</strong></span> 
     </span>
    </p>
   </div>
   <div class='ocr_carea' id='block_1_8' title="bbox 367 835 1971 908">
    <p class='ocr_par' dir='ltr' id='par_1_8' title="bbox 367 835 1971 908">
     <span class='ocr_line' id='line_1_8' title="bbox 367 835 1971 908; baseline -0.002 -14"><span class='ocrx_word' id='word_1_52' title='bbox 367 846 452 894; x_wconf 84' lang='lat' dir='ltr'><strong>est</strong></span> <span class='ocrx_word' id='word_1_53' title='bbox 478 835 755 904; x_wconf 79' lang='lat' dir='ltr'><strong>Christus,</strong></span> <span class='ocrx_word' id='word_1_54' title='bbox 781 850 973 893; x_wconf 89' lang='lat' dir='ltr'><strong>omnes</strong></span> <span class='ocrx_word' id='word_1_55' title='bbox 1015 836 1215 893; x_wconf 88' lang='lat' dir='ltr'><strong>fratres</strong></span> <span class='ocrx_word' id='word_1_56' title='bbox 1239 851 1430 893; x_wconf 88' lang='lat' dir='ltr'><strong>sumus</strong></span> <span class='ocrx_word' id='word_1_57' title='bbox 1457 880 1472 906; x_wconf 96' lang='lat'><strong>,</strong></span> <span class='ocrx_word' id='word_1_58' title='bbox 1506 848 1560 894; x_wconf 91' lang='lat' dir='ltr'><strong>et</strong></span> <span class='ocrx_word' id='word_1_59' title='bbox 1586 852 1749 892; x_wconf 88' lang='lat' dir='ltr'><strong>unum</strong></span> <span class='ocrx_word' id='word_1_60' title='bbox 1773 852 1971 908; x_wconf 89' lang='lat' dir='ltr'><strong>corpus</strong></span> 
     </span>
    </p>
   </div>
   <div class='ocr_carea' id='block_1_9' title="bbox 365 929 1970 1002">
    <p class='ocr_par' dir='ltr' id='par_1_9' title="bbox 365 929 1970 1002">
     <span class='ocr_line' id='line_1_9' title="bbox 365 929 1970 1002; baseline -0.003 -12"><span class='ocrx_word' id='word_1_61' title='bbox 365 932 421 990; x_wconf 90' lang='lat' dir='ltr'><strong>in</strong></span> <span class='ocrx_word' id='word_1_62' title='bbox 452 930 694 988; x_wconf 86' lang='lat' dir='ltr'><strong>Christo.</strong></span> <span class='ocrx_word' id='word_1_63' title='bbox 731 929 923 988; x_wconf 89' lang='lat' dir='ltr'><strong>Utrum</strong></span> <span class='ocrx_word' id='word_1_64' title='bbox 947 946 1078 1001; x_wconf 84' lang='lat' dir='ltr'><strong>ergo</strong></span> <span class='ocrx_word' id='word_1_65' title='bbox 1104 932 1248 987; x_wconf 88' lang='lat' dir='ltr'><strong>sicut</strong></span> <span class='ocrx_word' id='word_1_66' title='bbox 1270 940 1324 987; x_wconf 93' lang='lat' dir='ltr'><strong>te</strong></span> <span class='ocrx_word' id='word_1_67' title='bbox 1352 930 1528 1000; x_wconf 85' lang='lat' dir='ltr'><strong>ipsum</strong></span> <span class='ocrx_word' id='word_1_68' title='bbox 1557 930 1754 1002; x_wconf 80' lang='lat' dir='ltr'><strong>diligas</strong></span> <span class='ocrx_word' id='word_1_69' title='bbox 1774 945 1970 987; x_wconf 87' lang='lat' dir='ltr'><strong>omnes</strong></span> 
     </span>
    </p>
   </div>
   <div class='ocr_carea' id='block_1_10' title="bbox 363 1024 1970 1103">
    <p class='ocr_par' dir='ltr' id='par_1_10' title="bbox 363 1024 1970 1103">
     <span class='ocr_line' id='line_1_10' title="bbox 363 1024 1970 1103; baseline -0.002 -21"><span class='ocrx_word' id='word_1_70' title='bbox 363 1028 453 1103; x_wconf 91' lang='lat' dir='ltr'><strong>qui</strong></span> <span class='ocrx_word' id='word_1_71' title='bbox 480 1026 916 1083; x_wconf 87' lang='lat' dir='ltr'><strong>misericordiam</strong></span> <span class='ocrx_word' id='word_1_72' title='bbox 939 1025 1037 1083; x_wconf 86' lang='lat' dir='ltr'><strong>Dei</strong></span> <span class='ocrx_word' id='word_1_73' title='bbox 1065 1034 1311 1095; x_wconf 88' lang='lat' dir='ltr'><strong>sperant,</strong></span> <span class='ocrx_word' id='word_1_74' title='bbox 1347 1039 1484 1097; x_wconf 90' lang='lat' dir='ltr'><strong>quos</strong></span> <span class='ocrx_word' id='word_1_75' title='bbox 1517 1035 1695 1081; x_wconf 90' lang='lat' dir='ltr'><strong>tamen</strong></span> <span class='ocrx_word' id='word_1_76' title='bbox 1730 1024 1970 1092; x_wconf 87' lang='lat' dir='ltr'><strong>noveris,</strong></span> 
     </span>
    </p>
   </div>
   <div class='ocr_carea' id='block_1_11' title="bbox 364 1119 1971 1190">
    <p class='ocr_par' dir='ltr' id='par_1_11' title="bbox 364 1119 1971 1190">
     <span class='ocr_line' id='line_1_11' title="bbox 364 1119 1971 1190; baseline -0.003 -12"><span class='ocrx_word' id='word_1_77' title='bbox 364 1121 648 1178; x_wconf 83' lang='lat' dir='ltr'><strong>conﬁtere.</strong></span> <span class='ocrx_word' id='word_1_78' title='bbox 674 1119 792 1176; x_wconf 86' lang='lat' dir='ltr'><strong>Non</strong></span> <span class='ocrx_word' id='word_1_79' title='bbox 822 1120 970 1175; x_wconf 90' lang='lat' dir='ltr'><strong>enim</strong></span> <span class='ocrx_word' id='word_1_80' title='bbox 1011 1130 1062 1175; x_wconf 91' lang='lat' dir='ltr'><strong>te</strong></span> <span class='ocrx_word' id='word_1_81' title='bbox 1092 1120 1159 1174; x_wconf 90' lang='lat' dir='ltr'><strong>de</strong></span> <span class='ocrx_word' id='word_1_82' title='bbox 1192 1119 1393 1190; x_wconf 82' lang='lat' dir='ltr'><strong>ignotis</strong></span> <span class='ocrx_word' id='word_1_83' title='bbox 1428 1119 1659 1175; x_wconf 83' lang='lat' dir='ltr'><strong>consulo</strong></span> <span class='ocrx_word' id='word_1_84' title='bbox 1693 1135 1706 1174; x_wconf 89' lang='lat'><strong>:</strong></span> <span class='ocrx_word' id='word_1_85' title='bbox 1734 1133 1874 1188; x_wconf 92' lang='lat' dir='ltr'><strong>quos</strong></span> <span class='ocrx_word' id='word_1_86' title='bbox 1905 1132 1971 1173; x_wconf 80' lang='lat' dir='ltr'><strong>ex</strong></span> 
     </span>
    </p>
   </div>
   <div class='ocr_carea' id='block_1_12' title="bbox 361 1211 1968 1287">
    <p class='ocr_par' dir='ltr' id='par_1_12' title="bbox 361 1211 1968 1287">
     <span class='ocr_line' id='line_1_12' title="bbox 361 1211 1968 1287; baseline -0.004 -15"><span class='ocrx_word' id='word_1_87' title='bbox 361 1230 427 1273; x_wconf 89' lang='lat' dir='ltr'><strong>eo</strong></span> <span class='ocrx_word' id='word_1_88' title='bbox 456 1225 508 1271; x_wconf 88' lang='lat' dir='ltr'><strong>te</strong></span> <span class='ocrx_word' id='word_1_89' title='bbox 536 1215 768 1287; x_wconf 78' lang='lat' dir='ltr'><strong>diligere</strong></span> <span class='ocrx_word' id='word_1_90' title='bbox 789 1213 1094 1280; x_wconf 79' lang='lat' dir='ltr'><strong>arbitraris,</strong></span> <span class='ocrx_word' id='word_1_91' title='bbox 1120 1212 1266 1286; x_wconf 89' lang='lat' dir='ltr'><strong>quod</strong></span> <span class='ocrx_word' id='word_1_92' title='bbox 1296 1211 1423 1285; x_wconf 87' lang='lat' dir='ltr'><strong>quia</strong></span> <span class='ocrx_word' id='word_1_93' title='bbox 1455 1228 1561 1269; x_wconf 89' lang='lat' dir='ltr'><strong>non</strong></span> <span class='ocrx_word' id='word_1_94' title='bbox 1586 1211 1827 1277; x_wconf 84' lang='lat' dir='ltr'><strong>noveris,</strong></span> <span class='ocrx_word' id='word_1_95' title='bbox 1860 1227 1968 1266; x_wconf 87' lang='lat' dir='ltr'><strong>non</strong></span> 
     </span>
    </p>
   </div>
   <div class='ocr_carea' id='block_1_13' title="bbox 359 1304 1968 1382">
    <p class='ocr_par' dir='ltr' id='par_1_13' title="bbox 359 1304 1968 1382">
     <span class='ocr_line' id='line_1_13' title="bbox 359 1304 1968 1382; baseline -0.004 -18"><span class='ocrx_word' id='word_1_96' title='bbox 359 1308 548 1382; x_wconf 74' lang='lat' dir='ltr'><strong>odisri.</strong></span> <span class='ocrx_word' id='word_1_97' title='bbox 583 1306 692 1365; x_wconf 89' lang='lat' dir='ltr'><strong>Sed</strong></span> <span class='ocrx_word' id='word_1_98' title='bbox 737 1307 866 1379; x_wconf 90' lang='lat' dir='ltr'><strong>quid</strong></span> <span class='ocrx_word' id='word_1_99' title='bbox 897 1321 999 1378; x_wconf 93' lang='lat' dir='ltr'><strong>ego</strong></span> <span class='ocrx_word' id='word_1_100' title='bbox 1046 1307 1163 1362; x_wconf 78' lang='lat' dir='ltr'><strong>lucc</strong></span> <span class='ocrx_word' id='word_1_101' title='bbox 1191 1321 1223 1361; x_wconf 91' lang='lat' dir='ltr'><strong>a</strong></span> <span class='ocrx_word' id='word_1_102' title='bbox 1263 1304 1613 1361; x_wconf 76' lang='lat' dir='ltr'><strong>confessione</strong></span> <span class='ocrx_word' id='word_1_103' title='bbox 1666 1314 1757 1360; x_wconf 88' lang='lat' dir='ltr'><strong>tua</strong></span> <span class='ocrx_word' id='word_1_104' title='bbox 1787 1304 1968 1374; x_wconf 78' lang='lat' dir='ltr'><strong>exigo,</strong></span> 
     </span>
    </p>
   </div>
   <div class='ocr_carea' id='block_1_14' title="bbox 357 1398 1970 1473">
    <p class='ocr_par' dir='ltr' id='par_1_14' title="bbox 357 1398 1970 1473">
     <span class='ocr_line' id='line_1_14' title="bbox 357 1398 1970 1473; baseline -0.005 -12"><span class='ocrx_word' id='word_1_105' title='bbox 357 1419 483 1461; x_wconf 90' lang='lat' dir='ltr'><strong>cum</strong></span> <span class='ocrx_word' id='word_1_106' title='bbox 507 1404 990 1460; x_wconf 89' lang='lat' dir='ltr'><strong>conversationem</strong></span> <span class='ocrx_word' id='word_1_107' title='bbox 1020 1407 1167 1457; x_wconf 90' lang='lat' dir='ltr'><strong>tuam</strong></span> <span class='ocrx_word' id='word_1_108' title='bbox 1186 1400 1376 1472; x_wconf 85' lang='lat' dir='ltr'><strong>vulgus</strong></span> <span class='ocrx_word' id='word_1_109' title='bbox 1402 1398 1707 1473; x_wconf 79' lang='lat' dir='ltr'><strong>agnoscat?</strong></span> <span class='ocrx_word' id='word_1_110' title='bbox 1738 1398 1817 1454; x_wconf 83' lang='lat' dir='ltr'><strong>Tu</strong></span> <span class='ocrx_word' id='word_1_111' title='bbox 1847 1412 1970 1469; x_wconf 87' lang='lat' dir='ltr'><strong>per-</strong></span> 
     </span>
    </p>
   </div>
   <div class='ocr_carea' id='block_1_15' title="bbox 358 1492 1967 1564">
    <p class='ocr_par' dir='ltr' id='par_1_15' title="bbox 358 1492 1967 1564">
     <span class='ocr_line' id='line_1_15' title="bbox 358 1492 1967 1564; baseline -0.005 -10"><span class='ocrx_word' id='word_1_112' title='bbox 358 1497 534 1553; x_wconf 89' lang='lat' dir='ltr'><strong>fectus</strong></span> <span class='ocrx_word' id='word_1_113' title='bbox 582 1497 704 1554; x_wconf 85' lang='lat' dir='ltr'><strong>sine</strong></span> <span class='ocrx_word' id='word_1_114' title='bbox 761 1494 1104 1561; x_wconf 89' lang='lat' dir='ltr'><strong>inﬁrmitate,</strong></span> <span class='ocrx_word' id='word_1_115' title='bbox 1155 1504 1210 1549; x_wconf 90' lang='lat' dir='ltr'><strong>tu</strong></span> <span class='ocrx_word' id='word_1_116' title='bbox 1243 1508 1465 1551; x_wconf 88' lang='lat' dir='ltr'><strong>omnem</strong></span> <span class='ocrx_word' id='word_1_117' title='bbox 1510 1493 1645 1564; x_wconf 85' lang='lat' dir='ltr'><strong>legis</strong></span> <span class='ocrx_word' id='word_1_118' title='bbox 1695 1492 1967 1547; x_wconf 86' lang='lat' dir='ltr'><strong>sarcinam</strong></span> 
     </span>
    </p>
   </div>
   <div class='ocr_carea' id='block_1_16' title="bbox 358 1575 1971 1661">
    <p class='ocr_par' dir='ltr' id='par_1_16' title="bbox 358 1575 1971 1661">
     <span class='ocr_line' id='line_1_16' title="bbox 358 1575 1971 1661; baseline -0.005 -15"><span class='ocrx_word' id='word_1_119' title='bbox 358 1589 505 1647; x_wconf 88' lang='lat' dir='ltr'><strong>ferre</strong></span> <span class='ocrx_word' id='word_1_120' title='bbox 534 1575 812 1661; x_wconf 84' lang='lat' dir='ltr'><strong>possibilis</strong></span> <span class='ocrx_word' id='word_1_121' title='bbox 838 1633 855 1659; x_wconf 87' lang='lat'><strong>,</strong></span> <span class='ocrx_word' id='word_1_122' title='bbox 910 1599 989 1657; x_wconf 91' lang='lat' dir='ltr'><strong>tu,</strong></span> <span class='ocrx_word' id='word_1_123' title='bbox 1021 1588 1240 1660; x_wconf 91' lang='lat' dir='ltr'><strong>inquam</strong></span> <span class='ocrx_word' id='word_1_124' title='bbox 1262 1632 1277 1659; x_wconf 89' lang='lat'><strong>,</strong></span> <span class='ocrx_word' id='word_1_125' title='bbox 1325 1587 1489 1643; x_wconf 91' lang='lat' dir='ltr'><strong>homo</strong></span> <span class='ocrx_word' id='word_1_126' title='bbox 1516 1586 1724 1654; x_wconf 82' lang='lat' dir='ltr'><strong>inflate,</strong></span> <span class='ocrx_word' id='word_1_127' title='bbox 1749 1585 1845 1642; x_wconf 89' lang='lat' dir='ltr'><strong>sed</strong></span> <span class='ocrx_word' id='word_1_128' title='bbox 1876 1600 1971 1639; x_wconf 74' lang='grc' dir='ltr'>ιιι-</span> 
     </span>
    </p>
   </div>
   <div class='ocr_carea' id='block_1_17' title="bbox 356 1680 1967 1753">
    <p class='ocr_par' dir='ltr' id='par_1_17' title="bbox 356 1680 1967 1753">
     <span class='ocr_line' id='line_1_17' title="bbox 356 1680 1967 1753; baseline -0.005 -13"><span class='ocrx_word' id='word_1_129' title='bbox 356 1698 460 1740; x_wconf 89' lang='lat' dir='ltr'><strong>cue</strong></span> <span class='ocrx_word' id='word_1_130' title='bbox 493 1701 507 1738; x_wconf 92' lang='lat'><strong>:</strong></span> <span class='ocrx_word' id='word_1_131' title='bbox 539 1682 704 1749; x_wconf 90' lang='lat' dir='ltr'><strong>audi,</strong></span> <span class='ocrx_word' id='word_1_132' title='bbox 735 1682 781 1738; x_wconf 91' lang='lat' dir='ltr'><strong>si</strong></span> <span class='ocrx_word' id='word_1_133' title='bbox 808 1682 1051 1753; x_wconf 79' lang='lat' dir='ltr'><strong>dignaris</strong></span> <span class='ocrx_word' id='word_1_134' title='bbox 1082 1682 1372 1737; x_wconf 90' lang='lat' dir='ltr'><strong>Dominum</strong></span> <span class='ocrx_word' id='word_1_135' title='bbox 1403 1680 1778 1745; x_wconf 87' lang='lat' dir='ltr'><strong>Salvatorem,</strong></span> <span class='ocrx_word' id='word_1_136' title='bbox 1807 1688 1891 1748; x_wconf 79' lang='lat' dir='ltr'><strong>le,</strong></span> <span class='ocrx_word' id='word_1_137' title='bbox 1922 1680 1967 1732; x_wconf 89' lang='lat' dir='ltr'><strong>si</strong></span> 
     </span>
    </p>
   </div>
   <div class='ocr_carea' id='block_1_18' title="bbox 357 1772 1969 1845">
    <p class='ocr_par' dir='ltr' id='par_1_18' title="bbox 357 1772 1969 1845">
     <span class='ocr_line' id='line_1_18' title="bbox 357 1772 1969 1845; baseline -0.004 -13"><span class='ocrx_word' id='word_1_138' title='bbox 357 1786 541 1832; x_wconf 88' lang='lat' dir='ltr'><strong>tamen</strong></span> <span class='ocrx_word' id='word_1_139' title='bbox 592 1775 696 1831; x_wconf 92' lang='lat' dir='ltr'><strong>hoc</strong></span> <span class='ocrx_word' id='word_1_140' title='bbox 747 1777 975 1845; x_wconf 89' lang='lat' dir='ltr'><strong>poteris,</strong></span> <span class='ocrx_word' id='word_1_141' title='bbox 1032 1775 1099 1831; x_wconf 87' lang='lat' dir='ltr'><strong>ad</strong></span> <span class='ocrx_word' id='word_1_142' title='bbox 1152 1785 1339 1830; x_wconf 88' lang='lat' dir='ltr'><strong>sancta</strong></span> <span class='ocrx_word' id='word_1_143' title='bbox 1382 1783 1727 1829; x_wconf 90' lang='lat' dir='ltr'><strong>revocantem</strong></span> <span class='ocrx_word' id='word_1_144' title='bbox 1764 1772 1969 1828; x_wconf 77' lang='lat' dir='ltr'><strong>:Amen</strong></span> 
     </span>
    </p>
   </div>
   <div class='ocr_carea' id='block_1_19' title="bbox 2075 555 3660 633">
    <p class='ocr_par' dir='ltr' id='par_1_19' title="bbox 2075 555 3660 633">
     <span class='ocr_line' id='line_1_19' title="bbox 2075 555 3660 633; baseline 0 -21"><span class='ocrx_word' id='word_1_145' title='bbox 2075 555 2163 612; x_wconf 79' lang='lat' dir='ltr'><strong>tia:</strong></span> <span class='ocrx_word' id='word_1_146' title='bbox 2190 571 2302 614; x_wconf 76' lang='lat' dir='ltr'><strong>Suae</strong></span> <span class='ocrx_word' id='word_1_147' title='bbox 2326 560 2507 630; x_wconf 84' lang='lat' dir='ltr'><strong>potius</strong></span> <span class='ocrx_word' id='word_1_148' title='bbox 2540 560 2978 631; x_wconf 82' lang='lat' dir='ltr'><strong>imputari,an</strong></span> <span class='ocrx_word' id='word_1_149' title='bbox 3001 577 3107 618; x_wconf 92' lang='lat' dir='ltr'><strong>non</strong></span> <span class='ocrx_word' id='word_1_150' title='bbox 3134 562 3355 617; x_wconf 89' lang='lat' dir='ltr'><strong>estsine</strong></span> <span class='ocrx_word' id='word_1_151' title='bbox 3383 571 3660 633; x_wconf 67' lang='lat' dir='ltr'><strong>peccato,»</strong></span> 
     </span>
    </p>
   </div>
   <div class='ocr_carea' id='block_1_20' title="bbox 2072 648 3665 727">
    <p class='ocr_par' dir='ltr' id='par_1_20' title="bbox 2072 648 3665 727">
     <span class='ocr_line' id='line_1_20' title="bbox 2072 648 3665 727; baseline 0.003 -21"><span class='ocrx_word' id='word_1_152' title='bbox 2072 648 2213 709; x_wconf 90' lang='lat' dir='ltr'><strong>bene</strong></span> <span class='ocrx_word' id='word_1_153' title='bbox 2247 652 2464 724; x_wconf 88' lang='lat' dir='ltr'><strong>quidem</strong></span> <span class='ocrx_word' id='word_1_154' title='bbox 2490 654 2640 721; x_wconf 90' lang='lat' dir='ltr'><strong>dicit,</strong></span> <span class='ocrx_word' id='word_1_155' title='bbox 2668 653 2763 711; x_wconf 88' lang='lat' dir='ltr'><strong>sed</strong></span> <span class='ocrx_word' id='word_1_156' title='bbox 2805 655 3059 727; x_wconf 78' lang='lat' dir='ltr'><strong>dignetur</strong></span> <span class='ocrx_word' id='word_1_157' title='bbox 3090 654 3215 712; x_wconf 82' lang='lat' dir='ltr'><strong>inde</strong></span> <span class='ocrx_word' id='word_1_158' title='bbox 3245 662 3302 712; x_wconf 90' lang='lat' dir='ltr'><strong>et</strong></span> <span class='ocrx_word' id='word_1_159' title='bbox 3322 670 3482 711; x_wconf 89' lang='lat' dir='ltr'><strong>orare</strong></span> <span class='ocrx_word' id='word_1_160' title='bbox 3506 664 3530 694; x_wconf 80' lang='grc' dir='ltr'><strong>ο</strong></span> <span class='ocrx_word' id='word_1_161' title='bbox 3559 654 3665 710; x_wconf 87' lang='lat' dir='ltr'><strong>Do-</strong></span> 
     </span>
    </p>
   </div>
   <div class='ocr_carea' id='block_1_21' title="bbox 2072 745 3665 820">
    <p class='ocr_par' dir='ltr' id='par_1_21' title="bbox 2072 745 3665 820">
     <span class='ocr_line' id='line_1_21' title="bbox 2072 745 3665 820; baseline 0.001 -21"><span class='ocrx_word' id='word_1_162' title='bbox 2072 745 2308 813; x_wconf 87' lang='lat' dir='ltr'><strong>minum,</strong></span> <span class='ocrx_word' id='word_1_163' title='bbox 2351 761 2419 802; x_wconf 91' lang='lat' dir='ltr'><strong>ne</strong></span> <span class='ocrx_word' id='word_1_164' title='bbox 2452 747 2528 802; x_wconf 92' lang='lat' dir='ltr'><strong>illi</strong></span> <span class='ocrx_word' id='word_1_165' title='bbox 2572 746 2691 803; x_wconf 65' lang='lat' dir='ltr'><strong>bare</strong></span> <span class='ocrx_word' id='word_1_166' title='bbox 2724 748 2905 819; x_wconf 89' lang='lat' dir='ltr'><strong>iniqua</strong></span> <span class='ocrx_word' id='word_1_167' title='bbox 2958 747 3287 820; x_wconf 79' lang='lat' dir='ltr'><strong>negligentia</strong></span> <span class='ocrx_word' id='word_1_168' title='bbox 3328 748 3665 802; x_wconf 87' lang='lat' dir='ltr'><strong>dominetur.</strong></span> 
     </span>
    </p>
   </div>
   <div class='ocr_carea' id='block_1_22' title="bbox 2072 837 3669 913">
    <p class='ocr_par' dir='ltr' id='par_1_22' title="bbox 2072 837 3669 913">
     <span class='ocr_line' id='line_1_22' title="bbox 2072 837 3669 913; baseline 0.006 -24"><span class='ocrx_word' id='word_1_169' title='bbox 2072 837 2242 908; x_wconf 85' lang='lat' dir='ltr'><strong>Quam</strong></span> <span class='ocrx_word' id='word_1_170' title='bbox 2273 840 2498 911; x_wconf 86' lang='lat' dir='ltr'><strong>rogabat</strong></span> <span class='ocrx_word' id='word_1_171' title='bbox 2530 840 2750 912; x_wconf 86' lang='lat' dir='ltr'><strong>quidam</strong></span> <span class='ocrx_word' id='word_1_172' title='bbox 2781 841 3000 913; x_wconf 89' lang='lat' dir='ltr'><strong>quando</strong></span> <span class='ocrx_word' id='word_1_173' title='bbox 3028 842 3289 899; x_wconf 89' lang='lat' dir='ltr'><strong>dicebat:</strong></span> <span class='ocrx_word' id='word_1_174' title='bbox 3326 840 3533 897; x_wconf 78' lang='lat' dir='ltr'><strong>Itinera</strong></span> <span class='ocrx_word' id='word_1_175' title='bbox 3558 858 3669 898; x_wconf 75' lang='lat' dir='ltr'><strong>mra</strong></span> 
     </span>
    </p>
   </div>
   <div class='ocr_carea' id='block_1_23' title="bbox 2072 932 3670 1006">
    <p class='ocr_par' dir='ltr' id='par_1_23' title="bbox 2072 932 3670 1006">
     <span class='ocr_line' id='line_1_23' title="bbox 2072 932 3670 1006; baseline 0.003 -21"><span class='ocrx_word' id='word_1_176' title='bbox 2072 932 2242 1006; x_wconf 80' lang='lat' dir='ltr'><strong>dirige</strong></span> <span class='ocrx_word' id='word_1_177' title='bbox 2278 935 2562 989; x_wconf 87' lang='lat' dir='ltr'><strong>secundum</strong></span> <span class='ocrx_word' id='word_1_178' title='bbox 2602 934 2814 989; x_wconf 79' lang='lat' dir='ltr'><strong>verbum</strong></span> <span class='ocrx_word' id='word_1_179' title='bbox 2842 945 3008 1000; x_wconf 84' lang='lat' dir='ltr'><strong>luunt,</strong></span> <span class='ocrx_word' id='word_1_180' title='bbox 3032 944 3080 990; x_wconf 91' lang='lat' dir='ltr'><strong>et</strong></span> <span class='ocrx_word' id='word_1_181' title='bbox 3109 952 3176 990; x_wconf 82' lang='lat' dir='ltr'><strong>ne</strong></span> <span class='ocrx_word' id='word_1_182' title='bbox 3213 936 3513 990; x_wconf 80' lang='lat' dir='ltr'><strong>dominetur</strong></span> <span class='ocrx_word' id='word_1_183' title='bbox 3540 935 3670 989; x_wconf 77' lang='lat' dir='ltr'><strong>mitti</strong></span> 
     </span>
    </p>
   </div>
   <div class='ocr_carea' id='block_1_24' title="bbox 2073 1026 3671 1102">
    <p class='ocr_par' dir='ltr' id='par_1_24' title="bbox 2073 1026 3671 1102">
     <span class='ocr_line' id='line_1_24' title="bbox 2073 1026 3671 1102; baseline 0.001 -21"><span class='ocrx_word' id='word_1_184' title='bbox 2073 1027 2243 1082; x_wconf 87' lang='lat' dir='ltr'><strong>omnis</strong></span> <span class='ocrx_word' id='word_1_185' title='bbox 2268 1027 2515 1097; x_wconf 88' lang='lat' dir='ltr'><strong>iniquitas</strong></span> <span class='ocrx_word' id='word_1_186' title='bbox 2548 1026 2717 1101; x_wconf 80' lang='lat' dir='ltr'><strong>(Psat.</strong></span> <span class='ocrx_word' id='word_1_187' title='bbox 2746 1044 2931 1095; x_wconf 82' lang='lat' dir='ltr'><strong>cxvttt,</strong></span> <span class='ocrx_word' id='word_1_188' title='bbox 2963 1028 3090 1102; x_wconf 77' lang='grc'><strong>155)</strong></span> <span class='ocrx_word' id='word_1_189' title='bbox 3117 1047 3128 1082; x_wconf 92' lang='lat'>:</span> <span class='ocrx_word' id='word_1_190' title='bbox 3160 1043 3230 1084; x_wconf 89' lang='lat' dir='ltr'><strong>ne</strong></span> <span class='ocrx_word' id='word_1_191' title='bbox 3250 1028 3379 1085; x_wconf 89' lang='lat' dir='ltr'><strong>dum</strong></span> <span class='ocrx_word' id='word_1_192' title='bbox 3401 1042 3516 1084; x_wconf 68' lang='lat' dir='ltr'><strong>sate</strong></span> <span class='ocrx_word' id='word_1_193' title='bbox 3545 1026 3671 1083; x_wconf 82' lang='lat' dir='ltr'><strong>dili-</strong></span> 
     </span>
    </p>
   </div>
   <div class='ocr_carea' id='block_1_25' title="bbox 2071 1117 3671 1192">
    <p class='ocr_par' dir='ltr' id='par_1_25' title="bbox 2071 1117 3671 1192">
     <span class='ocr_line' id='line_1_25' title="bbox 2071 1117 3671 1192; baseline 0.001 -19"><span class='ocrx_word' id='word_1_194' title='bbox 2071 1118 2269 1189; x_wconf 70' lang='lat' dir='ltr'><strong>gentia:</strong></span> <span class='ocrx_word' id='word_1_195' title='bbox 2296 1122 2449 1187; x_wconf 89' lang='lat' dir='ltr'><strong>quasi</strong></span> <span class='ocrx_word' id='word_1_196' title='bbox 2480 1120 2715 1189; x_wconf 85' lang='lat' dir='ltr'><strong>propriis</strong></span> <span class='ocrx_word' id='word_1_197' title='bbox 2744 1120 2950 1174; x_wconf 89' lang='lat' dir='ltr'><strong>viribus</strong></span> <span class='ocrx_word' id='word_1_198' title='bbox 2982 1118 3118 1188; x_wconf 90' lang='lat' dir='ltr'><strong>ﬁdit,</strong></span> <span class='ocrx_word' id='word_1_199' title='bbox 3146 1134 3325 1192; x_wconf 89' lang='lat' dir='ltr'><strong>neque</strong></span> <span class='ocrx_word' id='word_1_200' title='bbox 3361 1117 3450 1175; x_wconf 87' lang='lat' dir='ltr'><strong>hic</strong></span> <span class='ocrx_word' id='word_1_201' title='bbox 3482 1117 3551 1174; x_wconf 90' lang='lat' dir='ltr'><strong>ad</strong></span> <span class='ocrx_word' id='word_1_202' title='bbox 3575 1133 3671 1175; x_wconf 85' lang='lat' dir='ltr'><strong>ve—</strong></span> 
     </span>
    </p>
   </div>
   <div class='ocr_carea' id='block_1_26' title="bbox 2072 1211 3665 1285">
    <p class='ocr_par' dir='ltr' id='par_1_26' title="bbox 2072 1211 3665 1285">
     <span class='ocr_line' id='line_1_26' title="bbox 2072 1211 3665 1285; baseline 0.001 -19"><span class='ocrx_word' id='word_1_203' title='bbox 2072 1225 2186 1266; x_wconf 87' lang='lat' dir='ltr'><strong>ram</strong></span> <span class='ocrx_word' id='word_1_204' title='bbox 2230 1211 2523 1281; x_wconf 87' lang='lat' dir='ltr'><strong>justitiam,</strong></span> <span class='ocrx_word' id='word_1_205' title='bbox 2563 1228 2740 1283; x_wconf 89' lang='lat' dir='ltr'><strong>neqne</strong></span> <span class='ocrx_word' id='word_1_206' title='bbox 2773 1211 2908 1279; x_wconf 91' lang='lat' dir='ltr'><strong>illic,</strong></span> <span class='ocrx_word' id='word_1_207' title='bbox 2942 1212 3035 1269; x_wconf 88' lang='lat' dir='ltr'><strong>ubi</strong></span> <span class='ocrx_word' id='word_1_208' title='bbox 3064 1214 3187 1270; x_wconf 90' lang='lat' dir='ltr'><strong>sine</strong></span> <span class='ocrx_word' id='word_1_209' title='bbox 3218 1213 3382 1269; x_wconf 90' lang='lat' dir='ltr'><strong>dubio</strong></span> <span class='ocrx_word' id='word_1_210' title='bbox 3424 1211 3665 1285; x_wconf 83' lang='lat' dir='ltr'><strong>perfecta</strong></span> 
     </span>
    </p>
   </div>
   <div class='ocr_carea' id='block_1_27' title="bbox 2070 1303 3276 1378">
    <p class='ocr_par' dir='ltr' id='par_1_27' title="bbox 2070 1303 3276 1378">
     <span class='ocr_line' id='line_1_27' title="bbox 2070 1303 3276 1378; baseline 0 -18"><span class='ocrx_word' id='word_1_211' title='bbox 2070 1303 2433 1360; x_wconf 79' lang='lat' dir='ltr'><strong>desideranda</strong></span> <span class='ocrx_word' id='word_1_212' title='bbox 2466 1315 2548 1360; x_wconf 90' lang='lat' dir='ltr'><strong>est</strong></span> <span class='ocrx_word' id='word_1_213' title='bbox 2574 1316 2629 1361; x_wconf 90' lang='lat' dir='ltr'><strong>ct</strong></span> <span class='ocrx_word' id='word_1_214' title='bbox 2653 1305 2946 1375; x_wconf 89' lang='lat' dir='ltr'><strong>speranda,</strong></span> <span class='ocrx_word' id='word_1_215' title='bbox 2979 1306 3276 1378; x_wconf 86' lang='lat' dir='ltr'><strong>perveniat.</strong></span> 
     </span>
    </p>
   </div>
   <div class='ocr_carea' id='block_1_28' title="bbox 2143 1398 3669 1473">
    <p class='ocr_par' dir='ltr' id='par_1_28' title="bbox 2143 1398 3669 1473">
     <span class='ocr_line' id='line_1_28' title="bbox 2143 1398 3669 1473; baseline 0 -18"><span class='ocrx_word' id='word_1_216' title='bbox 2143 1400 2234 1456; x_wconf 75' lang='grc'><strong>54.</strong></span> <span class='ocrx_word' id='word_1_217' title='bbox 2280 1400 2348 1455; x_wconf 81' lang='lat' dir='ltr'><strong>Et</strong></span> <span class='ocrx_word' id='word_1_218' title='bbox 2377 1398 2510 1456; x_wconf 90' lang='lat' dir='ltr'><strong>illud</strong></span> <span class='ocrx_word' id='word_1_219' title='bbox 2559 1400 2704 1473; x_wconf 91' lang='lat' dir='ltr'><strong>quod</strong></span> <span class='ocrx_word' id='word_1_220' title='bbox 2734 1402 2815 1458; x_wconf 90' lang='lat' dir='ltr'><strong>eis</strong></span> <span class='ocrx_word' id='word_1_221' title='bbox 2854 1417 2883 1455; x_wconf 91' lang='lat' dir='ltr'><strong>a</strong></span> <span class='ocrx_word' id='word_1_222' title='bbox 2922 1402 3249 1473; x_wconf 86' lang='lat' dir='ltr'><strong>quibusdam</strong></span> <span class='ocrx_word' id='word_1_223' title='bbox 3283 1401 3506 1470; x_wconf 87' lang='lat' dir='ltr'><strong>dicitur,</strong></span> <span class='ocrx_word' id='word_1_224' title='bbox 3536 1416 3669 1459; x_wconf 81' lang='lat' dir='ltr'><strong>nus-</strong></span> 
     </span>
    </p>
   </div>
   <div class='ocr_carea' id='block_1_29' title="bbox 2070 1495 3668 1568">
    <p class='ocr_par' dir='ltr' id='par_1_29' title="bbox 2070 1495 3668 1568">
     <span class='ocr_line' id='line_1_29' title="bbox 2070 1495 3668 1568; baseline 0.003 -21"><span class='ocrx_word' id='word_1_225' title='bbox 2070 1510 2233 1568; x_wconf 85' lang='lat' dir='ltr'><strong>quam</strong></span> <span class='ocrx_word' id='word_1_226' title='bbox 2269 1511 2394 1552; x_wconf 90' lang='lat' dir='ltr'><strong>esse</strong></span> <span class='ocrx_word' id='word_1_227' title='bbox 2431 1495 2697 1563; x_wconf 87' lang='lat' dir='ltr'><strong>scriptum</strong></span> <span class='ocrx_word' id='word_1_228' title='bbox 2736 1495 2821 1552; x_wconf 89' lang='lat' dir='ltr'><strong>his</strong></span> <span class='ocrx_word' id='word_1_229' title='bbox 2852 1499 3075 1553; x_wconf 90' lang='lat' dir='ltr'><strong>omnino</strong></span> <span class='ocrx_word' id='word_1_230' title='bbox 3108 1496 3310 1563; x_wconf 84' lang='lat' dir='ltr'><strong>verbis,</strong></span> <span class='ocrx_word' id='word_1_231' title='bbox 3353 1510 3513 1568; x_wconf 85' lang='lat' dir='ltr'><strong>posse</strong></span> <span class='ocrx_word' id='word_1_232' title='bbox 3542 1511 3668 1553; x_wconf 56' lang='grc' dir='ltr'>εδει)</span> 
     </span>
    </p>
   </div>
   <div class='ocr_carea' id='block_1_30' title="bbox 2073 1589 3663 1664">
    <p class='ocr_par' dir='ltr' id='par_1_30' title="bbox 2073 1589 3663 1664">
     <span class='ocr_line' id='line_1_30' title="bbox 2073 1589 3663 1664; baseline 0 -19"><span class='ocrx_word' id='word_1_233' title='bbox 2073 1591 2349 1646; x_wconf 86' lang='lat' dir='ltr'><strong>hominem</strong></span> <span class='ocrx_word' id='word_1_234' title='bbox 2373 1591 2493 1646; x_wconf 91' lang='lat' dir='ltr'><strong>siue</strong></span> <span class='ocrx_word' id='word_1_235' title='bbox 2525 1599 2765 1659; x_wconf 67' lang='lat' dir='ltr'><strong>peccato,</strong></span> <span class='ocrx_word' id='word_1_236' title='bbox 2787 1590 2946 1646; x_wconf 91' lang='lat' dir='ltr'><strong>facile</strong></span> <span class='ocrx_word' id='word_1_237' title='bbox 2968 1590 3168 1647; x_wconf 90' lang='lat' dir='ltr'><strong>refellit</strong></span> <span class='ocrx_word' id='word_1_238' title='bbox 3201 1610 3213 1646; x_wconf 89' lang='lat'><strong>:</strong></span> <span class='ocrx_word' id='word_1_239' title='bbox 3243 1591 3365 1664; x_wconf 86' lang='lat' dir='ltr'><strong>quia</strong></span> <span class='ocrx_word' id='word_1_240' title='bbox 3395 1606 3503 1647; x_wconf 89' lang='lat' dir='ltr'><strong>non</strong></span> <span class='ocrx_word' id='word_1_241' title='bbox 3529 1589 3547 1629; x_wconf 73' lang='grc' dir='ltr'><strong>ί</strong></span> <span class='ocrx_word' id='word_1_242' title='bbox 3569 1591 3663 1646; x_wconf 89' lang='lat' dir='ltr'><strong>tibi</strong></span> 
     </span>
    </p>
   </div>
   <div class='ocr_carea' id='block_1_31' title="bbox 2070 1684 3660 1757">
    <p class='ocr_par' dir='ltr' id='par_1_31' title="bbox 2070 1684 3660 1757">
     <span class='ocr_line' id='line_1_31' title="bbox 2070 1684 3660 1757; baseline -0.001 -18"><span class='ocrx_word' id='word_1_243' title='bbox 2070 1695 2154 1739; x_wconf 90' lang='lat' dir='ltr'><strong>est</strong></span> <span class='ocrx_word' id='word_1_244' title='bbox 2182 1685 2437 1755; x_wconf 59' lang='lat' dir='ltr'><strong>quaestio,</strong></span> <span class='ocrx_word' id='word_1_245' title='bbox 2457 1684 2656 1755; x_wconf 86' lang='lat' dir='ltr'><strong>quibus</strong></span> <span class='ocrx_word' id='word_1_246' title='bbox 2681 1684 2864 1741; x_wconf 89' lang='lat' dir='ltr'><strong>verbis</strong></span> <span class='ocrx_word' id='word_1_247' title='bbox 2880 1684 3092 1741; x_wconf 85' lang='lat' dir='ltr'><strong>dicatur</strong></span> <span class='ocrx_word' id='word_1_248' title='bbox 3116 1700 3345 1757; x_wconf 65' lang='lat' dir='ltr'><strong>qumque</strong></span> <span class='ocrx_word' id='word_1_249' title='bbox 3367 1686 3660 1741; x_wconf 88' lang='lat' dir='ltr'><strong>sententia.</strong></span> 
     </span>
    </p>
   </div>
   <div class='ocr_carea' id='block_1_32' title="bbox 2070 1775 3665 1849">
    <p class='ocr_par' dir='ltr' id='par_1_32' title="bbox 2070 1775 3665 1849">
     <span class='ocr_line' id='line_1_32' title="bbox 2070 1775 3665 1849; baseline -0.003 -15"><span class='ocrx_word' id='word_1_250' title='bbox 2070 1777 2190 1834; x_wconf 87' lang='lat' dir='ltr'><strong>Non</strong></span> <span class='ocrx_word' id='word_1_251' title='bbox 2235 1788 2416 1833; x_wconf 90' lang='lat' dir='ltr'><strong>tamen</strong></span> <span class='ocrx_word' id='word_1_252' title='bbox 2466 1777 2694 1834; x_wconf 79' lang='lat' dir='ltr'><strong>fortasse</strong></span> <span class='ocrx_word' id='word_1_253' title='bbox 2743 1777 2865 1834; x_wconf 88' lang='lat' dir='ltr'><strong>sine</strong></span> <span class='ocrx_word' id='word_1_254' title='bbox 2908 1792 3093 1843; x_wconf 86' lang='lat' dir='ltr'><strong>causa,</strong></span> <span class='ocrx_word' id='word_1_255' title='bbox 3120 1792 3243 1833; x_wconf 90' lang='lat' dir='ltr'><strong>cum</strong></span> <span class='ocrx_word' id='word_1_256' title='bbox 3275 1775 3565 1849; x_wconf 89' lang='lat' dir='ltr'><strong>aliquoties</strong></span> <span class='ocrx_word' id='word_1_257' title='bbox 3611 1776 3665 1830; x_wconf 92' lang='lat' dir='ltr'><strong>iu</strong></span> 
     </span>
    </p>
   </div>
   <div class='ocr_carea' id='block_1_33' title="bbox 356 1863 3664 1943">
    <p class='ocr_par' dir='ltr' id='par_1_33' title="bbox 356 1863 3664 1943">
     <span class='ocr_line' id='line_1_33' title="bbox 356 1863 3664 1943; baseline 0 -21"><span class='ocrx_word' id='word_1_258' title='bbox 356 1869 478 1924; x_wconf 80' lang='lat' dir='ltr'><strong>diro</strong></span> <span class='ocrx_word' id='word_1_259' title='bbox 502 1868 666 1928; x_wconf 69' lang='lat' dir='ltr'><strong>vobis,</strong></span> <span class='ocrx_word' id='word_1_260' title='bbox 708 1868 940 1939; x_wconf 79' lang='lat' dir='ltr'><strong>quisquis</strong></span> <span class='ocrx_word' id='word_1_261' title='bbox 982 1885 1084 1922; x_wconf 84' lang='lat' dir='ltr'><strong>ron</strong></span> <span class='ocrx_word' id='word_1_262' title='bbox 1135 1866 1381 1939; x_wconf 84' lang='lat' dir='ltr'><strong>receperit</strong></span> <span class='ocrx_word' id='word_1_263' title='bbox 1420 1882 1635 1939; x_wconf 79' lang='lat' dir='ltr'><strong>regnum</strong></span> <span class='ocrx_word' id='word_1_264' title='bbox 1683 1863 1801 1929; x_wconf 72' lang='lat' dir='ltr'><strong>Dei,</strong></span> <span class='ocrx_word' id='word_1_265' title='bbox 1833 1864 1969 1919; x_wconf 75' lang='lat' dir='ltr'><strong>velut</strong></span> <span class='ocrx_word' id='word_1_266' title='bbox 1999 1863 2049 1924; x_wconf 85' lang='grc' dir='ltr'><strong>Β</strong></span> <span class='ocrx_word' id='word_1_267' title='bbox 2072 1872 2373 1943; x_wconf 86' lang='lat' dir='ltr'><strong>Scripturis</strong></span> <span class='ocrx_word' id='word_1_268' title='bbox 2400 1870 2728 1940; x_wconf 83' lang='lat' dir='ltr'><strong>inveniatur,</strong></span> <span class='ocrx_word' id='word_1_269' title='bbox 2762 1869 3013 1926; x_wconf 87' lang='lat' dir='ltr'><strong>homines</strong></span> <span class='ocrx_word' id='word_1_270' title='bbox 3041 1868 3215 1925; x_wconf 87' lang='lat' dir='ltr'><strong>dictos</strong></span> <span class='ocrx_word' id='word_1_271' title='bbox 3243 1885 3367 1927; x_wconf 90' lang='lat' dir='ltr'><strong>esse</strong></span> <span class='ocrx_word' id='word_1_272' title='bbox 3397 1870 3508 1924; x_wconf 82' lang='lat' dir='ltr'><strong>sine</strong></span> <span class='ocrx_word' id='word_1_273' title='bbox 3536 1885 3664 1941; x_wconf 81' lang='lat' dir='ltr'><strong>que-</strong></span> 
     </span>
    </p>
   </div>
   <div class='ocr_carea' id='block_1_34' title="bbox 355 1955 3670 2036">
    <p class='ocr_par' dir='ltr' id='par_1_34' title="bbox 355 1955 3670 2036">
     <span class='ocr_line' id='line_1_34' title="bbox 355 1955 3670 2036; baseline -0.002 -18"><span class='ocrx_word' id='word_1_274' title='bbox 355 1958 557 2034; x_wconf 57' lang='lat' dir='ltr'><strong>infmts,</strong></span> <span class='ocrx_word' id='word_1_275' title='bbox 586 1977 687 2016; x_wconf 88' lang='lat' dir='ltr'><strong>non</strong></span> <span class='ocrx_word' id='word_1_276' title='bbox 734 1960 949 2015; x_wconf 87' lang='lat' dir='ltr'><strong>intrabit</strong></span> <span class='ocrx_word' id='word_1_277' title='bbox 987 1960 1121 2015; x_wconf 70' lang='lat' dir='ltr'><strong>illud</strong></span> <span class='ocrx_word' id='word_1_278' title='bbox 1145 1960 1340 2031; x_wconf 83' lang='lat' dir='ltr'><strong>(Marc.</strong></span> <span class='ocrx_word' id='word_1_279' title='bbox 1374 1974 1403 2014; x_wconf 75' lang='grc' dir='ltr'><strong>Χ</strong></span> <span class='ocrx_word' id='word_1_280' title='bbox 1429 1999 1444 2024; x_wconf 83' lang='grc'><em>,</em></span> <span class='ocrx_word' id='word_1_281' title='bbox 1476 1957 1585 2029; x_wconf 74' lang='grc'><strong>15).</strong></span> <span class='ocrx_word' id='word_1_282' title='bbox 1615 1956 1797 2012; x_wconf 85' lang='lat' dir='ltr'><strong>Infans</strong></span> <span class='ocrx_word' id='word_1_283' title='bbox 1828 1955 1963 2011; x_wconf 85' lang='lat' dir='ltr'><strong>nihil</strong></span> <span class='ocrx_word' id='word_1_284' title='bbox 2063 1966 2179 2020; x_wconf 68' lang='grc' dir='ltr'><strong>τρια</strong></span> <span class='ocrx_word' id='word_1_285' title='bbox 2209 1963 2365 2036; x_wconf 77' lang='lat' dir='ltr'><strong>(an.</strong></span> <span class='ocrx_word' id='word_1_286' title='bbox 2403 1980 2443 2032; x_wconf 67' lang='grc' dir='ltr'>ι,</span> <span class='ocrx_word' id='word_1_287' title='bbox 2473 1962 2528 2033; x_wconf 69' lang='grc' dir='ltr'><strong>(ι)</strong></span> <span class='ocrx_word' id='word_1_288' title='bbox 2560 1980 2576 2019; x_wconf 74' lang='grc' dir='ltr'>ε</span> <span class='ocrx_word' id='word_1_289' title='bbox 2612 1978 2721 2018; x_wconf 81' lang='lat' dir='ltr'><strong>non</strong></span> <span class='ocrx_word' id='word_1_290' title='bbox 2766 1963 3064 2031; x_wconf 71' lang='lat' dir='ltr'><strong>invenitur,</strong></span> <span class='ocrx_word' id='word_1_291' title='bbox 3089 1962 3182 2034; x_wconf 83' lang='lat' dir='ltr'><strong>qui</strong></span> <span class='ocrx_word' id='word_1_292' title='bbox 3218 1963 3400 2018; x_wconf 82' lang='lat' dir='ltr'><strong>dictus</strong></span> <span class='ocrx_word' id='word_1_293' title='bbox 3437 1963 3508 2016; x_wconf 74' lang='lat' dir='ltr'><strong>sit</strong></span> <span class='ocrx_word' id='word_1_294' title='bbox 3549 1961 3670 2017; x_wconf 73' lang='lat' dir='ltr'><strong>sine</strong></span> 
     </span>
    </p>
   </div>
   <div class='ocr_carea' id='block_1_35' title="bbox 358 2049 1964 2125">
    <p class='ocr_par' dir='ltr' id='par_1_35' title="bbox 358 2049 1964 2125">
     <span class='ocr_line' id='line_1_35' title="bbox 358 2049 1964 2125; baseline -0.004 -14"><span class='ocrx_word' id='word_1_295' title='bbox 358 2053 507 2113; x_wconf 55' lang='lat' dir='ltr'><strong>intse</strong></span> <span class='ocrx_word' id='word_1_296' title='bbox 548 2054 732 2123; x_wconf 86' lang='lat' dir='ltr'><strong>habet,</strong></span> <span class='ocrx_word' id='word_1_297' title='bbox 761 2053 861 2109; x_wconf 68' lang='lat' dir='ltr'><strong>nisi</strong></span> <span class='ocrx_word' id='word_1_298' title='bbox 893 2052 1039 2125; x_wconf 85' lang='lat' dir='ltr'><strong>quod</strong></span> <span class='ocrx_word' id='word_1_299' title='bbox 1071 2051 1252 2124; x_wconf 87' lang='lat' dir='ltr'><strong>diligit</strong></span> <span class='ocrx_word' id='word_1_300' title='bbox 1280 2050 1679 2117; x_wconf 87' lang='lat' dir='ltr'><strong>blandientem,</strong></span> <span class='ocrx_word' id='word_1_301' title='bbox 1728 2058 1786 2105; x_wconf 90' lang='lat' dir='ltr'><strong>et</strong></span> <span class='ocrx_word' id='word_1_302' title='bbox 1820 2049 1964 2120; x_wconf 87' lang='lat' dir='ltr'><strong>quod</strong></span> 
     </span>
    </p>
   </div>
   <div class='ocr_carea' id='block_1_36' title="bbox 357 2144 1966 2223">
    <p class='ocr_par' dir='ltr' id='par_1_36' title="bbox 357 2144 1966 2223">
     <span class='ocr_line' id='line_1_36' title="bbox 357 2144 1966 2223; baseline 0 -23"><span class='ocrx_word' id='word_1_303' title='bbox 357 2165 553 2223; x_wconf 80' lang='lat' dir='ltr'><strong>panem</strong></span> <span class='ocrx_word' id='word_1_304' title='bbox 576 2165 735 2205; x_wconf 90' lang='lat' dir='ltr'><strong>suum</strong></span> <span class='ocrx_word' id='word_1_305' title='bbox 765 2165 873 2205; x_wconf 90' lang='lat' dir='ltr'><strong>non</strong></span> <span class='ocrx_word' id='word_1_306' title='bbox 902 2149 956 2204; x_wconf 90' lang='lat' dir='ltr'><strong>in</strong></span> <span class='ocrx_word' id='word_1_307' title='bbox 988 2148 1187 2203; x_wconf 86' lang='lat' dir='ltr'><strong>sudore</strong></span> <span class='ocrx_word' id='word_1_308' title='bbox 1208 2161 1329 2213; x_wconf 92' lang='lat' dir='ltr'><strong>suo,</strong></span> <span class='ocrx_word' id='word_1_309' title='bbox 1361 2146 1457 2201; x_wconf 87' lang='lat' dir='ltr'><strong>sed</strong></span> <span class='ocrx_word' id='word_1_310' title='bbox 1491 2146 1542 2200; x_wconf 92' lang='lat' dir='ltr'><strong>in</strong></span> <span class='ocrx_word' id='word_1_311' title='bbox 1564 2144 1819 2215; x_wconf 89' lang='lat' dir='ltr'><strong>precibus</strong></span> <span class='ocrx_word' id='word_1_312' title='bbox 1839 2157 1966 2216; x_wconf 80' lang='lat' dir='ltr'><strong>Spe-</strong></span> 
     </span>
    </p>
   </div>
   <div class='ocr_carea' id='block_1_37' title="bbox 356 2238 1963 2312">
    <p class='ocr_par' dir='ltr' id='par_1_37' title="bbox 356 2238 1963 2312">
     <span class='ocr_line' id='line_1_37' title="bbox 356 2238 1963 2312; baseline -0.004 -11"><span class='ocrx_word' id='word_1_313' title='bbox 356 2258 488 2301; x_wconf 87' lang='lat' dir='ltr'><strong>raus</strong></span> <span class='ocrx_word' id='word_1_314' title='bbox 516 2242 833 2299; x_wconf 89' lang='lat' dir='ltr'><strong>alimoniam</strong></span> <span class='ocrx_word' id='word_1_315' title='bbox 865 2242 1021 2309; x_wconf 70' lang='lat' dir='ltr'><strong>vitro,</strong></span> <span class='ocrx_word' id='word_1_316' title='bbox 1045 2240 1278 2312; x_wconf 89' lang='lat' dir='ltr'><strong>simplici</strong></span> <span class='ocrx_word' id='word_1_317' title='bbox 1302 2240 1564 2312; x_wconf 87' lang='lat' dir='ltr'><strong>petitione</strong></span> <span class='ocrx_word' id='word_1_318' title='bbox 1590 2238 1963 2311; x_wconf 88' lang='lat' dir='ltr'><strong>consequitur,</strong></span> 
     </span>
    </p>
   </div>
   <div class='ocr_carea' id='block_1_38' title="bbox 358 2334 1966 2409">
    <p class='ocr_par' dir='ltr' id='par_1_38' title="bbox 358 2334 1966 2409">
     <span class='ocr_line' id='line_1_38' title="bbox 358 2334 1966 2409; baseline -0.001 -20"><span class='ocrx_word' id='word_1_319' title='bbox 358 2351 521 2409; x_wconf 87' lang='lat' dir='ltr'><strong>quam</strong></span> <span class='ocrx_word' id='word_1_320' title='bbox 553 2334 790 2391; x_wconf 88' lang='lat' dir='ltr'><strong>ﬁduciali</strong></span> <span class='ocrx_word' id='word_1_321' title='bbox 812 2350 981 2406; x_wconf 81' lang='lat' dir='ltr'><strong>Opere</strong></span> <span class='ocrx_word' id='word_1_322' title='bbox 1010 2349 1117 2390; x_wconf 92' lang='lat' dir='ltr'><strong>non</strong></span> <span class='ocrx_word' id='word_1_323' title='bbox 1144 2344 1386 2390; x_wconf 89' lang='lat' dir='ltr'><strong>meretur</strong></span> <span class='ocrx_word' id='word_1_324' title='bbox 1416 2352 1429 2388; x_wconf 90' lang='lat'><strong>:</strong></span> <span class='ocrx_word' id='word_1_325' title='bbox 1462 2350 1568 2406; x_wconf 89' lang='lat' dir='ltr'><strong>qua</strong></span> <span class='ocrx_word' id='word_1_326' title='bbox 1599 2345 1655 2389; x_wconf 92' lang='lat' dir='ltr'><strong>tu</strong></span> <span class='ocrx_word' id='word_1_327' title='bbox 1681 2348 1966 2406; x_wconf 86' lang='lat' dir='ltr'><strong>compara-</strong></span> 
     </span>
    </p>
   </div>
   <div class='ocr_carea' id='block_1_39' title="bbox 359 2426 1964 2496">
    <p class='ocr_par' dir='ltr' id='par_1_39' title="bbox 359 2426 1964 2496">
     <span class='ocr_line' id='line_1_39' title="bbox 359 2426 1964 2496; baseline -0.002 -10"><span class='ocrx_word' id='word_1_328' title='bbox 359 2428 513 2486; x_wconf 88' lang='lat' dir='ltr'><strong>tione</strong></span> <span class='ocrx_word' id='word_1_329' title='bbox 555 2428 945 2496; x_wconf 86' lang='lat' dir='ltr'><strong>commonitus,</strong></span> <span class='ocrx_word' id='word_1_330' title='bbox 977 2437 1301 2484; x_wconf 81' lang='lat' dir='ltr'><strong>convertere</strong></span> <span class='ocrx_word' id='word_1_331' title='bbox 1331 2426 1397 2482; x_wconf 90' lang='lat' dir='ltr'><strong>ad</strong></span> <span class='ocrx_word' id='word_1_332' title='bbox 1430 2426 1732 2493; x_wconf 82' lang='lat' dir='ltr'><strong>infantiam,</strong></span> <span class='ocrx_word' id='word_1_333' title='bbox 1782 2435 1840 2482; x_wconf 91' lang='lat' dir='ltr'><strong>ut</strong></span> <span class='ocrx_word' id='word_1_334' title='bbox 1880 2440 1964 2482; x_wconf 88' lang='lat' dir='ltr'><strong>re-</strong></span> 
     </span>
    </p>
   </div>
   <div class='ocr_carea' id='block_1_40' title="bbox 362 2519 915 2581">
    <p class='ocr_par' dir='ltr' id='par_1_40' title="bbox 362 2519 915 2581">
     <span class='ocr_line' id='line_1_40' title="bbox 362 2519 915 2581; baseline -0.013 0"><span class='ocrx_word' id='word_1_335' title='bbox 362 2521 603 2581; x_wconf 69' lang='lat' dir='ltr'><strong>vertaris</strong></span> <span class='ocrx_word' id='word_1_336' title='bbox 628 2519 698 2576; x_wconf 89' lang='lat' dir='ltr'><strong>ad</strong></span> <span class='ocrx_word' id='word_1_337' title='bbox 725 2520 915 2575; x_wconf 74' lang='lat' dir='ltr'><strong>vitam.</strong></span> 
     </span>
    </p>
   </div>
   <div class='ocr_carea' id='block_1_41' title="bbox 430 2610 1967 2687">
    <p class='ocr_par' dir='ltr' id='par_1_41' title="bbox 430 2610 1967 2687">
     <span class='ocr_line' id='line_1_41' title="bbox 430 2610 1967 2687; baseline -0.002 -15"><span class='ocrx_word' id='word_1_338' title='bbox 430 2615 523 2673; x_wconf 69' lang='lat'><strong>32.</strong></span> <span class='ocrx_word' id='word_1_339' title='bbox 568 2615 635 2671; x_wconf 79' lang='lat' dir='ltr'><strong>Et</strong></span> <span class='ocrx_word' id='word_1_340' title='bbox 659 2614 917 2687; x_wconf 87' lang='lat' dir='ltr'><strong>quoniam</strong></span> <span class='ocrx_word' id='word_1_341' title='bbox 940 2612 1195 2685; x_wconf 87' lang='lat' dir='ltr'><strong>superius</strong></span> <span class='ocrx_word' id='word_1_342' title='bbox 1214 2612 1485 2677; x_wconf 81' lang='lat' dir='ltr'><strong>dixeram.</strong></span> <span class='ocrx_word' id='word_1_343' title='bbox 1517 2610 1587 2670; x_wconf 87' lang='lat' dir='ltr'><strong>de</strong></span> <span class='ocrx_word' id='word_1_344' title='bbox 1609 2612 1967 2684; x_wconf 87' lang='lat' dir='ltr'><strong>possibilitate</strong></span> 
     </span>
    </p>
   </div>
   <div class='ocr_carea' id='block_1_42' title="bbox 358 2705 1963 2777">
    <p class='ocr_par' dir='ltr' id='par_1_42' title="bbox 358 2705 1963 2777">
     <span class='ocr_line' id='line_1_42' title="bbox 358 2705 1963 2777; baseline -0.003 -12"><span class='ocrx_word' id='word_1_345' title='bbox 358 2709 552 2766; x_wconf 90' lang='lat' dir='ltr'><strong>oneris</strong></span> <span class='ocrx_word' id='word_1_346' title='bbox 594 2706 921 2776; x_wconf 87' lang='lat' dir='ltr'><strong>sustinendi,</strong></span> <span class='ocrx_word' id='word_1_347' title='bbox 958 2717 1112 2763; x_wconf 91' lang='lat' dir='ltr'><strong>tuum</strong></span> <span class='ocrx_word' id='word_1_348' title='bbox 1152 2706 1384 2777; x_wconf 80' lang='lat' dir='ltr'><strong>primum</strong></span> <span class='ocrx_word' id='word_1_349' title='bbox 1418 2721 1641 2762; x_wconf 84' lang='lat' dir='ltr'><strong>sensum</strong></span> <span class='ocrx_word' id='word_1_350' title='bbox 1680 2705 1916 2761; x_wconf 89' lang='lat' dir='ltr'><strong>discutio</strong></span> <span class='ocrx_word' id='word_1_351' title='bbox 1949 2722 1963 2760; x_wconf 90' lang='lat'><strong>:</strong></span> 
     </span>
    </p>
   </div>
   <div class='ocr_carea' id='block_1_43' title="bbox 360 2796 1967 2875">
    <p class='ocr_par' dir='ltr' id='par_1_43' title="bbox 360 2796 1967 2875">
     <span class='ocr_line' id='line_1_43' title="bbox 360 2796 1967 2875; baseline -0.005 -15"><span class='ocrx_word' id='word_1_352' title='bbox 360 2815 418 2860; x_wconf 88' lang='lat' dir='ltr'><strong>et</strong></span> <span class='ocrx_word' id='word_1_353' title='bbox 444 2817 623 2859; x_wconf 86' lang='lat' dir='ltr'><strong>meum</strong></span> <span class='ocrx_word' id='word_1_354' title='bbox 656 2813 847 2875; x_wconf 89' lang='lat' dir='ltr'><strong>postea</strong></span> <span class='ocrx_word' id='word_1_355' title='bbox 869 2799 918 2856; x_wconf 91' lang='lat' dir='ltr'><strong>si</strong></span> <span class='ocrx_word' id='word_1_356' title='bbox 939 2800 1206 2868; x_wconf 87' lang='lat' dir='ltr'><strong>videatur,</strong></span> <span class='ocrx_word' id='word_1_357' title='bbox 1249 2798 1504 2870; x_wconf 74' lang='lat' dir='ltr'><strong>explano.</strong></span> <span class='ocrx_word' id='word_1_358' title='bbox 1538 2799 1659 2855; x_wconf 90' lang='lat' dir='ltr'><strong>Mea</strong></span> <span class='ocrx_word' id='word_1_359' title='bbox 1699 2796 1967 2854; x_wconf 87' lang='lat' dir='ltr'><strong>sententia</strong></span> 
     </span>
    </p>
   </div>
   <div class='ocr_carea' id='block_1_44' title="bbox 362 2888 1969 2967">
    <p class='ocr_par' dir='ltr' id='par_1_44' title="bbox 362 2888 1969 2967">
     <span class='ocr_line' id='line_1_44' title="bbox 362 2888 1969 2967; baseline -0.005 -15"><span class='ocrx_word' id='word_1_360' title='bbox 362 2906 466 2965; x_wconf 82' lang='lat' dir='ltr'><strong>est,</strong></span> <span class='ocrx_word' id='word_1_361' title='bbox 496 2895 623 2967; x_wconf 85' lang='lat' dir='ltr'><strong>quia</strong></span> <span class='ocrx_word' id='word_1_362' title='bbox 650 2903 709 2950; x_wconf 89' lang='lat' dir='ltr'><strong>et</strong></span> <span class='ocrx_word' id='word_1_363' title='bbox 754 2894 808 2949; x_wconf 92' lang='lat' dir='ltr'><strong>in</strong></span> <span class='ocrx_word' id='word_1_364' title='bbox 840 2893 944 2950; x_wconf 90' lang='lat' dir='ltr'><strong>hoc</strong></span> <span class='ocrx_word' id='word_1_365' title='bbox 982 2906 1197 2964; x_wconf 89' lang='lat' dir='ltr'><strong>quoque</strong></span> <span class='ocrx_word' id='word_1_366' title='bbox 1247 2904 1535 2963; x_wconf 88' lang='lat' dir='ltr'><strong>peccamus</strong></span> <span class='ocrx_word' id='word_1_367' title='bbox 1556 2932 1570 2956; x_wconf 94' lang='lat'><strong>,</strong></span> <span class='ocrx_word' id='word_1_368' title='bbox 1602 2890 1691 2962; x_wconf 90' lang='lat' dir='ltr'><strong>qui</strong></span> <span class='ocrx_word' id='word_1_369' title='bbox 1728 2904 1851 2945; x_wconf 89' lang='lat' dir='ltr'><strong>cum</strong></span> <span class='ocrx_word' id='word_1_370' title='bbox 1888 2888 1969 2944; x_wconf 91' lang='lat' dir='ltr'><strong>in-</strong></span> 
     </span>
    </p>
   </div>
   <div class='ocr_carea' id='block_1_45' title="bbox 362 2981 1969 3059">
    <p class='ocr_par' dir='ltr' id='par_1_45' title="bbox 362 2981 1969 3059">
     <span class='ocr_line' id='line_1_45' title="bbox 362 2981 1969 3059; baseline -0.004 -13"><span class='ocrx_word' id='word_1_371' title='bbox 362 2990 504 3047; x_wconf 86' lang='lat' dir='ltr'><strong>firmi</strong></span> <span class='ocrx_word' id='word_1_372' title='bbox 556 3004 767 3059; x_wconf 88' lang='lat' dir='ltr'><strong>sumus,</strong></span> <span class='ocrx_word' id='word_1_373' title='bbox 802 2986 871 3043; x_wconf 91' lang='lat' dir='ltr'><strong>de</strong></span> <span class='ocrx_word' id='word_1_374' title='bbox 915 2985 1231 3043; x_wconf 80' lang='lat' dir='ltr'><strong>infirmitate</strong></span> <span class='ocrx_word' id='word_1_375' title='bbox 1271 2984 1655 3057; x_wconf 89' lang='lat' dir='ltr'><strong>conquerimur</strong></span> <span class='ocrx_word' id='word_1_376' title='bbox 1678 3023 1693 3049; x_wconf 96' lang='lat'><strong>,</strong></span> <span class='ocrx_word' id='word_1_377' title='bbox 1728 2981 1797 3055; x_wconf 74' lang='grc' dir='ltr'><strong>[ει</strong></span> <span class='ocrx_word' id='word_1_378' title='bbox 1828 2981 1969 3039; x_wconf 88' lang='lat' dir='ltr'><strong>hanc</strong></span> 
     </span>
    </p>
   </div>
   <div class='ocr_carea' id='block_1_46' title="bbox 363 3074 1967 3150">
    <p class='ocr_par' dir='ltr' id='par_1_46' title="bbox 363 3074 1967 3150">
     <span class='ocr_line' id='line_1_46' title="bbox 363 3074 1967 3150; baseline -0.006 -10"><span class='ocrx_word' id='word_1_379' title='bbox 363 3097 487 3141; x_wconf 49' lang='lat' dir='ltr'><strong>esse</strong></span> <span class='ocrx_word' id='word_1_380' title='bbox 511 3082 869 3138; x_wconf 91' lang='lat' dir='ltr'><strong>intentionem</strong></span> <span class='ocrx_word' id='word_1_381' title='bbox 890 3079 1029 3150; x_wconf 84' lang='lat' dir='ltr'><strong>legis</strong></span> <span class='ocrx_word' id='word_1_382' title='bbox 1055 3078 1356 3150; x_wconf 86' lang='lat' dir='ltr'><strong>arguentis,</strong></span> <span class='ocrx_word' id='word_1_383' title='bbox 1385 3086 1679 3148; x_wconf 90' lang='lat' dir='ltr'><strong>utpropter</strong></span> <span class='ocrx_word' id='word_1_384' title='bbox 1699 3074 1814 3141; x_wconf 90' lang='lat' dir='ltr'><strong>illa,</strong></span> <span class='ocrx_word' id='word_1_385' title='bbox 1846 3088 1967 3146; x_wconf 70' lang='lat' dir='ltr'><strong>qua:</strong></span> 
     </span>
    </p>
   </div>
   <div class='ocr_carea' id='block_1_47' title="bbox 362 3168 1969 3250">
    <p class='ocr_par' dir='ltr' id='par_1_47' title="bbox 362 3168 1969 3250">
     <span class='ocr_line' id='line_1_47' title="bbox 362 3168 1969 3250; baseline -0.006 -16"><span class='ocrx_word' id='word_1_386' title='bbox 362 3191 658 3250; x_wconf 83' lang='lat' dir='ltr'><strong>perperam</strong></span> <span class='ocrx_word' id='word_1_387' title='bbox 688 3175 845 3243; x_wconf 87' lang='lat' dir='ltr'><strong>ﬁunt,</strong></span> <span class='ocrx_word' id='word_1_388' title='bbox 883 3173 1225 3244; x_wconf 86' lang='lat' dir='ltr'><strong>confugiatnr</strong></span> <span class='ocrx_word' id='word_1_389' title='bbox 1251 3171 1318 3227; x_wconf 89' lang='lat' dir='ltr'><strong>ad</strong></span> <span class='ocrx_word' id='word_1_390' title='bbox 1344 3171 1573 3243; x_wconf 86' lang='lat' dir='ltr'><strong>gratiam</strong></span> <span class='ocrx_word' id='word_1_391' title='bbox 1603 3168 1821 3227; x_wconf 90' lang='lat' dir='ltr'><strong>Domini</strong></span> <span class='ocrx_word' id='word_1_392' title='bbox 1867 3170 1969 3225; x_wconf 89' lang='lat' dir='ltr'><strong>mi-</strong></span> 
     </span>
    </p>
   </div>
   <div class='ocr_carea' id='block_1_48' title="bbox 2066 2053 3667 2130">
    <p class='ocr_par' dir='ltr' id='par_1_48' title="bbox 2066 2053 3667 2130">
     <span class='ocr_line' id='line_1_48' title="bbox 2066 2053 3667 2130; baseline -0.004 -17"><span class='ocrx_word' id='word_1_393' title='bbox 2066 2068 2288 2130; x_wconf 85' lang='lat' dir='ltr'><strong>peccato</strong></span> <span class='ocrx_word' id='word_1_394' title='bbox 2321 2075 2334 2111; x_wconf 91' lang='lat'><strong>:</strong></span> <span class='ocrx_word' id='word_1_395' title='bbox 2367 2056 2473 2112; x_wconf 83' lang='lat' dir='ltr'><strong>nisi</strong></span> <span class='ocrx_word' id='word_1_396' title='bbox 2529 2071 2668 2112; x_wconf 91' lang='lat' dir='ltr'><strong>unus</strong></span> <span class='ocrx_word' id='word_1_397' title='bbox 2718 2056 2889 2122; x_wconf 87' lang='lat' dir='ltr'><strong>solus,</strong></span> <span class='ocrx_word' id='word_1_398' title='bbox 2942 2055 3010 2111; x_wconf 90' lang='lat' dir='ltr'><strong>de</strong></span> <span class='ocrx_word' id='word_1_399' title='bbox 3061 2070 3171 2127; x_wconf 90' lang='lat' dir='ltr'><strong>quo</strong></span> <span class='ocrx_word' id='word_1_400' title='bbox 3214 2064 3407 2126; x_wconf 86' lang='lat' dir='ltr'><strong>aperte</strong></span> <span class='ocrx_word' id='word_1_401' title='bbox 3460 2053 3667 2109; x_wconf 90' lang='lat' dir='ltr'><strong>dictum</strong></span> 
     </span>
    </p>
   </div>
   <div class='ocr_carea' id='block_1_49' title="bbox 2066 2141 3669 2218">
    <p class='ocr_par' dir='ltr' id='par_1_49' title="bbox 2066 2141 3669 2218">
     <span class='ocr_line' id='line_1_49' title="bbox 2066 2141 3669 2218; baseline -0.003 -15"><span class='ocrx_word' id='word_1_402' title='bbox 2066 2157 2172 2213; x_wconf 85' lang='lat' dir='ltr'><strong>est,</strong></span> <span class='ocrx_word' id='word_1_403' title='bbox 2200 2163 2316 2201; x_wconf 88' lang='lat' dir='ltr'><strong>eum</strong></span> <span class='ocrx_word' id='word_1_404' title='bbox 2343 2146 2432 2218; x_wconf 84' lang='lat' dir='ltr'><strong>qui</strong></span> <span class='ocrx_word' id='word_1_405' title='bbox 2460 2162 2563 2200; x_wconf 88' lang='lat' dir='ltr'><strong>non</strong></span> <span class='ocrx_word' id='word_1_406' title='bbox 2590 2156 2803 2200; x_wconf 82' lang='lat' dir='ltr'><strong>noverat</strong></span> <span class='ocrx_word' id='word_1_407' title='bbox 2830 2153 3100 2216; x_wconf 83' lang='lat' dir='ltr'><strong>peccatum</strong></span> <span class='ocrx_word' id='word_1_408' title='bbox 3139 2143 3208 2216; x_wconf 90' lang='grc' dir='ltr'>(ιι</span> <span class='ocrx_word' id='word_1_409' title='bbox 3235 2143 3358 2199; x_wconf 86' lang='lat' dir='ltr'><strong>Cor.</strong></span> <span class='ocrx_word' id='word_1_410' title='bbox 3381 2160 3439 2209; x_wconf 87' lang='lat' dir='ltr'><strong>v,</strong></span> <span class='ocrx_word' id='word_1_411' title='bbox 3467 2141 3584 2213; x_wconf 72' lang='grc'><strong>20).</strong></span> <span class='ocrx_word' id='word_1_412' title='bbox 3602 2143 3669 2198; x_wconf 85' lang='lat' dir='ltr'><strong>Et</strong></span> 
     </span>
    </p>
   </div>
   <div class='ocr_carea' id='block_1_50' title="bbox 2067 2234 3663 2308">
    <p class='ocr_par' dir='ltr' id='par_1_50' title="bbox 2067 2234 3663 2308">
     <span class='ocr_line' id='line_1_50' title="bbox 2067 2234 3663 2308; baseline -0.006 -11"><span class='ocrx_word' id='word_1_413' title='bbox 2067 2256 2134 2297; x_wconf 89' lang='lat' dir='ltr'><strong>eo</strong></span> <span class='ocrx_word' id='word_1_414' title='bbox 2159 2242 2282 2296; x_wconf 90' lang='lat' dir='ltr'><strong>loco</strong></span> <span class='ocrx_word' id='word_1_415' title='bbox 2300 2239 2388 2296; x_wconf 90' lang='lat' dir='ltr'><strong>ubi</strong></span> <span class='ocrx_word' id='word_1_416' title='bbox 2413 2239 2483 2295; x_wconf 94' lang='lat' dir='ltr'><strong>de</strong></span> <span class='ocrx_word' id='word_1_417' title='bbox 2506 2237 2885 2295; x_wconf 84' lang='lat' dir='ltr'><strong>sacerdOtibus</strong></span> <span class='ocrx_word' id='word_1_418' title='bbox 2913 2239 3115 2294; x_wconf 87' lang='lat' dir='ltr'><strong>sanctis</strong></span> <span class='ocrx_word' id='word_1_419' title='bbox 3145 2237 3434 2308; x_wconf 82' lang='lat' dir='ltr'><strong>agebatur.</strong></span> <span class='ocrx_word' id='word_1_420' title='bbox 3455 2234 3663 2289; x_wconf 80' lang='lat' dir='ltr'><strong>Etenim</strong></span> 
     </span>
    </p>
   </div>
   <div class='ocr_carea' id='block_1_51' title="bbox 2067 2331 3669 2407">
    <p class='ocr_par' dir='ltr' id='par_1_51' title="bbox 2067 2331 3669 2407">
     <span class='ocr_line' id='line_1_51' title="bbox 2067 2331 3669 2407; baseline -0.006 -16"><span class='ocrx_word' id='word_1_421' title='bbox 2067 2345 2308 2407; x_wconf 72' lang='lat' dir='ltr'><strong>expertus</strong></span> <span class='ocrx_word' id='word_1_422' title='bbox 2336 2343 2413 2390; x_wconf 87' lang='lat' dir='ltr'><strong>est</strong></span> <span class='ocrx_word' id='word_1_423' title='bbox 2439 2334 2635 2403; x_wconf 85' lang='lat' dir='ltr'><strong>omnia,</strong></span> <span class='ocrx_word' id='word_1_424' title='bbox 2665 2333 2951 2389; x_wconf 86' lang='lat' dir='ltr'><strong>secundum</strong></span> <span class='ocrx_word' id='word_1_425' title='bbox 2980 2331 3377 2388; x_wconf 77' lang='lat' dir='ltr'><strong>similitudinem</strong></span> <span class='ocrx_word' id='word_1_426' title='bbox 3403 2331 3516 2385; x_wconf 82' lang='lat' dir='ltr'><strong>sine</strong></span> <span class='ocrx_word' id='word_1_427' title='bbox 3546 2345 3669 2401; x_wconf 81' lang='lat' dir='ltr'><strong>pec-</strong></span> 
     </span>
    </p>
   </div>
   <div class='ocr_carea' id='block_1_52' title="bbox 2068 2424 3661 2501">
    <p class='ocr_par' dir='ltr' id='par_1_52' title="bbox 2068 2424 3661 2501">
     <span class='ocr_line' id='line_1_52' title="bbox 2068 2424 3661 2501; baseline -0.003 -16"><span class='ocrx_word' id='word_1_428' title='bbox 2068 2439 2183 2485; x_wconf 91' lang='lat' dir='ltr'><strong>cato</strong></span> <span class='ocrx_word' id='word_1_429' title='bbox 2205 2428 2366 2501; x_wconf 86' lang='lat' dir='ltr'><strong>(Heb.</strong></span> <span class='ocrx_word' id='word_1_430' title='bbox 2401 2443 2475 2494; x_wconf 91' lang='lat' dir='ltr'><strong>tv,</strong></span> <span class='ocrx_word' id='word_1_431' title='bbox 2506 2426 2595 2499; x_wconf 81' lang='grc'><strong>15)</strong></span> <span class='ocrx_word' id='word_1_432' title='bbox 2634 2446 2647 2481; x_wconf 88' lang='lat'>:</span> <span class='ocrx_word' id='word_1_433' title='bbox 2683 2428 2737 2483; x_wconf 90' lang='lat' dir='ltr'><strong>in</strong></span> <span class='ocrx_word' id='word_1_434' title='bbox 2766 2425 2855 2483; x_wconf 87' lang='lat' dir='ltr'><strong>illa</strong></span> <span class='ocrx_word' id='word_1_435' title='bbox 2887 2427 3096 2483; x_wconf 89' lang='lat' dir='ltr'><strong>scilicet</strong></span> <span class='ocrx_word' id='word_1_436' title='bbox 3121 2440 3310 2492; x_wconf 90' lang='lat' dir='ltr'><strong>carne,</strong></span> <span class='ocrx_word' id='word_1_437' title='bbox 3331 2438 3453 2497; x_wconf 70' lang='lat' dir='ltr'><strong>qua:</strong></span> <span class='ocrx_word' id='word_1_438' title='bbox 3489 2424 3661 2480; x_wconf 86' lang='lat' dir='ltr'><strong>habe-</strong></span> 
     </span>
    </p>
   </div>
   <div class='ocr_carea' id='block_1_53' title="bbox 2068 2520 3668 2593">
    <p class='ocr_par' dir='ltr' id='par_1_53' title="bbox 2068 2520 3668 2593">
     <span class='ocr_line' id='line_1_53' title="bbox 2068 2520 3668 2593; baseline -0.003 -14"><span class='ocrx_word' id='word_1_439' title='bbox 2068 2526 2160 2579; x_wconf 88' lang='lat' dir='ltr'><strong>bat</strong></span> <span class='ocrx_word' id='word_1_440' title='bbox 2188 2521 2604 2579; x_wconf 85' lang='lat' dir='ltr'><strong>similitudinem</strong></span> <span class='ocrx_word' id='word_1_441' title='bbox 2633 2521 2814 2578; x_wconf 88' lang='lat' dir='ltr'><strong>earnis</strong></span> <span class='ocrx_word' id='word_1_442' title='bbox 2837 2520 3067 2593; x_wconf 88' lang='lat' dir='ltr'><strong>peccati,</strong></span> <span class='ocrx_word' id='word_1_443' title='bbox 3101 2520 3349 2592; x_wconf 87' lang='lat' dir='ltr'><strong>quamvis</strong></span> <span class='ocrx_word' id='word_1_444' title='bbox 3378 2535 3486 2575; x_wconf 90' lang='lat' dir='ltr'><strong>non</strong></span> <span class='ocrx_word' id='word_1_445' title='bbox 3517 2528 3668 2575; x_wconf 84' lang='lat' dir='ltr'><strong>esset</strong></span> 
     </span>
    </p>
   </div>
   <div class='ocr_carea' id='block_1_54' title="bbox 2067 2612 3661 2688">
    <p class='ocr_par' dir='ltr' id='par_1_54' title="bbox 2067 2612 3661 2688">
     <span class='ocr_line' id='line_1_54' title="bbox 2067 2612 3661 2688; baseline -0.004 -15"><span class='ocrx_word' id='word_1_446' title='bbox 2067 2632 2197 2673; x_wconf 89' lang='lat' dir='ltr'><strong>caro</strong></span> <span class='ocrx_word' id='word_1_447' title='bbox 2238 2615 2465 2688; x_wconf 85' lang='lat' dir='ltr'><strong>peccati.</strong></span> <span class='ocrx_word' id='word_1_448' title='bbox 2498 2614 2619 2672; x_wconf 70' lang='lat' dir='ltr'><strong>iam</strong></span> <span class='ocrx_word' id='word_1_449' title='bbox 2650 2612 2785 2671; x_wconf 82' lang='lat' dir='ltr'><strong>ilud</strong></span> <span class='ocrx_word' id='word_1_450' title='bbox 2820 2614 3094 2686; x_wconf 89' lang='lat' dir='ltr'><strong>quomodo</strong></span> <span class='ocrx_word' id='word_1_451' title='bbox 3133 2612 3513 2684; x_wconf 89' lang='lat' dir='ltr'><strong>accipiendum</strong></span> <span class='ocrx_word' id='word_1_452' title='bbox 3545 2613 3617 2668; x_wconf 91' lang='lat' dir='ltr'><strong>sit</strong></span> <span class='ocrx_word' id='word_1_453' title='bbox 3647 2630 3661 2666; x_wconf 91' lang='lat'>:</span> 
     </span>
    </p>
   </div>
   <div class='ocr_carea' id='block_1_55' title="bbox 2073 2690 3666 2784">
    <p class='ocr_par' dir='ltr' id='par_1_55' title="bbox 2073 2690 3666 2784">
     <span class='ocr_line' id='line_1_55' title="bbox 2073 2690 3666 2784; baseline -0.005 -15"><span class='ocrx_word' id='word_1_454' title='bbox 2073 2715 2256 2769; x_wconf 79' lang='lat' dir='ltr'><strong>Omnis</strong></span> <span class='ocrx_word' id='word_1_455' title='bbox 2288 2713 2380 2784; x_wconf 89' lang='lat' dir='ltr'><strong>qui</strong></span> <span class='ocrx_word' id='word_1_456' title='bbox 2409 2722 2564 2766; x_wconf 85' lang='lat' dir='ltr'><strong>natus</strong></span> <span class='ocrx_word' id='word_1_457' title='bbox 2588 2720 2663 2767; x_wconf 87' lang='lat' dir='ltr'><strong>est</strong></span> <span class='ocrx_word' id='word_1_458' title='bbox 2701 2726 2765 2766; x_wconf 77' lang='lat' dir='ltr'><strong>ea:</strong></span> <span class='ocrx_word' id='word_1_459' title='bbox 2792 2710 2902 2765; x_wconf 89' lang='lat' dir='ltr'><strong>Deo</strong></span> <span class='ocrx_word' id='word_1_460' title='bbox 2930 2727 3032 2764; x_wconf 89' lang='lat' dir='ltr'><strong>non</strong></span> <span class='ocrx_word' id='word_1_461' title='bbox 3064 2716 3267 2780; x_wconf 84' lang='lat' dir='ltr'><strong>peccat,</strong></span> <span class='ocrx_word' id='word_1_462' title='bbox 3295 2718 3343 2763; x_wconf 89' lang='lat' dir='ltr'><strong>et</strong></span> <span class='ocrx_word' id='word_1_463' title='bbox 3368 2690 3474 2763; x_wconf 79' lang='lat' dir='ltr'><strong>non</strong></span> <span class='ocrx_word' id='word_1_464' title='bbox 3496 2715 3666 2780; x_wconf 79' lang='lat' dir='ltr'><strong>potest</strong></span> 
     </span>
    </p>
   </div>
   <div class='ocr_carea' id='block_1_56' title="bbox 2069 2799 3666 2879">
    <p class='ocr_par' dir='ltr' id='par_1_56' title="bbox 2069 2799 3666 2879">
     <span class='ocr_line' id='line_1_56' title="bbox 2069 2799 3666 2879; baseline -0.004 -17"><span class='ocrx_word' id='word_1_465' title='bbox 2069 2823 2306 2879; x_wconf 82' lang='lat' dir='ltr'><strong>peccare,</strong></span> <span class='ocrx_word' id='word_1_466' title='bbox 2338 2806 2462 2878; x_wconf 80' lang='lat' dir='ltr'><strong>quia</strong></span> <span class='ocrx_word' id='word_1_467' title='bbox 2483 2820 2654 2860; x_wconf 84' lang='lat' dir='ltr'><strong>semen</strong></span> <span class='ocrx_word' id='word_1_468' title='bbox 2676 2804 2792 2876; x_wconf 87' lang='lat' dir='ltr'><strong>ejus</strong></span> <span class='ocrx_word' id='word_1_469' title='bbox 2817 2803 2873 2858; x_wconf 86' lang='lat' dir='ltr'><strong>in</strong></span> <span class='ocrx_word' id='word_1_470' title='bbox 2893 2803 3005 2874; x_wconf 81' lang='lat' dir='ltr'><strong>ipso</strong></span> <span class='ocrx_word' id='word_1_471' title='bbox 3026 2814 3201 2858; x_wconf 83' lang='lat' dir='ltr'><strong>manet</strong></span> <span class='ocrx_word' id='word_1_472' title='bbox 3225 2801 3264 2875; x_wconf 93' lang='lat' dir='ltr'><strong>(I</strong></span> <span class='ocrx_word' id='word_1_473' title='bbox 3286 2799 3445 2857; x_wconf 86' lang='lat' dir='ltr'><strong>Joan.</strong></span> <span class='ocrx_word' id='word_1_474' title='bbox 3475 2816 3556 2866; x_wconf 85' lang='grc' dir='ltr'>ιιι,</span> <span class='ocrx_word' id='word_1_475' title='bbox 3574 2800 3666 2872; x_wconf 85' lang='lat'><strong>9):</strong></span> 
     </span>
    </p>
   </div>
   <div class='ocr_carea' id='block_1_57' title="bbox 2069 2894 3667 2972">
    <p class='ocr_par' dir='ltr' id='par_1_57' title="bbox 2069 2894 3667 2972">
     <span class='ocr_line' id='line_1_57' title="bbox 2069 2894 3667 2972; baseline -0.005 -15"><span class='ocrx_word' id='word_1_476' title='bbox 2069 2917 2192 2958; x_wconf 91' lang='lat' dir='ltr'><strong>cum</strong></span> <span class='ocrx_word' id='word_1_477' title='bbox 2226 2902 2341 2972; x_wconf 88' lang='lat' dir='ltr'><strong>ipse</strong></span> <span class='ocrx_word' id='word_1_478' title='bbox 2369 2898 2655 2971; x_wconf 89' lang='lat' dir='ltr'><strong>apostolus</strong></span> <span class='ocrx_word' id='word_1_479' title='bbox 2683 2897 2947 2964; x_wconf 84' lang='lat' dir='ltr'><strong>Joannes,</strong></span> <span class='ocrx_word' id='word_1_480' title='bbox 2978 2897 3130 2968; x_wconf 88' lang='lat' dir='ltr'><strong>quasi</strong></span> <span class='ocrx_word' id='word_1_481' title='bbox 3167 2912 3274 2951; x_wconf 91' lang='lat' dir='ltr'><strong>non</strong></span> <span class='ocrx_word' id='word_1_482' title='bbox 3302 2894 3373 2951; x_wconf 79' lang='lat' dir='ltr'><strong>sit</strong></span> <span class='ocrx_word' id='word_1_483' title='bbox 3410 2904 3569 2950; x_wconf 86' lang='lat' dir='ltr'><strong>natus</strong></span> <span class='ocrx_word' id='word_1_484' title='bbox 3590 2908 3667 2950; x_wconf 77' lang='lat' dir='ltr'><strong>ex</strong></span> 
     </span>
    </p>
   </div>
   <div class='ocr_carea' id='block_1_58' title="bbox 2073 2988 3665 3065">
    <p class='ocr_par' dir='ltr' id='par_1_58' title="bbox 2073 2988 3665 3065">
     <span class='ocr_line' id='line_1_58' title="bbox 2073 2988 3665 3065; baseline -0.004 -16"><span class='ocrx_word' id='word_1_485' title='bbox 2073 2997 2209 3064; x_wconf 85' lang='lat' dir='ltr'><strong>Deo,</strong></span> <span class='ocrx_word' id='word_1_486' title='bbox 2237 3005 2330 3049; x_wconf 89' lang='lat' dir='ltr'><strong>aut</strong></span> <span class='ocrx_word' id='word_1_487' title='bbox 2355 2994 2436 3050; x_wconf 91' lang='lat' dir='ltr'><strong>eis</strong></span> <span class='ocrx_word' id='word_1_488' title='bbox 2460 2993 2798 3065; x_wconf 75' lang='lat' dir='ltr'><strong>loqueretur,</strong></span> <span class='ocrx_word' id='word_1_489' title='bbox 2825 2990 2915 3062; x_wconf 92' lang='lat' dir='ltr'><strong>qni</strong></span> <span class='ocrx_word' id='word_1_490' title='bbox 2962 2989 3201 3045; x_wconf 89' lang='lat' dir='ltr'><strong>nondum</strong></span> <span class='ocrx_word' id='word_1_491' title='bbox 3231 2997 3421 3045; x_wconf 89' lang='lat' dir='ltr'><strong>essent</strong></span> <span class='ocrx_word' id='word_1_492' title='bbox 3447 2988 3558 3043; x_wconf 91' lang='lat' dir='ltr'><strong>uati</strong></span> <span class='ocrx_word' id='word_1_493' title='bbox 3596 3002 3665 3043; x_wconf 80' lang='lat' dir='ltr'><strong>ex</strong></span> 
     </span>
    </p>
   </div>
   <div class='ocr_carea' id='block_1_59' title="bbox 2072 3084 3670 3158">
    <p class='ocr_par' dir='ltr' id='par_1_59' title="bbox 2072 3084 3670 3158">
     <span class='ocr_line' id='line_1_59' title="bbox 2072 3084 3670 3158; baseline -0.006 -14"><span class='ocrx_word' id='word_1_494' title='bbox 2072 3087 2217 3155; x_wconf 89' lang='lat' dir='ltr'><strong>Deo,</strong></span> <span class='ocrx_word' id='word_1_495' title='bbox 2259 3095 2448 3158; x_wconf 89' lang='lat' dir='ltr'><strong>aperte</strong></span> <span class='ocrx_word' id='word_1_496' title='bbox 2490 3085 2755 3157; x_wconf 87' lang='lat' dir='ltr'><strong>posuerit.</strong></span> <span class='ocrx_word' id='word_1_497' title='bbox 2802 3084 2866 3140; x_wconf 90' lang='lat' dir='ltr'><strong>Si</strong></span> <span class='ocrx_word' id='word_1_498' title='bbox 2904 3085 3192 3140; x_wconf 68' lang='lat' dir='ltr'><strong>dixerimus</strong></span> <span class='ocrx_word' id='word_1_499' title='bbox 3230 3084 3355 3156; x_wconf 83' lang='lat' dir='ltr'><strong>quia</strong></span> <span class='ocrx_word' id='word_1_500' title='bbox 3400 3092 3670 3155; x_wconf 87' lang='lat' dir='ltr'><strong>peccatum</strong></span> 
     </span>
    </p>
   </div>
   <div class='ocr_carea' id='block_1_60' title="bbox 2072 3177 3672 3255">
    <p class='ocr_par' dir='ltr' id='par_1_60' title="bbox 2072 3177 3672 3255">
     <span class='ocr_line' id='line_1_60' title="bbox 2072 3177 3672 3255; baseline -0.005 -16"><span class='ocrx_word' id='word_1_501' title='bbox 2072 3200 2177 3239; x_wconf 89' lang='lat' dir='ltr'><strong>non</strong></span> <span class='ocrx_word' id='word_1_502' title='bbox 2206 3184 2476 3249; x_wconf 84' lang='lat' dir='ltr'><strong>habemus,</strong></span> <span class='ocrx_word' id='word_1_503' title='bbox 2507 3198 2604 3238; x_wconf 87' lang='lat' dir='ltr'><strong>nos</strong></span> <span class='ocrx_word' id='word_1_504' title='bbox 2626 3182 2767 3255; x_wconf 84' lang='lat' dir='ltr'><strong>ipsos</strong></span> <span class='ocrx_word' id='word_1_505' title='bbox 2794 3179 3117 3247; x_wconf 74' lang='lat' dir='ltr'><strong>reducimus,</strong></span> <span class='ocrx_word' id='word_1_506' title='bbox 3137 3188 3185 3234; x_wconf 90' lang='lat' dir='ltr'><strong>et</strong></span> <span class='ocrx_word' id='word_1_507' title='bbox 3214 3178 3401 3233; x_wconf 82' lang='lat' dir='ltr'><strong>veritas</strong></span> <span class='ocrx_word' id='word_1_508' title='bbox 3431 3178 3485 3232; x_wconf 91' lang='lat' dir='ltr'><strong>in</strong></span> <span class='ocrx_word' id='word_1_509' title='bbox 3520 3177 3672 3231; x_wconf 88' lang='lat' dir='ltr'><strong>nobis</strong></span> 
     </span>
    </p>
   </div>
   <div class='ocr_carea' id='block_1_61' title="bbox 362 3248 1971 3350">
    <p class='ocr_par' dir='ltr' id='par_1_61' title="bbox 362 3248 1962 3338">
     <span class='ocr_line' id='line_1_61' title="bbox 362 3248 1962 3338; baseline -0.006 -11"><span class='ocrx_word' id='word_1_510' title='bbox 362 3248 634 3336; x_wconf 76' lang='lat' dir='ltr'><strong>serentis,</strong></span> <span class='ocrx_word' id='word_1_511' title='bbox 661 3267 813 3325; x_wconf 82' lang='lat' dir='ltr'><strong>velut</strong></span> <span class='ocrx_word' id='word_1_512' title='bbox 856 3266 1151 3338; x_wconf 65' lang='lat' dir='ltr'><strong>paedagogo</strong></span> <span class='ocrx_word' id='word_1_513' title='bbox 1191 3264 1552 3322; x_wconf 86' lang='lat' dir='ltr'><strong>concludente</strong></span> <span class='ocrx_word' id='word_1_514' title='bbox 1580 3261 1609 3303; x_wconf 68' lang='grc' dir='ltr'>δ</span> <span class='ocrx_word' id='word_1_515' title='bbox 1636 3264 1689 3319; x_wconf 92' lang='lat' dir='ltr'><strong>in</strong></span> <span class='ocrx_word' id='word_1_516' title='bbox 1714 3262 1962 3319; x_wconf 89' lang='lat' dir='ltr'><strong>eamdem</strong></span> 
     </span>
    </p>
   </div>
   <div class='ocr_carea' id='block_1_62' title="bbox 2077 3248 3670 3350">
    <p class='ocr_par' dir='ltr' id='par_1_62' title="bbox 2077 3248 3670 3350">
     <span class='ocr_line' id='line_1_62' title="bbox 2077 3248 3670 3350; baseline -0.008 -16"><span class='ocrx_word' id='word_1_517' title='bbox 2077 3294 2174 3334; x_wconf 86' lang='lat' dir='ltr'><strong>non</strong></span> <span class='ocrx_word' id='word_1_518' title='bbox 2197 3286 2269 3333; x_wconf 80' lang='lat' dir='ltr'><strong>est</strong></span> <span class='ocrx_word' id='word_1_519' title='bbox 2296 3248 2522 3350; x_wconf 60' lang='lat' dir='ltr'><strong>(ut...</strong></span> <span class='ocrx_word' id='word_1_520' title='bbox 2549 3248 2673 3344; x_wconf 36' lang='lat'><strong>1,8.)</strong></span> <span class='ocrx_word' id='word_1_521' title='bbox 2704 3290 2718 3328; x_wconf 77' lang='grc' dir='ltr'>ε</span> <span class='ocrx_word' id='word_1_522' title='bbox 2751 3273 2805 3328; x_wconf 90' lang='lat' dir='ltr'><strong>in</strong></span> <span class='ocrx_word' id='word_1_523' title='bbox 2825 3271 2983 3328; x_wconf 91' lang='lat' dir='ltr'><strong>libris</strong></span> <span class='ocrx_word' id='word_1_524' title='bbox 3011 3284 3145 3343; x_wconf 87' lang='lat' dir='ltr'><strong>quos</strong></span> <span class='ocrx_word' id='word_1_525' title='bbox 3176 3280 3200 3318; x_wconf 73' lang='grc' dir='ltr'>ε</span> <span class='ocrx_word' id='word_1_526' title='bbox 3234 3268 3303 3324; x_wconf 89' lang='lat' dir='ltr'><strong>ad</strong></span> <span class='ocrx_word' id='word_1_527' title='bbox 3331 3267 3670 3325; x_wconf 79' lang='lat' dir='ltr'><strong>Marcellium</strong></span> 
     </span>
    </p>
   </div>
   <div class='ocr_carea' id='block_1_63' title="bbox 366 3356 1966 3431">
    <p class='ocr_par' dir='ltr' id='par_1_63' title="bbox 366 3356 1966 3431">
     <span class='ocr_line' id='line_1_63' title="bbox 366 3356 1966 3431; baseline -0.004 -14"><span class='ocrx_word' id='word_1_528' title='bbox 366 3362 561 3428; x_wconf 87' lang='lat' dir='ltr'><strong>ﬁdem,</strong></span> <span class='ocrx_word' id='word_1_529' title='bbox 593 3374 715 3431; x_wconf 75' lang='lat' dir='ltr'><strong>qua:</strong></span> <span class='ocrx_word' id='word_1_530' title='bbox 748 3368 936 3430; x_wconf 78' lang='lat' dir='ltr'><strong>pOStea</strong></span> <span class='ocrx_word' id='word_1_531' title='bbox 971 3359 1208 3414; x_wconf 86' lang='lat' dir='ltr'><strong>revelata</strong></span> <span class='ocrx_word' id='word_1_532' title='bbox 1237 3367 1319 3413; x_wconf 91' lang='lat' dir='ltr'><strong>est</strong></span> <span class='ocrx_word' id='word_1_533' title='bbox 1353 3375 1367 3415; x_wconf 88' lang='lat'><strong>:</strong></span> <span class='ocrx_word' id='word_1_534' title='bbox 1401 3356 1492 3413; x_wconf 92' lang='lat' dir='ltr'><strong>ubi</strong></span> <span class='ocrx_word' id='word_1_535' title='bbox 1534 3365 1590 3413; x_wconf 91' lang='lat' dir='ltr'><strong>et</strong></span> <span class='ocrx_word' id='word_1_536' title='bbox 1617 3356 1966 3413; x_wconf 84' lang='lat' dir='ltr'><strong>remittantur</strong></span> 
     </span>
    </p>
   </div>
   <div class='ocr_carea' id='block_1_64' title="bbox 364 3447 1964 3526">
    <p class='ocr_par' dir='ltr' id='par_1_64' title="bbox 364 3447 1964 3526">
     <span class='ocr_line' id='line_1_64' title="bbox 364 3447 1964 3526; baseline -0.004 -15"><span class='ocrx_word' id='word_1_537' title='bbox 364 3469 489 3526; x_wconf 72' lang='lat' dir='ltr'><strong>qua:</strong></span> <span class='ocrx_word' id='word_1_538' title='bbox 514 3451 657 3509; x_wconf 90' lang='lat' dir='ltr'><strong>male</strong></span> <span class='ocrx_word' id='word_1_539' title='bbox 683 3450 854 3520; x_wconf 84' lang='lat' dir='ltr'><strong>ﬁunt,</strong></span> <span class='ocrx_word' id='word_1_540' title='bbox 890 3459 946 3507; x_wconf 91' lang='lat' dir='ltr'><strong>et</strong></span> <span class='ocrx_word' id='word_1_541' title='bbox 973 3449 1163 3507; x_wconf 90' lang='lat' dir='ltr'><strong>eadem</strong></span> <span class='ocrx_word' id='word_1_542' title='bbox 1208 3451 1380 3521; x_wconf 89' lang='lat' dir='ltr'><strong>gratia</strong></span> <span class='ocrx_word' id='word_1_543' title='bbox 1413 3451 1635 3520; x_wconf 86' lang='lat' dir='ltr'><strong>juvante</strong></span> <span class='ocrx_word' id='word_1_544' title='bbox 1674 3463 1781 3505; x_wconf 92' lang='lat' dir='ltr'><strong>non</strong></span> <span class='ocrx_word' id='word_1_545' title='bbox 1811 3447 1964 3505; x_wconf 85' lang='lat' dir='ltr'><strong>ﬁant.</strong></span> 
     </span>
    </p>
   </div>
   <div class='ocr_carea' id='block_1_65' title="bbox 370 3542 1967 3616">
    <p class='ocr_par' dir='ltr' id='par_1_65' title="bbox 370 3542 1967 3616">
     <span class='ocr_line' id='line_1_65' title="bbox 370 3542 1967 3616; baseline -0.003 -14"><span class='ocrx_word' id='word_1_546' title='bbox 370 3559 394 3586; x_wconf 70' lang='grc' dir='ltr'><strong>ιτ</strong></span> <span class='ocrx_word' id='word_1_547' title='bbox 418 3545 888 3602; x_wconf 84' lang='lat' dir='ltr'><strong>Proﬁciscentium</strong></span> <span class='ocrx_word' id='word_1_548' title='bbox 928 3553 1012 3601; x_wconf 91' lang='lat' dir='ltr'><strong>est</strong></span> <span class='ocrx_word' id='word_1_549' title='bbox 1052 3543 1198 3600; x_wconf 92' lang='lat' dir='ltr'><strong>enim</strong></span> <span class='ocrx_word' id='word_1_550' title='bbox 1229 3543 1337 3610; x_wconf 89' lang='lat' dir='ltr'><strong>via,</strong></span> <span class='ocrx_word' id='word_1_551' title='bbox 1367 3545 1615 3616; x_wconf 88' lang='lat' dir='ltr'><strong>quamvis</strong></span> <span class='ocrx_word' id='word_1_552' title='bbox 1640 3544 1778 3599; x_wconf 84' lang='lat' dir='ltr'><strong>bene</strong></span> <span class='ocrx_word' id='word_1_553' title='bbox 1800 3542 1967 3615; x_wconf 85' lang='lat' dir='ltr'><strong>profi-</strong></span> 
     </span>
    </p>
   </div>
   <div class='ocr_carea' id='block_1_66' title="bbox 367 3636 1972 3710">
    <p class='ocr_par' dir='ltr' id='par_1_66' title="bbox 367 3636 1972 3710">
     <span class='ocr_line' id='line_1_66' title="bbox 367 3636 1972 3710; baseline -0.001 -15"><span class='ocrx_word' id='word_1_554' title='bbox 367 3640 639 3695; x_wconf 86' lang='lat' dir='ltr'><strong>ciscentes</strong></span> <span class='ocrx_word' id='word_1_555' title='bbox 681 3637 934 3694; x_wconf 81' lang='lat' dir='ltr'><strong>dicantur</strong></span> <span class='ocrx_word' id='word_1_556' title='bbox 980 3636 1207 3708; x_wconf 90' lang='lat' dir='ltr'><strong>perfecti</strong></span> <span class='ocrx_word' id='word_1_557' title='bbox 1251 3638 1528 3694; x_wconf 82' lang='lat' dir='ltr'><strong>viatores:</strong></span> <span class='ocrx_word' id='word_1_558' title='bbox 1558 3637 1723 3710; x_wconf 71' lang='lat'><strong>623</strong></span> <span class='ocrx_word' id='word_1_559' title='bbox 1754 3637 1845 3692; x_wconf 87' lang='lat' dir='ltr'><strong>illa</strong></span> <span class='ocrx_word' id='word_1_560' title='bbox 1881 3644 1972 3693; x_wconf 86' lang='lat' dir='ltr'><strong>est</strong></span> 
     </span>
    </p>
   </div>
   <div class='ocr_carea' id='block_1_67' title="bbox 368 3730 1967 3803">
    <p class='ocr_par' dir='ltr' id='par_1_67' title="bbox 368 3730 1967 3803">
     <span class='ocr_line' id='line_1_67' title="bbox 368 3730 1967 3803; baseline -0.001 -13"><span class='ocrx_word' id='word_1_561' title='bbox 368 3744 550 3790; x_wconf 87' lang='lat' dir='ltr'><strong>autem</strong></span> <span class='ocrx_word' id='word_1_562' title='bbox 597 3731 862 3803; x_wconf 74' lang='lat' dir='ltr'><strong>perfectio</strong></span> <span class='ocrx_word' id='word_1_563' title='bbox 899 3747 1134 3802; x_wconf 89' lang='lat' dir='ltr'><strong>summa,</strong></span> <span class='ocrx_word' id='word_1_564' title='bbox 1181 3732 1268 3787; x_wconf 91' lang='lat' dir='ltr'><strong>cui</strong></span> <span class='ocrx_word' id='word_1_565' title='bbox 1315 3731 1450 3787; x_wconf 87' lang='lat' dir='ltr'><strong>nihil</strong></span> <span class='ocrx_word' id='word_1_566' title='bbox 1488 3730 1740 3799; x_wconf 88' lang='lat' dir='ltr'><strong>addatur,</strong></span> <span class='ocrx_word' id='word_1_567' title='bbox 1768 3746 1892 3788; x_wconf 91' lang='lat' dir='ltr'><strong>cum</strong></span> <span class='ocrx_word' id='word_1_568' title='bbox 1911 3731 1967 3789; x_wconf 86' lang='lat' dir='ltr'><strong>id</strong></span> 
     </span>
    </p>
   </div>
   <div class='ocr_carea' id='block_1_68' title="bbox 367 3825 1344 3899">
    <p class='ocr_par' dir='ltr' id='par_1_68' title="bbox 367 3825 1344 3899">
     <span class='ocr_line' id='line_1_68' title="bbox 367 3825 1344 3899; baseline 0 -18"><span class='ocrx_word' id='word_1_569' title='bbox 367 3842 477 3899; x_wconf 91' lang='lat' dir='ltr'><strong>quo</strong></span> <span class='ocrx_word' id='word_1_570' title='bbox 510 3826 776 3891; x_wconf 87' lang='lat' dir='ltr'><strong>tenditur,</strong></span> <span class='ocrx_word' id='word_1_571' title='bbox 800 3827 1028 3895; x_wconf 69' lang='lat' dir='ltr'><strong>coeperit</strong></span> <span class='ocrx_word' id='word_1_572' title='bbox 1059 3825 1344 3897; x_wconf 90' lang='lat' dir='ltr'><strong>possideri.</strong></span> 
     </span>
    </p>
   </div>
   <div class='ocr_carea' id='block_1_69' title="bbox 442 3916 1961 3995">
    <p class='ocr_par' dir='ltr' id='par_1_69' title="bbox 442 3916 1961 3995">
     <span class='ocr_line' id='line_1_69' title="bbox 442 3916 1961 3995; baseline 0.005 -19"><span class='ocrx_word' id='word_1_573' title='bbox 442 3918 682 3976; x_wconf 72' lang='lat' dir='ltr'><strong>35.1am</strong></span> <span class='ocrx_word' id='word_1_574' title='bbox 728 3933 863 3976; x_wconf 89' lang='lat' dir='ltr'><strong>vero</strong></span> <span class='ocrx_word' id='word_1_575' title='bbox 903 3916 1088 3975; x_wconf 81' lang='lat' dir='ltr'><strong>illudd</strong></span> <span class='ocrx_word' id='word_1_576' title='bbox 1117 3919 1262 3991; x_wconf 89' lang='lat' dir='ltr'><strong>quod</strong></span> <span class='ocrx_word' id='word_1_577' title='bbox 1291 3921 1373 3978; x_wconf 89' lang='lat' dir='ltr'><strong>eis</strong></span> <span class='ocrx_word' id='word_1_578' title='bbox 1417 3919 1643 3993; x_wconf 89' lang='lat' dir='ltr'><strong>dicitur,</strong></span> <span class='ocrx_word' id='word_1_579' title='bbox 1679 3942 1699 3976; x_wconf 75' lang='grc' dir='ltr'><strong>ι</strong></span> <span class='ocrx_word' id='word_1_580' title='bbox 1731 3923 1848 3995; x_wconf 88' lang='lat' dir='ltr'><strong>ipse</strong></span> <span class='ocrx_word' id='word_1_581' title='bbox 1899 3936 1961 3983; x_wconf 86' lang='lat' dir='ltr'><strong>tu</strong></span> 
     </span>
    </p>
   </div>
   <div class='ocr_carea' id='block_1_70' title="bbox 370 4010 1962 4089">
    <p class='ocr_par' dir='ltr' id='par_1_70' title="bbox 370 4010 1962 4089">
     <span class='ocr_line' id='line_1_70' title="bbox 370 4010 1962 4089; baseline 0.002 -17"><span class='ocrx_word' id='word_1_582' title='bbox 370 4014 492 4072; x_wconf 88' lang='lat' dir='ltr'><strong>sine</strong></span> <span class='ocrx_word' id='word_1_583' title='bbox 512 4020 737 4085; x_wconf 86' lang='lat' dir='ltr'><strong>peccato</strong></span> <span class='ocrx_word' id='word_1_584' title='bbox 764 4010 865 4070; x_wconf 78' lang='lat' dir='ltr'><strong>est</strong></span> <span class='ocrx_word' id='word_1_585' title='bbox 889 4032 911 4066; x_wconf 72' lang='grc' dir='ltr'><strong>ι</strong></span> <span class='ocrx_word' id='word_1_586' title='bbox 945 4027 1135 4071; x_wconf 88' lang='lat' dir='ltr'><strong>revera</strong></span> <span class='ocrx_word' id='word_1_587' title='bbox 1168 4029 1278 4071; x_wconf 90' lang='lat' dir='ltr'><strong>non</strong></span> <span class='ocrx_word' id='word_1_588' title='bbox 1312 4013 1546 4087; x_wconf 90' lang='lat' dir='ltr'><strong>pertinet</strong></span> <span class='ocrx_word' id='word_1_589' title='bbox 1576 4015 1644 4071; x_wconf 90' lang='lat' dir='ltr'><strong>ad</strong></span> <span class='ocrx_word' id='word_1_590' title='bbox 1671 4032 1792 4074; x_wconf 91' lang='lat' dir='ltr'><strong>eam</strong></span> <span class='ocrx_word' id='word_1_591' title='bbox 1823 4034 1962 4089; x_wconf 87' lang='lat' dir='ltr'><strong>rem,</strong></span> 
     </span>
    </p>
   </div>
   <div class='ocr_carea' id='block_1_71' title="bbox 446 4223 1967 4299">
    <p class='ocr_par' dir='ltr' id='par_1_71' title="bbox 446 4223 1967 4299">
     <span class='ocr_line' id='line_1_71' title="bbox 446 4223 1967 4299; baseline 0 -19"><span class='ocrx_word' id='word_1_592' title='bbox 446 4224 634 4299; x_wconf 50' lang='lat' dir='ltr'><strong>{llam</strong></span> <span class='ocrx_word' id='word_1_593' title='bbox 662 4239 784 4296; x_wconf 59' lang='lat' dir='ltr'><strong>qua:</strong></span> <span class='ocrx_word' id='word_1_594' title='bbox 828 4236 1154 4299; x_wconf 89' lang='lat' dir='ltr'><strong>sequuntur,</strong></span> <span class='ocrx_word' id='word_1_595' title='bbox 1181 4227 1400 4284; x_wconf 91' lang='lat' dir='ltr'><strong>uncinis</strong></span> <span class='ocrx_word' id='word_1_596' title='bbox 1426 4228 1665 4299; x_wconf 80' lang='lat' dir='ltr'><strong>inclusa,</strong></span> <span class='ocrx_word' id='word_1_597' title='bbox 1700 4239 1872 4299; x_wconf 74' lang='lat' dir='ltr'><strong>usque</strong></span> <span class='ocrx_word' id='word_1_598' title='bbox 1899 4223 1967 4299; x_wconf 87' lang='lat' dir='ltr'><strong>ad</strong></span> 
     </span>
    </p>
   </div>
   <div class='ocr_carea' id='block_1_72' title="bbox 373 4296 1968 4369">
    <p class='ocr_par' dir='ltr' id='par_1_72' title="bbox 373 4296 1968 4369">
     <span class='ocr_line' id='line_1_72' title="bbox 373 4296 1968 4369; baseline -0.001 -16"><span class='ocrx_word' id='word_1_599' title='bbox 373 4296 612 4369; x_wconf 86' lang='lat' dir='ltr'><strong>medium</strong></span> <span class='ocrx_word' id='word_1_600' title='bbox 644 4296 951 4364; x_wconf 81' lang='lat' dir='ltr'><strong>numerum,</strong></span> <span class='ocrx_word' id='word_1_601' title='bbox 995 4299 1066 4355; x_wconf 70' lang='grc'><strong>46</strong></span> <span class='ocrx_word' id='word_1_602' title='bbox 1109 4297 1843 4369; x_wconf 72' lang='lat' dir='ltr'><strong>praetermittitGallandius,</strong></span> <span class='ocrx_word' id='word_1_603' title='bbox 1888 4298 1968 4369; x_wconf 85' lang='lat' dir='ltr'><strong>sic</strong></span> 
     </span>
    </p>
   </div>
   <div class='ocr_carea' id='block_1_73' title="bbox 371 4367 1965 4438">
    <p class='ocr_par' dir='ltr' id='par_1_73' title="bbox 371 4367 1965 4438">
     <span class='ocr_line' id='line_1_73' title="bbox 371 4367 1965 4438; baseline 0 -16"><span class='ocrx_word' id='word_1_604' title='bbox 371 4368 442 4423; x_wconf 88' lang='lat' dir='ltr'><strong>de</strong></span> <span class='ocrx_word' id='word_1_605' title='bbox 477 4370 773 4425; x_wconf 83' lang='lat' dir='ltr'><strong>emissione</strong></span> <span class='ocrx_word' id='word_1_606' title='bbox 804 4372 1068 4425; x_wconf 88' lang='lat' dir='ltr'><strong>rationem</strong></span> <span class='ocrx_word' id='word_1_607' title='bbox 1110 4367 1349 4427; x_wconf 79' lang='lat' dir='ltr'><strong>reddens</strong></span> <span class='ocrx_word' id='word_1_608' title='bbox 1379 4385 1392 4430; x_wconf 89' lang='lat'><strong>:</strong></span> <span class='ocrx_word' id='word_1_609' title='bbox 1431 4390 1451 4424; x_wconf 82' lang='lat' dir='ltr'><strong>t</strong></span> <span class='ocrx_word' id='word_1_610' title='bbox 1491 4370 1587 4426; x_wconf 85' lang='lat' dir='ltr'><strong>Hic</strong></span> <span class='ocrx_word' id='word_1_611' title='bbox 1607 4412 1623 4437; x_wconf 92' lang='lat'><strong>,</strong></span> <span class='ocrx_word' id='word_1_612' title='bbox 1654 4378 1777 4438; x_wconf 82' lang='lat' dir='ltr'><strong>post</strong></span> <span class='ocrx_word' id='word_1_613' title='bbox 1803 4367 1965 4422; x_wconf 86' lang='lat' dir='ltr'><strong>verba</strong></span> 
     </span>
    </p>
   </div>
   <div class='ocr_carea' id='block_1_74' title="bbox 374 4439 1965 4516">
    <p class='ocr_par' dir='ltr' id='par_1_74' title="bbox 374 4439 1965 4516">
     <span class='ocr_line' id='line_1_74' title="bbox 374 4439 1965 4516; baseline 0.003 -24"><span class='ocrx_word' id='word_1_614' title='bbox 374 4440 442 4494; x_wconf 81' lang='lat' dir='ltr'><strong>tte</strong></span> <span class='ocrx_word' id='word_1_615' title='bbox 484 4439 789 4511; x_wconf 82' lang='lat' dir='ltr'><strong>inﬁrmitate</strong></span> <span class='ocrx_word' id='word_1_616' title='bbox 825 4444 1217 4516; x_wconf 70' lang='lat' dir='ltr'><strong>conquerimur,</strong></span> <span class='ocrx_word' id='word_1_617' title='bbox 1269 4443 1558 4516; x_wconf 83' lang='lat' dir='ltr'><strong>intrusum_</strong></span> <span class='ocrx_word' id='word_1_618' title='bbox 1584 4452 1705 4498; x_wconf 89' lang='lat' dir='ltr'><strong>erat</strong></span> <span class='ocrx_word' id='word_1_619' title='bbox 1747 4444 1965 4516; x_wconf 72' lang='lat' dir='ltr'><strong>longum</strong></span> 
     </span>
    </p>
   </div>
   <div class='ocr_carea' id='block_1_75' title="bbox 373 4510 1969 4582">
    <p class='ocr_par' dir='ltr' id='par_1_75' title="bbox 373 4510 1969 4582">
     <span class='ocr_line' id='line_1_75' title="bbox 373 4510 1969 4582; baseline 0 -17"><span class='ocrx_word' id='word_1_620' title='bbox 373 4522 694 4579; x_wconf 77' lang='lat' dir='ltr'><strong>excerptum</strong></span> <span class='ocrx_word' id='word_1_621' title='bbox 721 4527 791 4567; x_wconf 79' lang='lat' dir='ltr'><strong>ex</strong></span> <span class='ocrx_word' id='word_1_622' title='bbox 825 4510 964 4568; x_wconf 80' lang='lat' dir='ltr'><strong>libro</strong></span> <span class='ocrx_word' id='word_1_623' title='bbox 994 4515 1055 4571; x_wconf 88' lang='lat' dir='ltr'><strong>S.</strong></span> <span class='ocrx_word' id='word_1_624' title='bbox 1088 4515 1371 4582; x_wconf 81' lang='lat' dir='ltr'><strong>Augustini</strong></span> <span class='ocrx_word' id='word_1_625' title='bbox 1401 4515 1466 4571; x_wconf 87' lang='lat' dir='ltr'><strong>de</strong></span> <span class='ocrx_word' id='word_1_626' title='bbox 1507 4512 1716 4568; x_wconf 82' lang='lat' dir='ltr'><strong>Natura</strong></span> <span class='ocrx_word' id='word_1_627' title='bbox 1754 4521 1799 4566; x_wconf 90' lang='lat' dir='ltr'><strong>et</strong></span> <span class='ocrx_word' id='word_1_628' title='bbox 1832 4510 1969 4567; x_wconf 78' lang='lat' dir='ltr'><strong>Gra-</strong></span> 
     </span>
    </p>
   </div>
   <div class='ocr_carea' id='block_1_76' title="bbox 375 4582 1964 4657">
    <p class='ocr_par' dir='ltr' id='par_1_76' title="bbox 375 4582 1964 4657">
     <span class='ocr_line' id='line_1_76' title="bbox 375 4582 1964 4657; baseline 0.002 -22"><span class='ocrx_word' id='word_1_629' title='bbox 375 4583 483 4657; x_wconf 62' lang='lat' dir='ltr'><strong>tia,</strong></span> <span class='ocrx_word' id='word_1_630' title='bbox 503 4592 693 4657; x_wconf 81' lang='lat' dir='ltr'><strong>contra</strong></span> <span class='ocrx_word' id='word_1_631' title='bbox 715 4582 1011 4657; x_wconf 75' lang='lat' dir='ltr'><strong>Pelagium,</strong></span> <span class='ocrx_word' id='word_1_632' title='bbox 1042 4594 1102 4657; x_wconf 85' lang='lat' dir='ltr'><strong>ut</strong></span> <span class='ocrx_word' id='word_1_633' title='bbox 1130 4586 1640 4642; x_wconf 81' lang='lat' dir='ltr'><strong>advertitSehottus</strong></span> <span class='ocrx_word' id='word_1_634' title='bbox 1665 4602 1679 4640; x_wconf 91' lang='lat'><strong>:</strong></span> <span class='ocrx_word' id='word_1_635' title='bbox 1710 4584 1964 4657; x_wconf 85' lang='lat' dir='ltr'><strong>nimirum</strong></span> 
     </span>
    </p>
   </div>
   <div class='ocr_carea' id='block_1_77' title="bbox 2067 3359 3675 3439">
    <p class='ocr_par' dir='ltr' id='par_1_77' title="bbox 2067 3359 3675 3439">
     <span class='ocr_line' id='line_1_77' title="bbox 2067 3359 3675 3439; baseline -0.008 -11"><span class='ocrx_word' id='word_1_636' title='bbox 2067 3372 2137 3429; x_wconf 89' lang='lat' dir='ltr'><strong>de</strong></span> <span class='ocrx_word' id='word_1_637' title='bbox 2183 3371 2286 3427; x_wconf 90' lang='lat' dir='ltr'><strong>hac</strong></span> <span class='ocrx_word' id='word_1_638' title='bbox 2323 3384 2385 3424; x_wconf 90' lang='lat' dir='ltr'><strong>re</strong></span> <span class='ocrx_word' id='word_1_639' title='bbox 2424 3367 2645 3439; x_wconf 86' lang='lat' dir='ltr'><strong>scripsi,</strong></span> <span class='ocrx_word' id='word_1_640' title='bbox 2668 3367 2818 3423; x_wconf 90' lang='lat' dir='ltr'><strong>sicut</strong></span> <span class='ocrx_word' id='word_1_641' title='bbox 2858 3364 3004 3435; x_wconf 86' lang='lat' dir='ltr'><strong>potui</strong></span> <span class='ocrx_word' id='word_1_642' title='bbox 3054 3363 3331 3434; x_wconf 82' lang='lat' dir='ltr'><strong>explicare</strong></span> <span class='ocrx_word' id='word_1_643' title='bbox 3365 3361 3571 3418; x_wconf 85' lang='lat' dir='ltr'><strong>curavi.</strong></span> <span class='ocrx_word' id='word_1_644' title='bbox 3603 3359 3675 3416; x_wconf 82' lang='lat' dir='ltr'><strong>Et</strong></span> 
     </span>
    </p>
   </div>
   <div class='ocr_carea' id='block_1_78' title="bbox 2068 3455 3673 3535">
    <p class='ocr_par' dir='ltr' id='par_1_78' title="bbox 2068 3455 3673 3535">
     <span class='ocr_line' id='line_1_78' title="bbox 2068 3455 3673 3535; baseline -0.009 -14"><span class='ocrx_word' id='word_1_645' title='bbox 2068 3463 2202 3522; x_wconf 88' lang='lat' dir='ltr'><strong>illud</strong></span> <span class='ocrx_word' id='word_1_646' title='bbox 2251 3459 2394 3535; x_wconf 88' lang='lat' dir='ltr'><strong>quod</strong></span> <span class='ocrx_word' id='word_1_647' title='bbox 2441 3460 2644 3517; x_wconf 80' lang='lat' dir='ltr'><strong>dictum</strong></span> <span class='ocrx_word' id='word_1_648' title='bbox 2692 3468 2800 3525; x_wconf 88' lang='lat' dir='ltr'><strong>est,</strong></span> <span class='ocrx_word' id='word_1_649' title='bbox 2825 3455 2952 3513; x_wconf 78' lang='lat' dir='ltr'><strong>Non</strong></span> <span class='ocrx_word' id='word_1_650' title='bbox 2998 3464 3161 3528; x_wconf 82' lang='lat' dir='ltr'><strong>potest</strong></span> <span class='ocrx_word' id='word_1_651' title='bbox 3203 3470 3436 3528; x_wconf 87' lang='lat' dir='ltr'><strong>peccare,</strong></span> <span class='ocrx_word' id='word_1_652' title='bbox 3469 3468 3569 3525; x_wconf 89' lang='lat' dir='ltr'><strong>pro</strong></span> <span class='ocrx_word' id='word_1_653' title='bbox 3604 3468 3673 3507; x_wconf 89' lang='lat' dir='ltr'><strong>eo</strong></span> 
     </span>
    </p>
   </div>
   <div class='ocr_carea' id='block_1_79' title="bbox 2069 3549 3672 3625">
    <p class='ocr_par' dir='ltr' id='par_1_79' title="bbox 2069 3549 3672 3625">
     <span class='ocr_line' id='line_1_79' title="bbox 2069 3549 3672 3625; baseline -0.009 -10"><span class='ocrx_word' id='word_1_654' title='bbox 2069 3558 2277 3615; x_wconf 90' lang='lat' dir='ltr'><strong>dictum</strong></span> <span class='ocrx_word' id='word_1_655' title='bbox 2308 3565 2415 3625; x_wconf 90' lang='lat' dir='ltr'><strong>est,</strong></span> <span class='ocrx_word' id='word_1_656' title='bbox 2439 3571 2505 3612; x_wconf 89' lang='lat' dir='ltr'><strong>ac</strong></span> <span class='ocrx_word' id='word_1_657' title='bbox 2523 3555 2568 3613; x_wconf 89' lang='lat' dir='ltr'><strong>si</strong></span> <span class='ocrx_word' id='word_1_658' title='bbox 2600 3555 2906 3621; x_wconf 88' lang='lat' dir='ltr'><strong>diceretur,</strong></span> <span class='ocrx_word' id='word_1_659' title='bbox 2937 3566 3046 3608; x_wconf 89' lang='lat' dir='ltr'><strong>non</strong></span> <span class='ocrx_word' id='word_1_660' title='bbox 3073 3549 3233 3606; x_wconf 91' lang='lat' dir='ltr'><strong>debet</strong></span> <span class='ocrx_word' id='word_1_661' title='bbox 3261 3562 3491 3620; x_wconf 87' lang='lat' dir='ltr'><strong>peccare</strong></span> <span class='ocrx_word' id='word_1_662' title='bbox 3522 3564 3535 3601; x_wconf 92' lang='lat'><strong>:</strong></span> <span class='ocrx_word' id='word_1_663' title='bbox 3561 3560 3672 3601; x_wconf 88' lang='lat' dir='ltr'><strong>non</strong></span> 
     </span>
    </p>
   </div>
   <div class='ocr_carea' id='block_1_80' title="bbox 2071 3639 3669 3723">
    <p class='ocr_par' dir='ltr' id='par_1_80' title="bbox 2071 3639 3669 3723">
     <span class='ocr_line' id='line_1_80' title="bbox 2071 3639 3669 3723; baseline -0.011 -12"><span class='ocrx_word' id='word_1_664' title='bbox 2071 3649 2434 3723; x_wconf 88' lang='lat' dir='ltr'><strong>improbanda</strong></span> <span class='ocrx_word' id='word_1_665' title='bbox 2466 3649 2598 3706; x_wconf 86' lang='lat' dir='ltr'><strong>mihi</strong></span> <span class='ocrx_word' id='word_1_666' title='bbox 2618 3648 2835 3704; x_wconf 90' lang='lat' dir='ltr'><strong>videtur</strong></span> <span class='ocrx_word' id='word_1_667' title='bbox 2858 3645 3021 3717; x_wconf 88' lang='lat' dir='ltr'><strong>hujus</strong></span> <span class='ocrx_word' id='word_1_668' title='bbox 3050 3642 3304 3700; x_wconf 89' lang='lat' dir='ltr'><strong>assertio.</strong></span> <span class='ocrx_word' id='word_1_669' title='bbox 3338 3640 3475 3711; x_wconf 86' lang='lat' dir='ltr'><strong>Quis</strong></span> <span class='ocrx_word' id='word_1_670' title='bbox 3521 3639 3669 3695; x_wconf 90' lang='lat' dir='ltr'><strong>enim</strong></span> 
     </span>
    </p>
   </div>
   <div class='ocr_carea' id='block_1_81' title="bbox 2072 3732 3670 3810">
    <p class='ocr_par' dir='ltr' id='par_1_81' title="bbox 2072 3732 3670 3810">
     <span class='ocr_line' id='line_1_81' title="bbox 2072 3732 3670 3810; baseline -0.009 -10"><span class='ocrx_word' id='word_1_671' title='bbox 2072 3744 2297 3800; x_wconf 89' lang='lat' dir='ltr'><strong>insanus</strong></span> <span class='ocrx_word' id='word_1_672' title='bbox 2320 3740 2465 3797; x_wconf 88' lang='lat' dir='ltr'><strong>dicat</strong></span> <span class='ocrx_word' id='word_1_673' title='bbox 2487 3739 2692 3796; x_wconf 89' lang='lat' dir='ltr'><strong>debere</strong></span> <span class='ocrx_word' id='word_1_674' title='bbox 2718 3738 3095 3810; x_wconf 89' lang='lat' dir='ltr'><strong>peccari,cum</strong></span> <span class='ocrx_word' id='word_1_675' title='bbox 3118 3733 3245 3790; x_wconf 90' lang='lat' dir='ltr'><strong>ideo</strong></span> <span class='ocrx_word' id='word_1_676' title='bbox 3270 3732 3670 3803; x_wconf 88' lang='lat' dir='ltr'><strong>sitpeceatum,</strong></span> 
     </span>
    </p>
   </div>
   <div class='ocr_carea' id='block_1_82' title="bbox 2072 3831 2700 3907">
    <p class='ocr_par' dir='ltr' id='par_1_82' title="bbox 2072 3831 2700 3907">
     <span class='ocr_line' id='line_1_82' title="bbox 2072 3831 2700 3907; baseline -0.008 -16"><span class='ocrx_word' id='word_1_677' title='bbox 2072 3834 2200 3907; x_wconf 91' lang='lat' dir='ltr'><strong>quia</strong></span> <span class='ocrx_word' id='word_1_678' title='bbox 2224 3851 2331 3890; x_wconf 90' lang='lat' dir='ltr'><strong>non</strong></span> <span class='ocrx_word' id='word_1_679' title='bbox 2353 3832 2521 3890; x_wconf 85' lang='lat' dir='ltr'><strong>debet</strong></span> <span class='ocrx_word' id='word_1_680' title='bbox 2541 3831 2700 3888; x_wconf 79' lang='lat' dir='ltr'><strong>ﬁeri?</strong></span> 
     </span>
    </p>
   </div>
   <div class='ocr_carea' id='block_1_83' title="bbox 2145 3920 3674 3997">
    <p class='ocr_par' dir='ltr' id='par_1_83' title="bbox 2145 3920 3674 3997">
     <span class='ocr_line' id='line_1_83' title="bbox 2145 3920 3674 3997; baseline -0.009 -12"><span class='ocrx_word' id='word_1_681' title='bbox 2145 3929 2236 3985; x_wconf 79' lang='grc'><strong>55.</strong></span> <span class='ocrx_word' id='word_1_682' title='bbox 2253 3927 2396 3984; x_wconf 89' lang='lat' dir='ltr'><strong>Sane</strong></span> <span class='ocrx_word' id='word_1_683' title='bbox 2407 3925 2550 3997; x_wconf 91' lang='lat' dir='ltr'><strong>quod</strong></span> <span class='ocrx_word' id='word_1_684' title='bbox 2565 3924 2841 3997; x_wconf 86' lang='lat' dir='ltr'><strong>apostolus</strong></span> <span class='ocrx_word' id='word_1_685' title='bbox 2853 3923 3092 3982; x_wconf 84' lang='lat' dir='ltr'><strong>Jacobus</strong></span> <span class='ocrx_word' id='word_1_686' title='bbox 3108 3920 3478 3994; x_wconf 79' lang='lat' dir='ltr'><strong>aitzLinguam</strong></span> <span class='ocrx_word' id='word_1_687' title='bbox 3494 3926 3674 3973; x_wconf 79' lang='lat' dir='ltr'><strong>autent</strong></span> 
     </span>
    </p>
   </div>
   <div class='ocr_carea' id='block_1_84' title="bbox 2072 4008 3676 4096">
    <p class='ocr_par' dir='ltr' id='par_1_84' title="bbox 2072 4008 3676 4096">
     <span class='ocr_line' id='line_1_84' title="bbox 2072 4008 3676 4096; baseline -0.01 -17"><span class='ocrx_word' id='word_1_688' title='bbox 2072 4019 2241 4096; x_wconf 57' lang='grc' dir='ltr'><strong>σει</strong></span> <span class='ocrx_word' id='word_1_689' title='bbox 2267 4021 2451 4077; x_wconf 80' lang='lat' dir='ltr'><strong>nullus</strong></span> <span class='ocrx_word' id='word_1_690' title='bbox 2480 4018 2754 4075; x_wconf 80' lang='lat' dir='ltr'><strong>hominum</strong></span> <span class='ocrx_word' id='word_1_691' title='bbox 2780 4018 2995 4072; x_wconf 88' lang='lat' dir='ltr'><strong>domare</strong></span> <span class='ocrx_word' id='word_1_692' title='bbox 3030 4024 3196 4089; x_wconf 86' lang='lat' dir='ltr'><strong>potest</strong></span> <span class='ocrx_word' id='word_1_693' title='bbox 3218 4011 3424 4088; x_wconf 76' lang='lat' dir='ltr'><strong>(Iacob.</strong></span> <span class='ocrx_word' id='word_1_694' title='bbox 3460 4025 3543 4079; x_wconf 87' lang='lat' dir='ltr'><strong>tu,</strong></span> <span class='ocrx_word' id='word_1_695' title='bbox 3562 4008 3628 4081; x_wconf 88' lang='lat'><strong>8)</strong></span> <span class='ocrx_word' id='word_1_696' title='bbox 3658 4026 3676 4063; x_wconf 89' lang='lat'><strong>:</strong></span> 
     </span>
    </p>
   </div>
   <div class='ocr_carea' id='block_1_85' title="bbox 2076 4224 3672 4291">
    <p class='ocr_par' dir='ltr' id='par_1_85' title="bbox 2076 4224 3672 4291">
     <span class='ocr_line' id='line_1_85' title="bbox 2076 4224 3672 4291; baseline -0.001 -10"><span class='ocrx_word' id='word_1_697' title='bbox 2076 4225 2244 4284; x_wconf 81' lang='lat' dir='ltr'><strong>Nobis</strong></span> <span class='ocrx_word' id='word_1_698' title='bbox 2269 4242 2398 4283; x_wconf 84' lang='lat' dir='ltr'><strong>vero</strong></span> <span class='ocrx_word' id='word_1_699' title='bbox 2430 4226 2645 4283; x_wconf 83' lang='lat' dir='ltr'><strong>videtur</strong></span> <span class='ocrx_word' id='word_1_700' title='bbox 2670 4236 2756 4282; x_wconf 87' lang='lat' dir='ltr'><strong>sat</strong></span> <span class='ocrx_word' id='word_1_701' title='bbox 2783 4227 3082 4283; x_wconf 88' lang='lat' dir='ltr'><strong>admonere</strong></span> <span class='ocrx_word' id='word_1_702' title='bbox 3111 4226 3181 4282; x_wconf 87' lang='lat' dir='ltr'><strong>de</strong></span> <span class='ocrx_word' id='word_1_703' title='bbox 3207 4238 3339 4281; x_wconf 82' lang='lat' dir='ltr'><strong>casu</strong></span> <span class='ocrx_word' id='word_1_704' title='bbox 3369 4224 3631 4281; x_wconf 90' lang='lat' dir='ltr'><strong>lectorem</strong></span> <span class='ocrx_word' id='word_1_705' title='bbox 3657 4266 3672 4291; x_wconf 93' lang='lat'><strong>,</strong></span> 
     </span>
    </p>
   </div>
   <div class='ocr_carea' id='block_1_86' title="bbox 2077 4296 3431 4368">
    <p class='ocr_par' dir='ltr' id='par_1_86' title="bbox 2077 4296 3431 4368">
     <span class='ocr_line' id='line_1_86' title="bbox 2077 4296 3431 4368; baseline -0.001 -14"><span class='ocrx_word' id='word_1_706' title='bbox 2077 4297 2352 4354; x_wconf 86' lang='lat' dir='ltr'><strong>Gallandii</strong></span> <span class='ocrx_word' id='word_1_707' title='bbox 2371 4309 2634 4354; x_wconf 81' lang='lat' dir='ltr'><strong>c:rterum</strong></span> <span class='ocrx_word' id='word_1_708' title='bbox 2664 4305 2823 4354; x_wconf 84' lang='lat' dir='ltr'><strong>notas</strong></span> <span class='ocrx_word' id='word_1_709' title='bbox 2849 4314 2956 4354; x_wconf 90' lang='lat' dir='ltr'><strong>non</strong></span> <span class='ocrx_word' id='word_1_710' title='bbox 2986 4296 3431 4368; x_wconf 68' lang='lat' dir='ltr'><strong>praetermissuri.</strong></span> 
     </span>
    </p>
   </div>
   <div class='ocr_carea' id='block_1_87' title="bbox 2152 4365 3679 4440">
    <p class='ocr_par' dir='ltr' id='par_1_87' title="bbox 2152 4365 3679 4440">
     <span class='ocr_line' id='line_1_87' title="bbox 2152 4365 3679 4440; baseline -0.004 -15"><span class='ocrx_word' id='word_1_711' title='bbox 2152 4372 2175 4407; x_wconf 64' lang='grc' dir='ltr'>δ</span> <span class='ocrx_word' id='word_1_712' title='bbox 2208 4369 2352 4425; x_wconf 84' lang='lat' dir='ltr'><strong>Edit.</strong></span> <span class='ocrx_word' id='word_1_713' title='bbox 2380 4370 2482 4424; x_wconf 81' lang='lat' dir='ltr'><strong>BB.</strong></span> <span class='ocrx_word' id='word_1_714' title='bbox 2516 4384 2644 4440; x_wconf 83' lang='lat' dir='ltr'><strong>opp.</strong></span> <span class='ocrx_word' id='word_1_715' title='bbox 2683 4370 2823 4440; x_wconf 79' lang='lat' dir='ltr'><strong>Aug.</strong></span> <span class='ocrx_word' id='word_1_716' title='bbox 2860 4365 2998 4425; x_wconf 69' lang='lat' dir='ltr'><strong>tom.</strong></span> <span class='ocrx_word' id='word_1_717' title='bbox 3034 4368 3103 4436; x_wconf 85' lang='lat' dir='ltr'><strong>X,</strong></span> <span class='ocrx_word' id='word_1_718' title='bbox 3139 4367 3235 4440; x_wconf 51' lang='lat' dir='ltr'><strong>lib:</strong></span> <span class='ocrx_word' id='word_1_719' title='bbox 3285 4367 3355 4440; x_wconf 83' lang='lat' dir='ltr'><strong>de</strong></span> <span class='ocrx_word' id='word_1_720' title='bbox 3387 4365 3592 4440; x_wconf 83' lang='lat' dir='ltr'><strong>Natura</strong></span> <span class='ocrx_word' id='word_1_721' title='bbox 3622 4376 3679 4440; x_wconf 80' lang='lat' dir='ltr'><strong>et</strong></span> 
     </span>
    </p>
   </div>
   <div class='ocr_carea' id='block_1_88' title="bbox 2076 4437 3681 4512">
    <p class='ocr_par' dir='ltr' id='par_1_88' title="bbox 2076 4437 3681 4512">
     <span class='ocr_line' id='line_1_88' title="bbox 2076 4437 3681 4512; baseline -0.005 -14"><span class='ocrx_word' id='word_1_722' title='bbox 2076 4440 2261 4498; x_wconf 84' lang='lat' dir='ltr'><strong>Gratia</strong></span> <span class='ocrx_word' id='word_1_723' title='bbox 2294 4455 2414 4512; x_wconf 90' lang='lat' dir='ltr'><strong>cap.</strong></span> <span class='ocrx_word' id='word_1_724' title='bbox 2461 4437 2563 4504; x_wconf 63' lang='lat'><strong>15,</strong></span> <span class='ocrx_word' id='word_1_725' title='bbox 2592 4437 2652 4495; x_wconf 83' lang='lat' dir='ltr'><strong>in</strong></span> <span class='ocrx_word' id='word_1_726' title='bbox 2682 4437 2861 4495; x_wconf 77' lang='lat' dir='ltr'><strong>eadem</strong></span> <span class='ocrx_word' id='word_1_727' title='bbox 2892 4441 3014 4510; x_wconf 83' lang='lat' dir='ltr'><strong>fide.</strong></span> <span class='ocrx_word' id='word_1_728' title='bbox 3046 4440 3161 4512; x_wconf 88' lang='lat' dir='ltr'><strong>Sed</strong></span> <span class='ocrx_word' id='word_1_729' title='bbox 3201 4438 3465 4512; x_wconf 67' lang='lat' dir='ltr'><strong>Orosiana</strong></span> <span class='ocrx_word' id='word_1_730' title='bbox 3517 4437 3681 4492; x_wconf 89' lang='lat' dir='ltr'><strong>lectio</strong></span> 
     </span>
    </p>
   </div>
   <div class='ocr_carea' id='block_1_89' title="bbox 2078 4508 3679 4656">
    <p class='ocr_par' dir='ltr' id='par_1_89' title="bbox 2078 4508 3679 4656">
     <span class='ocr_line' id='line_1_89' title="bbox 2078 4508 3679 4583; baseline -0.004 -15"><span class='ocrx_word' id='word_1_731' title='bbox 2078 4514 2249 4583; x_wconf 85' lang='lat' dir='ltr'><strong>magis</strong></span> <span class='ocrx_word' id='word_1_732' title='bbox 2271 4508 2482 4569; x_wconf 75' lang='lat' dir='ltr'><strong>accedit</strong></span> <span class='ocrx_word' id='word_1_733' title='bbox 2501 4514 2568 4567; x_wconf 90' lang='lat' dir='ltr'><strong>ad</strong></span> <span class='ocrx_word' id='word_1_734' title='bbox 2593 4521 2800 4569; x_wconf 77' lang='lat' dir='ltr'><strong>textum</strong></span> <span class='ocrx_word' id='word_1_735' title='bbox 2831 4508 3005 4572; x_wconf 83' lang='lat' dir='ltr'><strong>Pauli.</strong></span> <span class='ocrx_word' id='word_1_736' title='bbox 3028 4511 3147 4568; x_wconf 86' lang='lat' dir='ltr'><strong>Gal.</strong></span> <span class='ocrx_word' id='word_1_737' title='bbox 3173 4526 3251 4573; x_wconf 85' lang='lat' dir='ltr'><strong>Ill,</strong></span> <span class='ocrx_word' id='word_1_738' title='bbox 3275 4510 3366 4567; x_wconf 70' lang='lat' dir='ltr'><strong>Q5.</strong></span> <span class='ocrx_word' id='word_1_739' title='bbox 3397 4508 3679 4566; x_wconf 77' lang='lat' dir='ltr'><strong>GALLAND.</strong></span> 
     </span>
     <span class='ocr_line' id='line_1_90' title="bbox 2153 4581 3679 4656; baseline -0.001 -19"><span class='ocrx_word' id='word_1_740' title='bbox 2153 4595 2176 4624; x_wconf 72' lang='grc' dir='ltr'><strong>ε</strong></span> <span class='ocrx_word' id='word_1_741' title='bbox 2213 4584 2695 4656; x_wconf 82' lang='lat' dir='ltr'><strong>Proﬁcientium....</strong></span> <span class='ocrx_word' id='word_1_742' title='bbox 2749 4584 3093 4652; x_wconf 85' lang='lat' dir='ltr'><strong>proﬁcientes.</strong></span> <span class='ocrx_word' id='word_1_743' title='bbox 3148 4581 3517 4656; x_wconf 86' lang='lat' dir='ltr'><strong>Sic__legitnus</strong></span> <span class='ocrx_word' id='word_1_744' title='bbox 3554 4594 3679 4635; x_wconf 88' lang='lat' dir='ltr'><strong>cum</strong></span> 
     </span>
    </p>
   </div>
   <div class='ocr_carea' id='block_1_90' title="bbox 373 4647 3674 4727">
    <p class='ocr_par' dir='ltr' id='par_1_90' title="bbox 373 4647 3674 4727">
     <span class='ocr_line' id='line_1_91' title="bbox 373 4647 3674 4727; baseline 0 -21"><span class='ocrx_word' id='word_1_745' title='bbox 373 4647 555 4727; x_wconf 69' lang='lat' dir='ltr'><strong>abhis</strong></span> <span class='ocrx_word' id='word_1_746' title='bbox 582 4655 765 4710; x_wconf 89' lang='lat' dir='ltr'><strong>verbis</strong></span> <span class='ocrx_word' id='word_1_747' title='bbox 790 4647 914 4725; x_wconf 55' lang='lat' dir='ltr'><strong>ca&#39;p.</strong></span> <span class='ocrx_word' id='word_1_748' title='bbox 944 4647 1030 4725; x_wconf 70' lang='lat'><strong>12,</strong></span> <span class='ocrx_word' id='word_1_749' title='bbox 1055 4656 1190 4712; x_wconf 80' lang='lat' dir='ltr'><strong>hanc</strong></span> <span class='ocrx_word' id='word_1_750' title='bbox 1220 4674 1329 4713; x_wconf 86' lang='lat' dir='ltr'><strong>esse</strong></span> <span class='ocrx_word' id='word_1_751' title='bbox 1358 4658 1695 4712; x_wconf 85' lang='lat' dir='ltr'><strong>intentionem</strong></span> <span class='ocrx_word' id='word_1_752' title='bbox 1724 4654 1855 4727; x_wconf 84' lang='lat' dir='ltr'><strong>legis</strong></span> <span class='ocrx_word' id='word_1_753' title='bbox 1883 4671 1972 4708; x_wconf 82' lang='lat' dir='ltr'><strong>ar-</strong></span> <span class='ocrx_word' id='word_1_754' title='bbox 1999 4647 2050 4707; x_wconf 88' lang='lat' dir='ltr'><strong>D</strong></span> <span class='ocrx_word' id='word_1_755' title='bbox 2078 4655 2218 4720; x_wconf 77' lang='lat'><strong>88.;</strong></span> <span class='ocrx_word' id='word_1_756' title='bbox 2273 4647 2334 4712; x_wconf 71' lang='lat' dir='ltr'><strong>et</strong></span> <span class='ocrx_word' id='word_1_757' title='bbox 2383 4656 2643 4714; x_wconf 90' lang='lat' dir='ltr'><strong>Schottus</strong></span> <span class='ocrx_word' id='word_1_758' title='bbox 2688 4647 2857 4727; x_wconf 79' lang='lat' dir='ltr'><strong>quem</strong></span> <span class='ocrx_word' id='word_1_759' title='bbox 2897 4664 3202 4711; x_wconf 90' lang='lat' dir='ltr'><strong>assectatur</strong></span> <span class='ocrx_word' id='word_1_760' title='bbox 3247 4647 3674 4727; x_wconf 66' lang='lat' dir='ltr'><strong>Havercampus,</strong></span> 
     </span>
    </p>
   </div>
   <div class='ocr_carea' id='block_1_91' title="bbox 372 4726 1974 4800">
    <p class='ocr_par' dir='ltr' id='par_1_91' title="bbox 372 4726 1974 4800">
     <span class='ocr_line' id='line_1_92' title="bbox 372 4726 1974 4800; baseline 0.002 -24"><span class='ocrx_word' id='word_1_761' title='bbox 372 4726 599 4800; x_wconf 74' lang='lat' dir='ltr'><strong>gnentis,</strong></span> <span class='ocrx_word' id='word_1_762' title='bbox 633 4741 803 4797; x_wconf 88' lang='lat' dir='ltr'><strong>usque</strong></span> <span class='ocrx_word' id='word_1_763' title='bbox 829 4727 895 4782; x_wconf 84' lang='lat' dir='ltr'><strong>ad</strong></span> <span class='ocrx_word' id='word_1_764' title='bbox 922 4742 984 4800; x_wconf 85' lang='lat' dir='ltr'><strong>ea</strong></span> <span class='ocrx_word' id='word_1_765' title='bbox 1014 4743 1137 4800; x_wconf 87' lang='lat' dir='ltr'><strong>cap.</strong></span> <span class='ocrx_word' id='word_1_766' title='bbox 1172 4728 1259 4792; x_wconf 73' lang='lat' dir='ltr'><strong>i9,</strong></span> <span class='ocrx_word' id='word_1_767' title='bbox 1294 4728 1567 4796; x_wconf 80' lang='lat' dir='ltr'><strong>Quomodo</strong></span> <span class='ocrx_word' id='word_1_768' title='bbox 1597 4728 1763 4800; x_wconf 84' lang='lat' dir='ltr'><strong>potuit</strong></span> <span class='ocrx_word' id='word_1_769' title='bbox 1782 4726 1974 4780; x_wconf 80' lang='lat' dir='ltr'><strong>ritiarc</strong></span> 
     </span>
    </p>
   </div>
   <div class='ocr_carea' id='block_1_92' title="bbox 374 4798 1975 4869">
    <p class='ocr_par' dir='ltr' id='par_1_92' title="bbox 374 4798 1975 4869">
     <span class='ocr_line' id='line_1_93' title="bbox 374 4798 1975 4869; baseline 0.002 -21"><span class='ocrx_word' id='word_1_770' title='bbox 374 4798 607 4869; x_wconf 81' lang='lat' dir='ltr'><strong>animam</strong></span> <span class='ocrx_word' id='word_1_771' title='bbox 645 4808 788 4853; x_wconf 89' lang='lat' dir='ltr'><strong>tuam</strong></span> <span class='ocrx_word' id='word_1_772' title='bbox 814 4798 954 4869; x_wconf 85' lang='lat' dir='ltr'><strong>quod</strong></span> <span class='ocrx_word' id='word_1_773' title='bbox 979 4799 1270 4854; x_wconf 83' lang='lat' dir='ltr'><strong>substantia</strong></span> <span class='ocrx_word' id='word_1_774' title='bbox 1304 4802 1492 4855; x_wconf 85' lang='lat' dir='ltr'><strong>caret?</strong></span> <span class='ocrx_word' id='word_1_775' title='bbox 1539 4798 1747 4868; x_wconf 85' lang='lat' dir='ltr'><strong>Quibus</strong></span> <span class='ocrx_word' id='word_1_776' title='bbox 1787 4810 1975 4869; x_wconf 84' lang='lat' dir='ltr'><strong>rursus</strong></span> 
     </span>
    </p>
   </div>
   <div class='ocr_carea' id='block_1_93' title="bbox 373 4866 1975 4939">
    <p class='ocr_par' dir='ltr' id='par_1_93' title="bbox 373 4866 1975 4939">
     <span class='ocr_line' id='line_1_94' title="bbox 373 4866 1975 4939; baseline -0.002 -14"><span class='ocrx_word' id='word_1_777' title='bbox 373 4866 681 4925; x_wconf 76' lang='lat' dir='ltr'><strong>Subduntur</strong></span> <span class='ocrx_word' id='word_1_778' title='bbox 700 4866 1055 4939; x_wconf 32' lang='lat' dir='ltr'><strong>qute’exstant</strong></span> <span class='ocrx_word' id='word_1_779' title='bbox 1081 4870 1279 4924; x_wconf 89' lang='lat' dir='ltr'><strong>ibidem</strong></span> <span class='ocrx_word' id='word_1_780' title='bbox 1294 4872 1394 4927; x_wconf 72' lang='lat' dir='ltr'><strong>sub</strong></span> <span class='ocrx_word' id='word_1_781' title='bbox 1416 4866 1627 4926; x_wconf 82' lang='lat' dir='ltr'><strong>initium</strong></span> <span class='ocrx_word' id='word_1_782' title='bbox 1650 4868 1841 4938; x_wconf 78' lang='lat' dir='ltr'><strong>cap.3,</strong></span> <span class='ocrx_word' id='word_1_783' title='bbox 1864 4868 1975 4922; x_wconf 81' lang='lat' dir='ltr'><strong>Mc-</strong></span> 
     </span>
    </p>
   </div>
   <div class='ocr_carea' id='block_1_94' title="bbox 377 4939 1975 5013">
    <p class='ocr_par' dir='ltr' id='par_1_94' title="bbox 377 4939 1975 5013">
     <span class='ocr_line' id='line_1_95' title="bbox 377 4939 1975 5013; baseline -0.001 -21"><span class='ocrx_word' id='word_1_784' title='bbox 377 4939 497 4992; x_wconf 83' lang='lat' dir='ltr'><strong>dt&#39;co</strong></span> <span class='ocrx_word' id='word_1_785' title='bbox 523 4939 876 5013; x_wconf 86' lang='lat' dir='ltr'><strong>indiget,quia</strong></span> <span class='ocrx_word' id='word_1_786' title='bbox 899 4958 1025 4996; x_wconf 87' lang='lat' dir='ltr'><strong>sana</strong></span> <span class='ocrx_word' id='word_1_787' title='bbox 1046 4958 1148 4996; x_wconf 88' lang='lat' dir='ltr'><strong>non</strong></span> <span class='ocrx_word' id='word_1_788' title='bbox 1166 4952 1258 5003; x_wconf 87' lang='lat' dir='ltr'><strong>est,</strong></span> <span class='ocrx_word' id='word_1_789' title='bbox 1285 4957 1455 5013; x_wconf 66' lang='lat' dir='ltr'><strong>usque</strong></span> <span class='ocrx_word' id='word_1_790' title='bbox 1480 4944 1544 4996; x_wconf 93' lang='lat' dir='ltr'><strong>ad</strong></span> <span class='ocrx_word' id='word_1_791' title='bbox 1571 4941 1662 4995; x_wconf 87' lang='lat' dir='ltr'><strong>illa</strong></span> <span class='ocrx_word' id='word_1_792' title='bbox 1686 4939 1975 5013; x_wconf 41' lang='lat' dir='ltr'><strong>ascriptu-</strong></span> 
     </span>
    </p>
   </div>
   <div class='ocr_carea' id='block_1_95' title="bbox 375 5010 1978 5083">
    <p class='ocr_par' dir='ltr' id='par_1_95' title="bbox 375 5010 1978 5083">
     <span class='ocr_line' id='line_1_96' title="bbox 375 5010 1978 5083; baseline -0.001 -19"><span class='ocrx_word' id='word_1_793' title='bbox 375 5026 464 5083; x_wconf 77' lang='lat' dir='ltr'><strong>ras</strong></span> <span class='ocrx_word' id='word_1_794' title='bbox 482 5010 656 5083; x_wconf 80' lang='lat' dir='ltr'><strong>utique</strong></span> <span class='ocrx_word' id='word_1_795' title='bbox 683 5010 789 5068; x_wconf 82' lang='lat' dir='ltr'><strong>non</strong></span> <span class='ocrx_word' id='word_1_796' title='bbox 808 5014 1081 5068; x_wconf 72' lang='lat' dir='ltr'><strong>advertens</strong></span> <span class='ocrx_word' id='word_1_797' title='bbox 1120 5013 1237 5067; x_wconf 86' lang='lat' dir='ltr'><strong>novi</strong></span> <span class='ocrx_word' id='word_1_798' title='bbox 1281 5010 1618 5077; x_wconf 74' lang='lat' dir='ltr'><strong>Teatamentt&#39;,</strong></span> <span class='ocrx_word' id='word_1_799' title='bbox 1639 5011 1722 5065; x_wconf 80' lang='lat' dir='ltr'><strong>ubi</strong></span> <span class='ocrx_word' id='word_1_800' title='bbox 1758 5010 1978 5083; x_wconf 84' lang='lat' dir='ltr'><strong>dicimus</strong></span> 
     </span>
    </p>
   </div>
   <div class='ocr_carea' id='block_1_96' title="bbox 382 5080 1977 5155">
    <p class='ocr_par' dir='ltr' id='par_1_96' title="bbox 382 5080 1977 5155">
     <span class='ocr_line' id='line_1_97' title="bbox 382 5080 1977 5155; baseline -0.001 -20"><span class='ocrx_word' id='word_1_801' title='bbox 382 5080 547 5155; x_wconf 85' lang='lat' dir='ltr'><strong>(forte</strong></span> <span class='ocrx_word' id='word_1_802' title='bbox 571 5080 820 5152; x_wconf 73' lang='lat' dir='ltr'><strong>diximus)</strong></span> <span class='ocrx_word' id='word_1_803' title='bbox 846 5084 983 5138; x_wconf 79' lang='lat' dir='ltr'><strong>Itane</strong></span> <span class='ocrx_word' id='word_1_804' title='bbox 1022 5101 1129 5139; x_wconf 82' lang='lat' dir='ltr'><strong>esse</strong></span> <span class='ocrx_word' id='word_1_805' title='bbox 1152 5084 1489 5138; x_wconf 77' lang='lat' dir='ltr'><strong>intentionem</strong></span> <span class='ocrx_word' id='word_1_806' title='bbox 1531 5083 1658 5155; x_wconf 81' lang='lat' dir='ltr'><strong>legis</strong></span> <span class='ocrx_word' id='word_1_807' title='bbox 1687 5082 1977 5155; x_wconf 81' lang='lat' dir='ltr'><strong>arguentis,</strong></span> 
     </span>
    </p>
   </div>
   <div class='ocr_carea' id='block_1_97' title="bbox 381 5153 1979 5226">
    <p class='ocr_par' dir='ltr' id='par_1_97' title="bbox 381 5153 1979 5226">
     <span class='ocr_line' id='line_1_98' title="bbox 381 5153 1979 5226; baseline 0 -20"><span class='ocrx_word' id='word_1_808' title='bbox 381 5153 546 5226; x_wconf 89' lang='lat' dir='ltr'><strong>modo</strong></span> <span class='ocrx_word' id='word_1_809' title='bbox 572 5155 754 5210; x_wconf 88' lang='lat' dir='ltr'><strong>allata.</strong></span> <span class='ocrx_word' id='word_1_810' title='bbox 774 5155 923 5211; x_wconf 79' lang='lat' dir='ltr'><strong>lland</strong></span> <span class='ocrx_word' id='word_1_811' title='bbox 955 5155 1203 5226; x_wconf 89' lang='lat' dir='ltr'><strong>equidem</strong></span> <span class='ocrx_word' id='word_1_812' title='bbox 1225 5153 1979 5226; x_wconf 40' lang='lat' dir='ltr'><strong>esistimarim’hmeAugusti-</strong></span> 
     </span>
    </p>
   </div>
   <div class='ocr_carea' id='block_1_98' title="bbox 381 5222 1979 5311">
    <p class='ocr_par' dir='ltr' id='par_1_98' title="bbox 381 5222 1979 5311">
     <span class='ocr_line' id='line_1_99' title="bbox 381 5222 1979 5311; baseline -0.001 -31"><span class='ocrx_word' id='word_1_813' title='bbox 381 5224 565 5306; x_wconf 42' lang='lat' dir='ltr'><strong>n.&#39;ana,</strong></span> <span class='ocrx_word' id='word_1_814' title='bbox 581 5227 942 5311; x_wconf 52' lang='lat' dir='ltr'><strong>suppressos:</strong></span> <span class='ocrx_word' id='word_1_815' title='bbox 959 5222 1136 5311; x_wconf 61' lang='lat' dir='ltr'><strong>Patris</strong></span> <span class='ocrx_word' id='word_1_816' title='bbox 1159 5227 1399 5311; x_wconf 61' lang='lat' dir='ltr'><strong>nomine,</strong></span> <span class='ocrx_word' id='word_1_817' title='bbox 1426 5230 1540 5310; x_wconf 75' lang='lat' dir='ltr'><strong>suis</strong></span> <span class='ocrx_word' id='word_1_818' title='bbox 1557 5223 1821 5311; x_wconf 43' lang='lat' dir='ltr'><strong>intrauisse</strong></span> <span class='ocrx_word' id='word_1_819' title='bbox 1842 5222 1979 5311; x_wconf 64' lang='lat' dir='ltr'><strong>Org-</strong></span> 
     </span>
    </p>
   </div>
   <div class='ocr_carea' id='block_1_99' title="bbox 380 5297 1981 5369">
    <p class='ocr_par' dir='ltr' id='par_1_99' title="bbox 380 5297 1981 5369">
     <span class='ocr_line' id='line_1_100' title="bbox 380 5297 1981 5369; baseline 0.002 -19"><span class='ocrx_word' id='word_1_820' title='bbox 380 5297 554 5369; x_wconf 69' lang='lat' dir='ltr'><strong>sium;</strong></span> <span class='ocrx_word' id='word_1_821' title='bbox 578 5299 672 5352; x_wconf 91' lang='lat' dir='ltr'><strong>sed</strong></span> <span class='ocrx_word' id='word_1_822' title='bbox 691 5297 794 5353; x_wconf 86' lang='lat' dir='ltr'><strong>ista</strong></span> <span class='ocrx_word' id='word_1_823' title='bbox 826 5299 1001 5369; x_wconf 89' lang='lat' dir='ltr'><strong>potius</strong></span> <span class='ocrx_word' id='word_1_824' title='bbox 1032 5297 1303 5369; x_wconf 86' lang='lat' dir='ltr'><strong>infarserit</strong></span> <span class='ocrx_word' id='word_1_825' title='bbox 1334 5298 1604 5365; x_wconf 87' lang='lat' dir='ltr'><strong>librarius,</strong></span> <span class='ocrx_word' id='word_1_826' title='bbox 1632 5297 1981 5369; x_wconf 74' lang='lat' dir='ltr'><strong>dictorutnS.</strong></span> 
     </span>
    </p>
   </div>
   <div class='ocr_carea' id='block_1_100' title="bbox 385 5367 1987 5439">
    <p class='ocr_par' dir='ltr' id='par_1_100' title="bbox 385 5367 1987 5439">
     <span class='ocr_line' id='line_1_101' title="bbox 385 5367 1987 5439; baseline 0.002 -18"><span class='ocrx_word' id='word_1_827' title='bbox 385 5367 632 5424; x_wconf 87' lang='lat' dir='ltr'><strong>Doctoris</strong></span> <span class='ocrx_word' id='word_1_828' title='bbox 658 5367 908 5439; x_wconf 85' lang='lat' dir='ltr'><strong>ordinem</strong></span> <span class='ocrx_word' id='word_1_829' title='bbox 938 5372 1165 5425; x_wconf 73' lang='lat' dir='ltr'><strong>fortasse</strong></span> <span class='ocrx_word' id='word_1_830' title='bbox 1219 5368 1520 5439; x_wconf 88' lang='lat' dir='ltr'><strong>invertens,</strong></span> <span class='ocrx_word' id='word_1_831' title='bbox 1552 5384 1620 5425; x_wconf 92' lang='lat' dir='ltr'><strong>ne</strong></span> <span class='ocrx_word' id='word_1_832' title='bbox 1646 5367 1797 5423; x_wconf 88' lang='lat' dir='ltr'><strong>fraus</strong></span> <span class='ocrx_word' id='word_1_833' title='bbox 1835 5367 1987 5439; x_wconf 79' lang='lat' dir='ltr'><strong>dete-</strong></span> 
     </span>
    </p>
   </div>
   <div class='ocr_carea' id='block_1_101' title="bbox 381 5438 1985 5512">
    <p class='ocr_par' dir='ltr' id='par_1_101' title="bbox 381 5438 1985 5512">
     <span class='ocr_line' id='line_1_102' title="bbox 381 5438 1985 5512; baseline 0.002 -19"><span class='ocrx_word' id='word_1_834' title='bbox 381 5448 623 5509; x_wconf 86' lang='lat' dir='ltr'><strong>geretur.</strong></span> <span class='ocrx_word' id='word_1_835' title='bbox 650 5438 954 5512; x_wconf 80' lang='lat' dir='ltr'><strong>Utctnnque</strong></span> <span class='ocrx_word' id='word_1_836' title='bbox 978 5440 1347 5497; x_wconf 89' lang='lat' dir='ltr'><strong>sitSchottum</strong></span> <span class='ocrx_word' id='word_1_837' title='bbox 1364 5438 1560 5506; x_wconf 89' lang='lat' dir='ltr'><strong>secuti,</strong></span> <span class='ocrx_word' id='word_1_838' title='bbox 1589 5438 1985 5512; x_wconf 80' lang='lat' dir='ltr'><strong>Augustiniaua</strong></span> 
     </span>
    </p>
   </div>
   <div class='ocr_carea' id='block_1_102' title="bbox 381 5508 1986 5581">
    <p class='ocr_par' dir='ltr' id='par_1_102' title="bbox 381 5508 1986 5581">
     <span class='ocr_line' id='line_1_103' title="bbox 381 5508 1986 5581; baseline 0.001 -17"><span class='ocrx_word' id='word_1_839' title='bbox 381 5518 639 5577; x_wconf 76' lang='lat' dir='ltr'><strong>excerpta</strong></span> <span class='ocrx_word' id='word_1_840' title='bbox 665 5527 731 5567; x_wconf 65' lang='lat' dir='ltr'><strong>es</strong></span> <span class='ocrx_word' id='word_1_841' title='bbox 759 5508 937 5567; x_wconf 59' lang='lat' dir='ltr'><strong>Oro&#39;sii</strong></span> <span class='ocrx_word' id='word_1_842' title='bbox 962 5511 1230 5581; x_wconf 87' lang='lat' dir='ltr'><strong>opusculo</strong></span> <span class='ocrx_word' id='word_1_843' title='bbox 1250 5513 1466 5577; x_wconf 81' lang='lat' dir='ltr'><strong>avulsa,</strong></span> <span class='ocrx_word' id='word_1_844' title='bbox 1494 5527 1620 5581; x_wconf 81' lang='lat' dir='ltr'><strong>mox</strong></span> <span class='ocrx_word' id='word_1_845' title='bbox 1647 5508 1986 5581; x_wconf 83' lang='lat' dir='ltr'><strong>subjicienda</strong></span> 
     </span>
    </p>
   </div>
   <div class='ocr_carea' id='block_1_103' title="bbox 383 5580 1983 5653">
    <p class='ocr_par' dir='ltr' id='par_1_103' title="bbox 383 5580 1983 5653">
     <span class='ocr_line' id='line_1_104' title="bbox 383 5580 1983 5653; baseline 0.001 -17"><span class='ocrx_word' id='word_1_846' title='bbox 383 5582 718 5653; x_wconf 87' lang='lat' dir='ltr'><strong>curavimus,</strong></span> <span class='ocrx_word' id='word_1_847' title='bbox 740 5584 937 5638; x_wconf 87' lang='lat' dir='ltr'><strong>collata</strong></span> <span class='ocrx_word' id='word_1_848' title='bbox 965 5580 1090 5638; x_wconf 90' lang='lat' dir='ltr'><strong>cum</strong></span> <span class='ocrx_word' id='word_1_849' title='bbox 1111 5583 1365 5639; x_wconf 81' lang='lat' dir='ltr'><strong>edit.BB.</strong></span> <span class='ocrx_word' id='word_1_850' title='bbox 1394 5580 1611 5646; x_wconf 79' lang='lat' dir='ltr'><strong>tom.X,</strong></span> <span class='ocrx_word' id='word_1_851' title='bbox 1638 5597 1687 5652; x_wconf 88' lang='lat' dir='ltr'><strong>p.</strong></span> <span class='ocrx_word' id='word_1_852' title='bbox 1717 5580 1983 5653; x_wconf 57' lang='grc' dir='ltr'>ηθδθιιιι.</span> 
     </span>
    </p>
   </div>
   <div class='ocr_carea' id='block_1_104' title="bbox 382 5652 1991 5726">
    <p class='ocr_par' dir='ltr' id='par_1_104' title="bbox 382 5652 1991 5726">
     <span class='ocr_line' id='line_1_105' title="bbox 382 5652 1991 5726; baseline 0.001 -18"><span class='ocrx_word' id='word_1_853' title='bbox 382 5652 554 5708; x_wconf 79' lang='lat' dir='ltr'><strong>Sectis</strong></span> <span class='ocrx_word' id='word_1_854' title='bbox 590 5671 721 5710; x_wconf 88' lang='lat' dir='ltr'><strong>vero</strong></span> <span class='ocrx_word' id='word_1_855' title='bbox 770 5654 1130 5726; x_wconf 76' lang='lat' dir='ltr'><strong>Havercamp.</strong></span> <span class='ocrx_word' id='word_1_856' title='bbox 1152 5696 1166 5719; x_wconf 93' lang='lat'><strong>,</strong></span> <span class='ocrx_word' id='word_1_857' title='bbox 1212 5654 1305 5726; x_wconf 88' lang='lat' dir='ltr'><strong>qui</strong></span> <span class='ocrx_word' id='word_1_858' title='bbox 1335 5652 1991 5726; x_wconf 22' lang='lat' dir='ltr'><strong>Angustinianahminime</strong></span> 
     </span>
    </p>
   </div>
   <div class='ocr_carea' id='block_1_105' title="bbox 386 5723 1982 5796">
    <p class='ocr_par' dir='ltr' id='par_1_105' title="bbox 386 5723 1982 5796">
     <span class='ocr_line' id='line_1_106' title="bbox 386 5723 1982 5796; baseline 0 -19"><span class='ocrx_word' id='word_1_859' title='bbox 386 5738 722 5796; x_wconf 82' lang='lat' dir='ltr'><strong>agnoscens,</strong></span> <span class='ocrx_word' id='word_1_860' title='bbox 774 5735 1045 5796; x_wconf 87' lang='lat' dir='ltr'><strong>tamquam</strong></span> <span class='ocrx_word' id='word_1_861' title='bbox 1080 5723 1352 5781; x_wconf 79' lang='lat' dir='ltr'><strong>Orosiaua</strong></span> <span class='ocrx_word' id='word_1_862' title='bbox 1381 5723 1566 5781; x_wconf 80' lang='lat' dir='ltr'><strong>omnia</strong></span> <span class='ocrx_word' id='word_1_863' title='bbox 1596 5723 1922 5780; x_wconf 78' lang='lat' dir='ltr'><strong>venditavit.</strong></span> <span class='ocrx_word' id='word_1_864' title='bbox 1962 5745 1982 5777; x_wconf 77' lang='grc' dir='ltr'><strong>ι</strong></span> 
     </span>
    </p>
   </div>
   <div class='ocr_carea' id='block_1_106' title="bbox 389 5795 1986 5869">
    <p class='ocr_par' dir='ltr' id='par_1_106' title="bbox 389 5795 1986 5869">
     <span class='ocr_line' id='line_1_107' title="bbox 389 5795 1986 5869; baseline 0 -19"><span class='ocrx_word' id='word_1_865' title='bbox 389 5795 463 5850; x_wconf 77' lang='lat' dir='ltr'><strong>lia</strong></span> <span class='ocrx_word' id='word_1_866' title='bbox 498 5797 608 5851; x_wconf 89' lang='lat' dir='ltr'><strong>ille.</strong></span> <span class='ocrx_word' id='word_1_867' title='bbox 654 5795 970 5869; x_wconf 75' lang='lat' dir='ltr'><strong>Estrabeits</strong></span> <span class='ocrx_word' id='word_1_868' title='bbox 1021 5807 1425 5869; x_wconf 87' lang='lat' dir='ltr'><strong>consequenter</strong></span> <span class='ocrx_word' id='word_1_869' title='bbox 1465 5798 1729 5869; x_wconf 70' lang='lat' dir='ltr'><strong>longum,</strong></span> <span class='ocrx_word' id='word_1_870' title='bbox 1787 5804 1846 5850; x_wconf 89' lang='lat' dir='ltr'><strong>ut</strong></span> <span class='ocrx_word' id='word_1_871' title='bbox 1889 5798 1986 5864; x_wconf 89' lang='lat' dir='ltr'><strong>ait,</strong></span> 
     </span>
    </p>
   </div>
   <div class='ocr_carea' id='block_1_107' title="bbox 388 5866 1985 5943">
    <p class='ocr_par' dir='ltr' id='par_1_107' title="bbox 388 5866 1985 5943">
     <span class='ocr_line' id='line_1_108' title="bbox 388 5866 1985 5943; baseline 0 -20"><span class='ocrx_word' id='word_1_872' title='bbox 388 5879 727 5943; x_wconf 80' lang='lat' dir='ltr'><strong>excerptum,</strong></span> <span class='ocrx_word' id='word_1_873' title='bbox 760 5867 812 5926; x_wconf 87' lang='lat' dir='ltr'><strong>id</strong></span> <span class='ocrx_word' id='word_1_874' title='bbox 841 5868 1078 5928; x_wconf 83' lang='lat' dir='ltr'><strong>collocat</strong></span> <span class='ocrx_word' id='word_1_875' title='bbox 1122 5868 1178 5925; x_wconf 90' lang='lat' dir='ltr'><strong>in</strong></span> <span class='ocrx_word' id='word_1_876' title='bbox 1209 5866 1524 5943; x_wconf 77' lang='lat' dir='ltr'><strong>appendice</strong></span> <span class='ocrx_word' id='word_1_877' title='bbox 1549 5866 1616 5926; x_wconf 87' lang='lat' dir='ltr'><strong>ad</strong></span> <span class='ocrx_word' id='word_1_878' title='bbox 1645 5866 1985 5926; x_wconf 85' lang='lat' dir='ltr'><strong>Tractatum.</strong></span> 
     </span>
    </p>
   </div>
   <div class='ocr_carea' id='block_1_108' title="bbox 2077 4723 3681 4798">
    <p class='ocr_par' dir='ltr' id='par_1_108' title="bbox 2077 4723 3681 4798">
     <span class='ocr_line' id='line_1_109' title="bbox 2077 4723 3681 4798; baseline -0.002 -16"><span class='ocrx_word' id='word_1_879' title='bbox 2077 4727 2637 4798; x_wconf 64' lang='lat' dir='ltr'><strong>Pro/iciscientium....</strong></span> <span class='ocrx_word' id='word_1_880' title='bbox 2667 4723 3069 4798; x_wconf 78' lang='lat' dir='ltr'><strong>proﬁciscieates</strong></span> <span class='ocrx_word' id='word_1_881' title='bbox 3102 4746 3115 4780; x_wconf 85' lang='lat'><strong>:</strong></span> <span class='ocrx_word' id='word_1_882' title='bbox 3150 4724 3413 4781; x_wconf 88' lang='lat' dir='ltr'><strong>mendose</strong></span> <span class='ocrx_word' id='word_1_883' title='bbox 3446 4732 3505 4778; x_wconf 85' lang='lat' dir='ltr'><strong>ut</strong></span> <span class='ocrx_word' id='word_1_884' title='bbox 3530 4723 3681 4778; x_wconf 85' lang='lat' dir='ltr'><strong>vide-</strong></span> 
     </span>
    </p>
   </div>
   <div class='ocr_carea' id='block_1_109' title="bbox 2078 4797 2491 4855">
    <p class='ocr_par' dir='ltr' id='par_1_109' title="bbox 2078 4797 2491 4855">
     <span class='ocr_line' id='line_1_110' title="bbox 2078 4797 2491 4855; baseline -0.012 0"><span class='ocrx_word' id='word_1_885' title='bbox 2078 4797 2197 4855; x_wconf 80' lang='lat' dir='ltr'><strong>tur.</strong></span> <span class='ocrx_word' id='word_1_886' title='bbox 2214 4797 2491 4855; x_wconf 76' lang='lat' dir='ltr'><strong>GALLAND.</strong></span> 
     </span>
    </p>
   </div>
   <div class='ocr_carea' id='block_1_110' title="bbox 2150 4866 3671 4939">
    <p class='ocr_par' dir='ltr' id='par_1_110' title="bbox 2150 4866 3671 4939">
     <span class='ocr_line' id='line_1_111' title="bbox 2150 4866 3671 4939; baseline -0.004 -15"><span class='ocrx_word' id='word_1_887' title='bbox 2150 4866 2176 4907; x_wconf 74' lang='grc' dir='ltr'>ἀ</span> <span class='ocrx_word' id='word_1_888' title='bbox 2214 4870 2367 4937; x_wconf 84' lang='lat' dir='ltr'><strong>Quod</strong></span> <span class='ocrx_word' id='word_1_889' title='bbox 2402 4872 2467 4926; x_wconf 87' lang='lat' dir='ltr'><strong>ei.</strong></span> <span class='ocrx_word' id='word_1_890' title='bbox 2504 4871 2650 4932; x_wconf 81' lang='lat' dir='ltr'><strong>Am.,</strong></span> <span class='ocrx_word' id='word_1_891' title='bbox 2673 4869 2769 4925; x_wconf 86' lang='lat' dir='ltr'><strong>Er.</strong></span> <span class='ocrx_word' id='word_1_892' title='bbox 2808 4879 2862 4925; x_wconf 89' lang='lat' dir='ltr'><strong>et</strong></span> <span class='ocrx_word' id='word_1_893' title='bbox 2908 4868 3158 4939; x_wconf 84' lang='lat' dir='ltr'><strong>plerique</strong></span> <span class='ocrx_word' id='word_1_894' title='bbox 3188 4882 3319 4939; x_wconf 78' lang='lat' dir='ltr'><strong>mss.</strong></span> <span class='ocrx_word' id='word_1_895' title='bbox 3352 4866 3442 4922; x_wconf 90' lang='lat' dir='ltr'><strong>hic</strong></span> <span class='ocrx_word' id='word_1_896' title='bbox 3466 4874 3522 4939; x_wconf 69' lang='lat' dir='ltr'><strong>et</strong></span> <span class='ocrx_word' id='word_1_897' title='bbox 3548 4879 3671 4939; x_wconf 76' lang='lat' dir='ltr'><strong>cap.</strong></span> 
     </span>
    </p>
   </div>
   <div class='ocr_carea' id='block_1_111' title="bbox 2079 4936 3677 5013">
    <p class='ocr_par' dir='ltr' id='par_1_111' title="bbox 2079 4936 3677 5013">
     <span class='ocr_line' id='line_1_112' title="bbox 2079 4936 3677 5013; baseline -0.003 -19"><span class='ocrx_word' id='word_1_898' title='bbox 2079 4955 2172 5008; x_wconf 88' lang='lat' dir='ltr'><strong>seq</strong></span> <span class='ocrx_word' id='word_1_899' title='bbox 2188 4982 2221 5013; x_wconf 32' lang='grc' dir='ltr'><strong>ς,</strong></span> <span class='ocrx_word' id='word_1_900' title='bbox 2238 4936 2390 5010; x_wconf 55' lang='grc' dir='ltr'><strong>⁷ᾳιιοά</strong></span> <span class='ocrx_word' id='word_1_901' title='bbox 2413 4942 2507 4996; x_wconf 81' lang='lat' dir='ltr'><strong>eis.</strong></span> <span class='ocrx_word' id='word_1_902' title='bbox 2531 4942 2734 4997; x_wconf 67' lang='lat' dir='ltr'><strong>Besso.</strong></span> <span class='ocrx_word' id='word_1_903' title='bbox 2759 4936 3012 5013; x_wconf 80' lang='lat' dir='ltr'><strong>—Atque</strong></span> <span class='ocrx_word' id='word_1_904' title='bbox 3038 4936 3110 4995; x_wconf 85' lang='lat' dir='ltr'><strong>ita</strong></span> <span class='ocrx_word' id='word_1_905' title='bbox 3134 4954 3265 4995; x_wconf 85' lang='lat' dir='ltr'><strong>sane</strong></span> <span class='ocrx_word' id='word_1_906' title='bbox 3288 4936 3677 5008; x_wconf 86' lang='lat' dir='ltr'><strong>leguntSchot.</strong></span> 
     </span>
    </p>
   </div>
   <div class='ocr_carea' id='block_1_112' title="bbox 2080 5012 2827 5082">
    <p class='ocr_par' dir='ltr' id='par_1_112' title="bbox 2080 5012 2827 5082">
     <span class='ocr_line' id='line_1_113' title="bbox 2080 5012 2827 5082; baseline -0.003 -14"><span class='ocrx_word' id='word_1_907' title='bbox 2080 5019 2137 5068; x_wconf 86' lang='lat' dir='ltr'><strong>et</strong></span> <span class='ocrx_word' id='word_1_908' title='bbox 2159 5012 2521 5082; x_wconf 75' lang='lat' dir='ltr'><strong>llaVercatnp.</strong></span> <span class='ocrx_word' id='word_1_909' title='bbox 2547 5013 2827 5069; x_wconf 58' lang='lat' dir='ltr'><strong>Caunum.</strong></span> 
     </span>
    </p>
   </div>
   <div class='ocr_carea' id='block_1_113' title="bbox 2160 5080 3686 5148">
    <p class='ocr_par' dir='ltr' id='par_1_113' title="bbox 2160 5080 3686 5148">
     <span class='ocr_line' id='line_1_114' title="bbox 2160 5080 3686 5148; baseline -0.005 -11"><span class='ocrx_word' id='word_1_910' title='bbox 2160 5094 2183 5121; x_wconf 66' lang='grc' dir='ltr'>υ</span> <span class='ocrx_word' id='word_1_911' title='bbox 2215 5081 2403 5138; x_wconf 82' lang='lat' dir='ltr'><strong>Deum.</strong></span> <span class='ocrx_word' id='word_1_912' title='bbox 2430 5080 2522 5139; x_wconf 84' lang='lat' dir='ltr'><strong>Sic</strong></span> <span class='ocrx_word' id='word_1_913' title='bbox 2556 5085 2659 5139; x_wconf 72' lang='lat' dir='ltr'><strong>EB.</strong></span> <span class='ocrx_word' id='word_1_914' title='bbox 2690 5084 2952 5142; x_wconf 85' lang='lat' dir='ltr'><strong>Schottus</strong></span> <span class='ocrx_word' id='word_1_915' title='bbox 2976 5097 3113 5137; x_wconf 87' lang='lat' dir='ltr'><strong>vero</strong></span> <span class='ocrx_word' id='word_1_916' title='bbox 3140 5097 3263 5136; x_wconf 91' lang='lat' dir='ltr'><strong>cum</strong></span> <span class='ocrx_word' id='word_1_917' title='bbox 3292 5080 3686 5148; x_wconf 88' lang='lat' dir='ltr'><strong>llavercamp.,</strong></span> 
     </span>
    </p>
   </div>
   <div class='ocr_carea' id='block_1_114' title="bbox 2087 5152 3688 5229">
    <p class='ocr_par' dir='ltr' id='par_1_114' title="bbox 2087 5152 3688 5229">
     <span class='ocr_line' id='line_1_115' title="bbox 2087 5152 3688 5229; baseline -0.004 -22"><span class='ocrx_word' id='word_1_918' title='bbox 2087 5155 2393 5229; x_wconf 75' lang='lat' dir='ltr'><strong>Dominum.</strong></span> <span class='ocrx_word' id='word_1_919' title='bbox 2420 5155 2540 5229; x_wconf 62' lang='lat' dir='ltr'><strong>Dios</strong></span> <span class='ocrx_word' id='word_1_920' title='bbox 2564 5155 2751 5229; x_wconf 47' lang='lat' dir='ltr'><strong>.iidem</strong></span> <span class='ocrx_word' id='word_1_921' title='bbox 2791 5154 2955 5221; x_wconf 84' lang='lat' dir='ltr'><strong>male,</strong></span> <span class='ocrx_word' id='word_1_922' title='bbox 2990 5153 3158 5222; x_wconf 81' lang='lat' dir='ltr'><strong>Quam</strong></span> <span class='ocrx_word' id='word_1_923' title='bbox 3188 5152 3521 5223; x_wconf 84' lang='lat' dir='ltr'><strong>rogabat.....</strong></span> <span class='ocrx_word' id='word_1_924' title='bbox 3554 5158 3601 5204; x_wconf 84' lang='lat' dir='ltr'><strong>et</strong></span> <span class='ocrx_word' id='word_1_925' title='bbox 3624 5164 3688 5201; x_wconf 88' lang='lat' dir='ltr'><strong>ne</strong></span> 
     </span>
    </p>
   </div>
   <div class='ocr_carea' id='block_1_115' title="bbox 2087 5225 2715 5284">
    <p class='ocr_par' dir='ltr' id='par_1_115' title="bbox 2087 5225 2715 5284">
     <span class='ocr_line' id='line_1_116' title="bbox 2087 5225 2715 5284; baseline 0 -3"><span class='ocrx_word' id='word_1_926' title='bbox 2087 5227 2403 5282; x_wconf 84' lang='lat' dir='ltr'><strong>dominetur.</strong></span> <span class='ocrx_word' id='word_1_927' title='bbox 2430 5225 2715 5284; x_wconf 64' lang='lat' dir='ltr'><strong>GALLAtvn.</strong></span> 
     </span>
    </p>
   </div>
   <div class='ocr_carea' id='block_1_116' title="bbox 2168 5294 3689 5370">
    <p class='ocr_par' dir='ltr' id='par_1_116' title="bbox 2168 5294 3689 5370">
     <span class='ocr_line' id='line_1_117' title="bbox 2168 5294 3689 5370; baseline -0.005 -18"><span class='ocrx_word' id='word_1_928' title='bbox 2168 5296 2185 5337; x_wconf 76' lang='grc' dir='ltr'>ῐ</span> <span class='ocrx_word' id='word_1_929' title='bbox 2222 5295 2373 5352; x_wconf 90' lang='lat' dir='ltr'><strong>Ibi...</strong></span> <span class='ocrx_word' id='word_1_930' title='bbox 2408 5314 2766 5370; x_wconf 63' lang='lat' dir='ltr'><strong>quacumque.</strong></span> <span class='ocrx_word' id='word_1_931' title='bbox 2797 5299 2903 5355; x_wconf 87' lang='lat' dir='ltr'><strong>BB.</strong></span> <span class='ocrx_word' id='word_1_932' title='bbox 2938 5296 3238 5370; x_wconf 68' lang='lat' dir='ltr'><strong>sequimur.</strong></span> <span class='ocrx_word' id='word_1_933' title='bbox 3268 5294 3689 5370; x_wconf 74' lang='lat' dir='ltr'><strong>Schottus_guo-</strong></span> 
     </span>
    </p>
   </div>
   <div class='ocr_carea' id='block_1_117' title="bbox 2088 5362 3694 5442">
    <p class='ocr_par' dir='ltr' id='par_1_117' title="bbox 2088 5362 3694 5442">
     <span class='ocr_line' id='line_1_118' title="bbox 2088 5362 3694 5442; baseline -0.004 -18"><span class='ocrx_word' id='word_1_934' title='bbox 2088 5384 2196 5441; x_wconf 90' lang='lat' dir='ltr'><strong>que</strong></span> <span class='ocrx_word' id='word_1_935' title='bbox 2224 5378 2376 5426; x_wconf 90' lang='lat' dir='ltr'><strong>recte</strong></span> <span class='ocrx_word' id='word_1_936' title='bbox 2408 5362 2568 5442; x_wconf 78' lang='lat' dir='ltr'><strong>habet</strong></span> <span class='ocrx_word' id='word_1_937' title='bbox 2609 5362 2702 5425; x_wconf 79' lang='lat' dir='ltr'><strong>ibi.</strong></span> <span class='ocrx_word' id='word_1_938' title='bbox 2735 5371 2899 5442; x_wconf 81' lang='lat' dir='ltr'><strong>Male_</strong></span> <span class='ocrx_word' id='word_1_939' title='bbox 2921 5362 3344 5442; x_wconf 73' lang='lat' dir='ltr'><strong>Havercampus,</strong></span> <span class='ocrx_word' id='word_1_940' title='bbox 3370 5365 3488 5421; x_wconf 89' lang='lat' dir='ltr'><strong>tibi.</strong></span> <span class='ocrx_word' id='word_1_941' title='bbox 3522 5362 3694 5421; x_wconf 85' lang='lat' dir='ltr'><strong>Uter-</strong></span> 
     </span>
    </p>
   </div>
   <div class='ocr_carea' id='block_1_118' title="bbox 2092 5439 3145 5514">
    <p class='ocr_par' dir='ltr' id='par_1_118' title="bbox 2092 5439 3145 5514">
     <span class='ocr_line' id='line_1_119' title="bbox 2092 5439 3145 5514; baseline 0.001 -19"><span class='ocrx_word' id='word_1_942' title='bbox 2092 5439 2196 5512; x_wconf 83' lang='lat' dir='ltr'><strong>que</strong></span> <span class='ocrx_word' id='word_1_943' title='bbox 2226 5439 2570 5514; x_wconf 66' lang='lat' dir='ltr'><strong>veraeditor</strong></span> <span class='ocrx_word' id='word_1_944' title='bbox 2597 5457 2830 5514; x_wconf 64' lang='lat' dir='ltr'><strong>quaeque.</strong></span> <span class='ocrx_word' id='word_1_945' title='bbox 2865 5440 3145 5514; x_wconf 55' lang='lat' dir='ltr'><strong>Causae.</strong></span> 
     </span>
    </p>
   </div>
   <div class='ocr_carea' id='block_1_119' title="bbox 2164 5506 3695 5568">
    <p class='ocr_par' dir='ltr' id='par_1_119' title="bbox 2164 5506 3695 5568">
     <span class='ocr_line' id='line_1_120' title="bbox 2164 5506 3695 5568; baseline -0.005 -2"><span class='ocrx_word' id='word_1_946' title='bbox 2164 5521 2190 5559; x_wconf 79' lang='grc' dir='ltr'><strong><em>Β</em></strong></span> <span class='ocrx_word' id='word_1_947' title='bbox 2219 5510 2303 5566; x_wconf 80' lang='lat' dir='ltr'><strong>Ad</strong></span> <span class='ocrx_word' id='word_1_948' title='bbox 2349 5506 2738 5567; x_wconf 67' lang='lat' dir='ltr'><strong>Marcellinum.</strong></span> <span class='ocrx_word' id='word_1_949' title='bbox 2789 5515 2909 5568; x_wconf 86' lang='lat' dir='ltr'><strong>Lib.</strong></span> <span class='ocrx_word' id='word_1_950' title='bbox 2946 5528 2985 5567; x_wconf 88' lang='grc' dir='ltr'><strong>ιι</strong></span> <span class='ocrx_word' id='word_1_951' title='bbox 3023 5511 3092 5567; x_wconf 87' lang='lat' dir='ltr'><strong>de</strong></span> <span class='ocrx_word' id='word_1_952' title='bbox 3133 5511 3355 5567; x_wconf 87' lang='lat' dir='ltr'><strong>Peccat.</strong></span> <span class='ocrx_word' id='word_1_953' title='bbox 3394 5506 3600 5565; x_wconf 82' lang='lat' dir='ltr'><strong>Meritis</strong></span> <span class='ocrx_word' id='word_1_954' title='bbox 3638 5514 3695 5559; x_wconf 86' lang='lat' dir='ltr'><strong>et</strong></span> 
     </span>
    </p>
   </div>
   <div class='ocr_carea' id='block_1_120' title="bbox 2095 5578 3694 5652">
    <p class='ocr_par' dir='ltr' id='par_1_120' title="bbox 2095 5578 3694 5652">
     <span class='ocr_line' id='line_1_121' title="bbox 2095 5578 3694 5652; baseline -0.005 -14"><span class='ocrx_word' id='word_1_955' title='bbox 2095 5582 2333 5639; x_wconf 83' lang='lat' dir='ltr'><strong>Remiss.</strong></span> <span class='ocrx_word' id='word_1_956' title='bbox 2372 5598 2495 5652; x_wconf 88' lang='lat' dir='ltr'><strong>cap.</strong></span> <span class='ocrx_word' id='word_1_957' title='bbox 2524 5586 2579 5639; x_wconf 85' lang='lat'><strong>8.</strong></span> <span class='ocrx_word' id='word_1_958' title='bbox 2610 5584 2875 5640; x_wconf 82' lang='lat' dir='ltr'><strong>Mcndose</strong></span> <span class='ocrx_word' id='word_1_959' title='bbox 2919 5584 3178 5641; x_wconf 85' lang='lat' dir='ltr'><strong>Schottus</strong></span> <span class='ocrx_word' id='word_1_960' title='bbox 3208 5581 3277 5635; x_wconf 90' lang='lat' dir='ltr'><strong>ad</strong></span> <span class='ocrx_word' id='word_1_961' title='bbox 3319 5578 3649 5635; x_wconf 74' lang='lat' dir='ltr'><strong>Marcelliani</strong></span> <span class='ocrx_word' id='word_1_962' title='bbox 3672 5592 3694 5630; x_wconf 93' lang='lat'><strong><em>:</em></strong></span> 
     </span>
    </p>
   </div>
   <div class='ocr_carea' id='block_1_121' title="bbox 2096 5652 3693 5725">
    <p class='ocr_par' dir='ltr' id='par_1_121' title="bbox 2096 5652 3693 5725">
     <span class='ocr_line' id='line_1_122' title="bbox 2096 5652 3693 5725; baseline -0.003 -17"><span class='ocrx_word' id='word_1_963' title='bbox 2096 5671 2257 5725; x_wconf 89' lang='lat' dir='ltr'><strong>quem</strong></span> <span class='ocrx_word' id='word_1_964' title='bbox 2281 5670 2522 5710; x_wconf 90' lang='lat' dir='ltr'><strong>errorem</strong></span> <span class='ocrx_word' id='word_1_965' title='bbox 2545 5655 2706 5711; x_wconf 85' lang='lat' dir='ltr'><strong>facile</strong></span> <span class='ocrx_word' id='word_1_966' title='bbox 2722 5657 3003 5723; x_wconf 84' lang='lat' dir='ltr'><strong>corrigere</strong></span> <span class='ocrx_word' id='word_1_967' title='bbox 3027 5662 3242 5721; x_wconf 89' lang='lat' dir='ltr'><strong>poterat</strong></span> <span class='ocrx_word' id='word_1_968' title='bbox 3264 5652 3693 5725; x_wconf 74' lang='lat' dir='ltr'><strong>ilavercampus,</strong></span> 
     </span>
    </p>
   </div>
   <div class='ocr_carea' id='block_1_122' title="bbox 2097 5718 3693 5797">
    <p class='ocr_par' dir='ltr' id='par_1_122' title="bbox 2097 5718 3693 5797">
     <span class='ocr_line' id='line_1_123' title="bbox 2097 5718 3693 5797; baseline -0.004 -17"><span class='ocrx_word' id='word_1_969' title='bbox 2097 5718 2367 5797; x_wconf 77' lang='lat' dir='ltr'><strong>simulque</strong></span> <span class='ocrx_word' id='word_1_970' title='bbox 2392 5727 2680 5783; x_wconf 90' lang='lat' dir='ltr'><strong>advertere</strong></span> <span class='ocrx_word' id='word_1_971' title='bbox 2710 5740 2816 5782; x_wconf 90' lang='lat' dir='ltr'><strong>non</strong></span> <span class='ocrx_word' id='word_1_972' title='bbox 2862 5718 2948 5782; x_wconf 59' lang='lat' dir='ltr'><strong>iiic</strong></span> <span class='ocrx_word' id='word_1_973' title='bbox 2982 5718 3093 5782; x_wconf 79' lang='grc' dir='ltr'><strong>Οιο</strong></span> <span class='ocrx_word' id='word_1_974' title='bbox 3127 5740 3271 5794; x_wconf 87' lang='grc' dir='ltr'>ιιιιιι,</span> <span class='ocrx_word' id='word_1_975' title='bbox 3302 5723 3397 5780; x_wconf 87' lang='lat' dir='ltr'><strong>sed</strong></span> <span class='ocrx_word' id='word_1_976' title='bbox 3435 5718 3693 5792; x_wconf 81' lang='lat' dir='ltr'><strong>Angusti-</strong></span> 
     </span>
    </p>
   </div>
   <div class='ocr_carea' id='block_1_123' title="bbox 2097 5797 2732 5869">
    <p class='ocr_par' dir='ltr' id='par_1_123' title="bbox 2097 5797 2732 5869">
     <span class='ocr_line' id='line_1_124' title="bbox 2097 5797 2732 5869; baseline 0 -15"><span class='ocrx_word' id='word_1_977' title='bbox 2097 5814 2225 5854; x_wconf 89' lang='lat' dir='ltr'><strong>num</strong></span> <span class='ocrx_word' id='word_1_978' title='bbox 2256 5797 2422 5869; x_wconf 87' lang='lat' dir='ltr'><strong>loqui.</strong></span> <span class='ocrx_word' id='word_1_979' title='bbox 2452 5798 2732 5856; x_wconf 76' lang='lat' dir='ltr'><strong>CALLAND.</strong></span> 
     </span>
    </p>
   </div>
  </div>
