4076 6352
402 311 541 367 1303

1800 310 2008 368 PAULI
2045 309 2268 367 080511

3564 308 3707 367 ιὲῡι

404 441 511 479 non
555 424 686 480 mibi
733 423 950 481 videtur
988 424 1065 481 ita
1112 424 1549 498 intelligendum,
1587 433 1610 461 ιι
1648 444 1667 478 ι
1696 424 1853 497 quasi
1899 442 1993 495 per
2022 428 2067 487 Α
2096 440 2226 497 gare
2256 424 2421 480 audet
2449 424 2638 496 gratiae
2670 425 2785 493 Dei,
2817 432 2874 481 et
2899 435 2921 464 ε
2954 434 3061 480 tam
3084 425 3318 496 superba
3343 423 3579 480 vanitate
3603 440 3705 495 po-

404 517 886 590 exprobratiouem
915 516 1144 586 dictum,
1174 529 1445 590 tamquam
1477 517 1753 574 diceretur
1783 537 1795 571 :
1826 518 1996 591 Ergo-

406 629 473 668 ne
517 612 750 685 linguam
782 612 966 670 nullus
1003 613 1283 670 hominum
1315 613 1539 671 domare
1589 613 1801 685 potest?
1828 614 1996 671 Tant-

406 720 568 778 quam
607 704 905 778 objurgans
924 715 978 762 et
1009 704 1197 762 dicens
1231 724 1244 760 :
1279 705 1517 762 Domare
1548 703 1696 763 feras
1740 706 1993 778 potestis,

399 795 642 868 linguam
667 814 776 853 non
804 794 1069 870 potestis?
1095 797 1260 865 Quasi
1286 797 1504 855 facilius
1532 797 1604 853 sit
1631 797 1867 871 linguam
1894 796 1996 854 do-

404 905 578 960 mare,
610 906 771 963 quam
820 889 983 945 feras.
1022 909 1041 943 »
1072 889 1191 946 Non
1218 900 1350 963 puto
1380 889 1526 963 quod
1564 891 1668 948 iste
1697 891 1768 947 sit
1804 906 2000 949 sensus

402 983 456 1039 in
487 982 591 1040 hoc
638 983 782 1039 loco.
809 982 865 1039 Si
907 983 1053 1039 enim
1098 981 1150 1041 id
1196 985 1391 1041 sentiri
1421 984 1586 1041 vellet
1631 984 1699 1041 de
1740 982 2001 1042 facilitate

401 1076 688 1133 domanda:
722 1076 942 1148 linguae,
971 1086 1172 1134 caetera
1209 1080 1570 1150 sequerentur
1599 1079 1654 1134 in
1702 1076 1997 1135 bestiarum

401 1168 834 1239 comparatione.
889 1167 1043 1226 Nunc
1085 1185 1220 1226 vero
1262 1172 1511 1240 sequitur
1559 1188 1570 1226 :
1630 1189 1649 1224 ι
1692 1168 1998 1243 inquietum

392 1261 634 1335 malum,
671 1261 831 1334 plena
859 1279 1071 1321 veneno
1102 1262 1387 1322 mortifero
1407 1285 1426 1320 ι
1447 1266 1633 1337 utique
1662 1265 1996 1334 nocentiore,

400 1373 562 1428 quam
584 1356 883 1413 bestiarum
916 1366 1077 1430 atque
1102 1368 1438 1430 serpentum.
1459 1358 1595 1415 Nam
1627 1356 1754 1414 illud
1777 1374 2000 1415 carnem

402 1446 693 1503 interﬁcit:
725 1446 828 1504 hoc
857 1448 1261 1505 veroanimarn.
1295 1449 1366 1506 0s
1388 1450 1534 1506 enim
1566 1452 1705 1522 quod
1727 1451 1998 1519 mentitur,

405 1540 595 1595 occidit
621 1541 849 1596 animam
880 1539 1038 1614 (Sap.
1064 1557 1106 1608 ι,
1136 1542 1249 1616 ii).
1277 1540 1398 1599 Non
1431 1558 1563 1614 ergo
1592 1544 1747 1615 quasi
1778 1543 1832 1600 id
1855 1553 2004 1600 esset

404 1632 639 1700 facilius,
668 1650 831 1706 quam
866 1634 1257 1693 mansuefactio
1301 1635 1602 1693 bestiarum
1653 1647 1876 1693 sanctus
1906 1636 2002 1692 Ja-

407 1729 575 1784 cobus
628 1728 777 1784 illam
820 1729 1149 1786 sententiam
1193 1729 1588 1802 pronuntiavit,
1635 1739 1728 1787 aut
1771 1744 1836 1787 ea
1866 1745 2001 1787 voce

2105 526 2197 571 net
2238 517 2289 572 iu
2323 515 2561 573 hominis
2592 516 2896 588 potestate?
2923 513 3034 571 Cur
3072 530 3201 587 ergo
3232 525 3440 584 oratur,
3476 525 3533 572 ut
3561 517 3709 572 arci-

2102 609 2303 682 piatur,
2346 609 2391 665 si
2432 611 2499 664 ab
2546 606 2761 666 homine
2803 616 2919 675 est,
2968 619 3023 663 ut
3055 604 3351 664 habeatur?
3380 608 3462 663 An
3492 615 3549 664 et
3574 596 3709 665 huic

2102 702 2336 758 orationi
2365 702 2776 773 contradicitur,
2808 698 2835 739 ἀ
2866 718 2935 758 ne
2976 698 3070 757 ﬁat
3111 700 3309 773 injuria
3344 694 3517 759 libero
3555 700 3712 758 arbi-

2104 794 2241 852 trio?
2271 795 2423 864 Quod
2447 796 2490 852 si
2521 795 2622 852 sibi
2653 795 2854 852 sufﬁcit
2879 794 3237 868 possibilitate
3262 804 3469 851 natura:
3496 794 3564 851 ad
3592 795 3707 851 im-

2105 888 2300 962 plenda
2334 890 2516 946 omnia
2548 901 2815 962 praecepta
2841 889 3089 961 iustitiae,
3126 887 3533 945 contradicatur
3571 904 3709 961 ergo

2103 994 2159 1040 et
2181 981 2355 1058 eidem
2402 982 2648 1053 apostolo
2689 981 2892 1038 Jacobo
2921 982 3232 1038 adruouenti
3266 993 3319 1038 et
3350 977 3550 1039 dicenti
3595 1000 3612 1038 :
3645 982 3713 1038 Si

2102 1080 2217 1151 quis
2260 1087 2432 1134 autem
2462 1086 2684 1133 vestrum
2731 1077 2927 1150 indiget
2961 1077 3236 1149 sapientia,
3267 1078 3487 1150 postulet
3512 1095 3544 1132 a
3570 1077 3708 1150 Deo,

2102 1172 2191 1244 qui
2221 1171 2308 1225 dat
2335 1169 2570 1224 omnibus
2598 1172 2900 1242 affluenter,
2924 1181 2973 1226 et
3000 1188 3103 1225 non
3131 1171 3463 1243 imprOperat,
3479 1179 3526 1226 et
3555 1170 3708 1225 dubio

2103 1275 2189 1318 tur
2215 1263 2281 1318 ei.
2325 1259 2563 1316 Postulet
2596 1273 2767 1317 autem
2797 1261 2852 1315 in
2892 1262 2996 1331 ﬁde
3034 1260 3165 1316 nihil
3206 1262 3449 1317 haesitans
3475 1260 3630 1333 (Jac.
3661 1277 3708 1331 ι,

2106 1359 2160 1424 5,
2191 1355 2271 1428 6).
2303 1354 2430 1411 Haec
2460 1364 2543 1411 est
2569 1353 2703 1410 ﬁdes
2733 1353 2799 1410 ad
2827 1370 2988 1427 quam
3023 1354 3665 1427 praeceptacompellunt
3690 1370 3705 1409 :

2107 1461 2165 1508 ut
2192 1451 2275 1508 lex
2307 1450 2558 1521 imperet,
2585 1447 2723 1506 ﬁdes
2751 1450 3023 1521 impetret,
3045 1459 3069 1487 ι·
3099 1447 3167 1503 1η
3196 1446 3369 1503 multis
3393 1446 3712 1519 o/fendimus

2106 1564 2283 1605 omnes
2313 1546 2462 1619 (Jac.
2496 1562 2573 1614 tu,
2603 1544 2686 1617 2).
2718 1543 2837 1603 Non
2866 1545 3009 1602 enim
3038 1557 3092 1602 et
3136 1543 3239 1601 hoc
3280 1543 3385 1601 iste
3413 1542 3712 1616 Apostolus

2106 1641 2214 1697 alio
2265 1640 2427 1696 modo
2478 1637 2874 1711 pronuntiavit,
2925 1636 3067 1693 sicut
3114 1647 3170 1693 et
3224 1630 3353 1692 illud
3396 1635 3542 1708 quod
3589 1634 3708 1691 ait:

2112 1754 2131 1789 ι
2169 1732 2431 1806 Linguam
2464 1734 2644 1788 nullus
2675 1733 2954 1789 hominum
2980 1731 3204 1786 domare
3236 1734 3435 1801 potest.
3459 1748 3479 1782 ι

411 1824 581 1879 voluit
612 1825 950 1895 pronuntiari
981 1841 995 1880 :
1029 1824 1125 1881 sed
1153 1824 1335 1896 potius
1383 1823 1704 1893 ostendens,
1739 1835 2000 1896 quantum
2038 1828 2078 1887 li
2181 1827 2271 1882 '57.
2322 1825 2431 1882 Nec
2462 1823 2595 1881 illud
2623 1825 2908 1896 quisquam
2956 1823 3078 1879 istis
3126 1838 3225 1892 pro
3272 1819 3715 1894 impossibilitate

404 1918 475 1974 sit
506 1917 559 1973 in
592 1917 812 1974 homine
836 1917 1034 1991 lingua:
1067 1918 1294 1990 malum,
1332 1927 1389 1975 ut
1418 1933 1448 1974 a
1476 1918 1625 1974 nullo
1659 1917 1881 1975 homine
1901 1919 2003 1976 do-

410 2010 549 2065 mari
584 2011 779 2081 possit,
806 2025 928 2066 cum
959 2009 1029 2067 ab
1053 2010 1369 2067 hominibus
1390 2012 1682 2069 domentur
1710 2025 1764 2069 et
1792 2011 2001 2069 bestiae.

406 2102 591 2174 Neque
618 2103 722 2159 hoc
755 2103 878 2160 ideo
903 2102 1062 2170 dixit,
1094 2115 1158 2160 ut
1193 2104 1356 2176 bujus
1386 2106 1440 2162 in
1474 2121 1574 2162 nos
1596 2106 1722 2162 mali
1754 2104 2008 2163 domina-

408 2197 614 2252 tionem
639 2212 733 2267 per
765 2197 1149 2270 negligentiam
1185 2214 1516 2271 permanere
1553 2200 1832 2271 patiamur
1862 2220 1873 2254 :
1908 2199 2002 2257 sed

408 2296 469 2344 ut
493 2286 560 2344 ad
588 2288 924 2346 domandam
953 2290 1191 2361 linguam
1231 2290 1432 2348 divinae
1482 2291 1671 2364 gratiae
1716 2307 2007 2363 poscamus

409 2380 695 2437 auxilium.
747 2379 865 2438 Non
905 2382 1051 2439 enim
1091 2381 1202 2439 ait:
1230 2380 1495 2456 Linguam
1552 2383 1732 2441 nullus
1776 2383 2006 2442 domare

406 2484 609 2545 potest,
642 2464 740 2531 sed
786 2476 966 2535 nullus
1004 2477 1316 2534 hominum:
1343 2487 1403 2535 ut
1442 2493 1564 2536 cum
1611 2477 1884 2549 domatur,
1908 2477 2004 2536 Dei

412 2565 813 2633 misericordia,
837 2565 936 2627 Dei
974 2567 1268 2639 adiutorio,
1310 2564 1405 2625 Dei
1449 2564 1644 2641 gratia,
1673 2568 1792 2626 ﬁeri
1842 2568 2007 2625 latea-

418 2670 542 2713 mur
576 2666 843 2714 :conetur
877 2673 1012 2731 ergo
1033 2659 1212 2717 anima
1244 2659 1469 2718 domare
1498 2660 1763 2734 linguam,
1786 2671 1843 2719 et
1873 2662 2004 2719 dum

404 2762 660 2822 conatur,
690 2764 881 2825 poscat
909 2753 1177 2811 auxilium
1204 2766 1291 2812 :et
1318 2760 1440 2813 oret
1485 2757 1686 2828 lingua,
1715 2760 1772 2813 ut
1812 2755 2005 2812 dome-

408 2855 495 2897 tur
524 2842 726 2914 lingua,
755 2844 995 2900 donante
1026 2843 1122 2901 illo
1139 2845 1229 2917 qui
1259 2833 1400 2901 dixit
1425 2844 1493 2903 ad
1521 2860 1649 2901 suos
1682 2845 1837 2902 :Non
1869 2849 2005 2902 enim

405 2953 492 2990 νοις
517 2937 637 2990 estis
665 2936 753 3008 qui
780 2936 1073 3007 loquimini,
1095 2939 1187 2993 sed
1228 2935 1457 3011 Spiritus
1488 2935 1668 2994 Patris
1704 2941 1880 3007 vestri,
1918 2941 2006 3010 qui

406 3027 635 3096 loquitur
674 3027 728 3083 in
761 3027 903 3082 vobis
928 3026 1148 3100 (Matth.
1181 3045 1236 3100 x,
1262 3026 1379 3101 20).
1410 3027 1597 3101 Itaque
1621 3044 1897 3103 praecepto
1928 3032 2007 3086 l'a-

405 3132 531 3174 cere
560 3129 977 3174 cummouemur
1005 3138 1018 3173 :
1049 3121 1192 3191 quod
1231 3126 1494 3178 conantes
1536 3130 1592 3178 et
1629 3125 1833 3180 nostris
1875 3124 2006 3179 viri-

408 3213 506 3265 bus
534 3224 643 3266 non
669 3210 938 3282 valentes,
974 3212 1305 3284 adiutorium
1347 3212 1592 3271 divinum
1621 3228 1927 3287 precemur.

479 3306 568 3361 .36.
621 3305 857 3362 Proinde
902 3316 956 3363 et
1025 3305 1145 3378 ipse
1190 3320 1313 3364 cum
1363 3314 1749 3382 exaggeraSSet
1806 3310 2004 3383 lingua:

410 3401 634 3465 malum,
665 3397 807 3453 linter
830 3400 946 3455 hmo
989 3400 1222 3455 dit-eus:
1259 3396 1384 3456 Non
1432 3409 1632 3472 oportet
1671 3404 1858 3476 fratres
1908 3407 2007 3460 mei

408 3490 518 3543 tunc
556 3490 629 3544 ita
675 3487 962 3562 ﬁeranc.
1007 3502 1087 3558 lii,
1115 3489 1205 3563 ιθ)
1242 3510 1255 3547 :
1286 3492 1551 3549 continuo
1590 3496 1827 3564 mdhiiit,
1873 3506 2005 3553 euu-

403 3580 691 3635 stimmatis
724 3580 830 3649 itis,
855 3588 980 3652 Quae
1014 3581 1141 3640 hinc
1186 3580 1423 3652 dicebat,
1451 3594 1562 3658 quo
1591 3583 1863 3658 adjttioriu
1900 3586 2002 3644 ista

408 3688 514 3728 non
550 3673 769 3743 tierent,
795 3686 919 3746 qua:
962 3673 1099 3732 dixit
1125 3672 1245 3733 ﬁeri
1277 3684 1387 3733 non
1428 3678 1705 3751 oportere.
1744 3676 1874 3749 Quis
1906 3700 2006 3737 εα-

398 3770 568 3838 piens,
627 3768 837 3840 inquit,
869 3774 919 3825 et
960 3764 1325 3843 disciplinains
1372 3774 1508 3829 inter
1565 3776 1696 3832 vos?
1749 3773 2001 3832 Ostendat

402 3877 469 3915 ea:
491 3861 626 3915 bona
655 3864 1047 3918 conversatione
1086 3866 1438 3936 Operationem
1487 3880 1636 3923 suam
1666 3868 1720 3923 in
1757 3850 2001 3925 mansne-

405 3953 584 4007 tudine
628 3951 922 4024 sapientia.
983 3952 1140 4022 Quod
1188 3957 1235 4013 si
1282 3958 1451 4014 selum
1507 3966 1747 4015 ainarum
1799 3962 2003 4019 habetis

401 4054 452 4101 et
504 4042 858 4102 contentiones
909 4045 965 4103 in
1006 4045 1254 4106 cordibus
1305 4052 1514 4120 uestris,
1571 4053 1734 4109 nolite
1781 4052 2006 4127 gloriari

403 4149 449 4193 et
495 4138 763 4194 mendaces
813 4154 926 4194 esse
968 4142 1242 4196 adversum
1297 4144 1587 4200 veritatem.
1633 4144 1761 4201 Non
1799 4156 1873 4202 est
1904 4149 2002 4205 ista

401 4231 662 4302 sapientia
714 4230 991 4286 desursum
1046 4232 1369 4289 descendens
1393 4276 1409 4301 ,
1453 4236 1545 4290 sed
1596 4247 1833 4313 terrena,
1879 4239 1999 4294 anl-

401 4323 594 4393 matis,
621 4322 901 4381 diabolica.
950 4320 1053 4380 Ubi
1110 4327 1249 4381 enim
1294 4326 1441 4383 zelus
1481 4338 1529 4384 et
1566 4323 1732 4403 625
1789 4342 2003 4388 conten-

386 4420 476 4481 ,tio
510 4462 524 4485 ,
576 4412 646 4473 ibi
698 4418 1050 4474 inconstantia
1090 4422 1140 4475 et
1188 4435 1339 4476 omne
1379 4437 1511 4493 opus
1574 4440 1814 4495 pravum.
1874 4426 2003 4492 Quc

407 4521 577 4565 autem
621 4508 896 4565 desursum
938 4518 1014 4566 est
1055 4511 1336 4581 sapientia,
1373 4515 1599 4585 primum
1652 4515 1859 4586 quidem
1904 4535 2003 4589 pu-

2111 1936 2216 1976 non
2252 1917 2509 1991 peccandi
2560 1916 2811 1973 similiter
2854 1915 3119 1987 obiecerit
3143 1913 3283 1985 quod
3326 1912 3533 1970 dictum
3577 1921 3711 1969 est:

2110 2011 2381 2086 Sapientia
2408 2012 2579 2065 carnis
2608 2006 2820 2064 inimica
2843 2018 2918 2064 est
2944 2006 3076 2063 Deo.
3128 2005 3254 2079 Legi
3282 2007 3421 2062 enim
3461 2003 3561 2060 Dei
3607 2021 3715 2060 non

2106 2116 2181 2163 est
2210 2106 2464 2179 subjecta,
2486 2119 2580 2159 nec
2602 2103 2737 2159 enim
2761 2111 2925 2174 potest
2948 2118 2967 2156 :
2992 2102 3083 2173 qui
3108 2110 3279 2155 autem
3302 2102 3358 2155 in
3384 2114 3541 2154 carne
3565 2106 3711 2168 sunt,

2110 2199 2220 2256 Deo
2241 2198 2447 2270 placere
2466 2214 2567 2253 non
2589 2204 2802 2267 possunt
2820 2194 3011 2268 (Rom.
3037 2210 3153 2263 Vill,
3179 2193 3231 2262 7,
3262 2193 3342 2266 8).
3371 2191 3716 2263 Sapientiam

2107 2292 2306 2366 quippe
2334 2291 2517 2348 carnis
2545 2289 2716 2357 dixit,
2761 2302 2869 2343 non
2917 2285 3240 2358 sapientiam
3297 2284 3587 2341 desursum
3616 2286 3720 2341 de-

2109 2384 2458 2443 scendentem
2486 2402 2497 2436 :
2532 2392 2585 2438 et
2616 2385 2671 2438 in
2702 2380 2866 2438 carne
2907 2396 3025 2437 esse
3054 2395 3164 2436 non
3190 2394 3306 2446 eos,
3337 2378 3431 2452 qui
3464 2379 3717 2435 nondum

2108 2478 2176 2534 de
2205 2490 2438 2547 corpore
2463 2475 2742 2542 exierunt,
2774 2471 2868 2529 sed
2897 2488 3013 2542 eos,
3041 2471 3136 2543 qui
3163 2471 3458 2528 secundum
3490 2485 3715 2526 carnem

2108 2571 2320 2636 vivunt,
2346 2568 2678 2640 signiticatos
2709 2581 2852 2632 esse,
2880 2566 3223 2621 manifestum
3250 2575 3356 2620 est.
3389 2562 3505 2620 Non
3530 2573 3715 2619 autem

2111 2660 2182 2719 ibi
2206 2671 2289 2718 est
2312 2661 2561 2733 quaestio,
2586 2676 2707 2732 quae
2734 2655 3153 2716 versatur.lllud
3174 2668 3257 2714 est
3278 2658 3421 2729 quod
3448 2664 3713 2729 exspecto

2110 2756 2179 2813 ab
2206 2757 2310 2812 isto
2338 2754 2530 2812 audire
2561 2773 2572 2807 :
2612 2751 2631 2792 ί
2662 2752 2708 2809 si
2738 2752 2831 2824 qui
2875 2742 3177 2811 secundum
3208 2748 3457 2822 Spiritum
3488 2751 3714 2819 vivunt,

2110 2846 2253 2907 etob
2270 2846 2374 2904 hoc
2393 2844 2555 2904 etiam
2587 2844 2676 2901 hic
2703 2842 2880 2901 adhuc
2909 2842 3155 2900 viventes
3173 2832 3286 2915 iam
3313 2843 3721 2912 quodammodo

2113 2944 2164 3000 in
2196 2958 2361 2998 carne
2391 2957 2496 2997 non
2524 2951 2676 3006 sunt,
2710 2947 2890 2995 utrum
2919 2939 3089 3011 gratia
3136 2924 3237 2993 Dei
3282 2938 3467 2993 vivant
3515 2953 3717 2993 secun-

2110 3034 2238 3091 dum
2262 3034 2535 3105 spiritum,
2556 3049 2622 3086 an
2646 3031 2755 3100 sibi
2778 3024 3070 3096 sufﬁciant,
3089 3030 3198 3101 jam
3224 3029 3347 3084 data
3366 3044 3490 3085 cum
3511 3039 3535 3077 Β
3560 3044 3717 3085 crea-

2114 3140 2302 3185 rentur
2328 3125 2685 3197 possibilitate
2713 3135 2921 3179 uatura:
2944 3124 2996 3178 iu
3021 3138 3116 3178 sua
3140 3122 3358 3193 prapria
3389 3118 3672 3177 voluntate
3692 3124 3710 3175 ἐ

2035 3226 2080 3291 C
2113 3238 2228 3276 cum
2256 3218 2529 3293 plenitudo
2559 3216 2686 3290 legis
2718 3234 2822 3271 non
2850 3217 2916 3271 sit
2954 3215 3053 3270 nisi
3087 3214 3316 3268 Charitas
3349 3212 3539 3279 (Rom.
3586 3227 3709 3281 vm,

2112 3306 2239 3382 10),
2289 3319 2345 3368 et
2391 3310 2621 3366 charitas
2672 3308 2767 3364 Dei
2814 3309 3007 3378 di/fusa
3037 3308 3105 3362 sit
3136 3306 3189 3362 in
3229 3298 3471 3362 cordibus
3519 3307 3715 3362 nostris

2112 3405 2302 3480 (Rom.
2337 3404 2482 3479 v,5),
2514 3421 2620 3461 non
2650 3406 2745 3476 per
2773 3404 3159 3475 nosmetipsos,
3197 3403 3294 3461 sed
3330 3420 3421 3475 per
3449 3396 3711 3477 Spiritum

2108 3511 2343 3556 sanctum
2385 3502 2477 3571 qui
2520 3498 2673 3553 datus
2715 3507 2791 3553 est
2835 3495 3005 3551 nobis.
3035 3494 3257 3552 Tractat
3301 3494 3465 3552 etiam
3511 3496 3611 3553 iste
3641 3497 3714 3554 de

2114 3593 2348 3666 peccatis
2385 3590 2732 3665 ignorantiw,
2763 3602 2814 3647 et
2847 3576 2978 3647 dicit
3004 3609 3022 3642 ι
3064 3589 3337 3645 hominem
3366 3586 3713 3663 pnetigiiare

2109 3687 2313 3746 debere
2345 3702 2412 3743 ne
2440 3684 2675 3759 ignoret,
2698 3684 2931 3756 ideoque
2959 3696 3079 3742 esse
3100 3680 3424 3755 culpandum
3449 3685 3713 3756 ignoran-

2111 3780 2263 3849 liaru,
2297 3776 2420 3853 quia
2460 3778 2513 3835 id
2545 3768 2709 3834 homo
2742 3778 2918 3834 nescit
2948 3772 3272 3849 negligentia
3312 3776 3405 3833 sua
3435 3776 3579 3849 quod
3610 3776 3711 3832 ad-

2112 3874 2279 3929 lubita
2307 3871 2587 3943 diligentia
2618 3864 2782 3943 626
2810 3869 2952 3925 scire
2974 3866 3249 3925 debuisset
3274 3889 3285 3922 :
3321 3887 3339 3922 ι
3369 3866 3495 3924 dum
3528 3876 3711 3925 tamen

2106 3964 2286 4021 omnia
2312 3964 2488 4034 potius
2511 3962 2772 4032 disputet,
2795 3976 2953 4032 quam
2978 3970 3039 4017 ut
3060 3974 3201 4029 oret,
3228 3959 3255 3997 ¹ι
3276 3952 3421 4017 dicat
3445 3980 3455 4015 :
3482 3958 3563 4016 Da
3584 3962 3716 4017 mihi

2106 4056 2445 4124 intellectum,
2472 4067 2527 4110 ut
2557 4055 2753 4109 discam
2777 4055 3027 4109 mandato
3054 4062 3141 4109 tua
3164 4055 3183 4124 (
3206 4052 3354 4108 Psal.
3382 4066 3567 4119 csvm,
3590 4048 3709 4125 ‘75).

2108 4149 2269 4206 Aliud
2297 4149 2441 4205 enim
2471 4159 2557 4205 est
2603 4162 2709 4203 non
2739 4161 2965 4203 curasse
2994 4149 3166 4215 scire,
3214 4163 3334 4218 quae
3367 4148 3714 4218 negligentia:

2110 4252 2333 4315 peccata
2362 4241 2525 4297 etiam
2556 4253 2655 4311 per
2679 4239 2947 4295 sacriﬁcia
2978 4239 3227 4311 quaedam
3272 4238 3407 4310 legis
3452 4239 3717 4293 videban-
3770 4307 3780 4313 θ

2109 4340 2195 4392 tur
2224 4336 2431 4407 expiari
2476 4354 2488 4389 :
2529 4330 2693 4391 Aliud
2726 4332 3030 4405 intelligere
3070 4332 3239 4403 velle,
3283 4347 3385 4389 nec
3431 4347 3624 4403 posse,
3658 4342 3715 4389 et

2107 4432 2287 4488 facere
2308 4441 2504 4487 contra
2527 4432 2724 4501 legem,
2747 4445 2856 4484 non
2877 4428 3231 4499 intelligendo
3254 4444 3376 4499 qua:
3400 4418 3517 4483 ﬁeri
3543 4428 3708 4482 velit:

2109 4523 2264 4580 Unde
2303 4522 2667 4579 admonemur
2694 4530 2881 4592 petere
2911 4536 2943 4576 a
2971 4520 3085 4576 Deo
3115 4519 3469 4591 sapientiam,
3502 4520 3595 4589 qui
3621 4520 3713 4573 dat

406 4603 525 4656 dica
555 4612 658 4671 est,
683 4601 868 4655 deinde
904 4602 1155 4673 paciﬁca,
1188 4604 1454 4670 modesta,
1499 4600 1771 4683 suadibilis
1794 4650 1809 4675 ,
1846 4608 2001 4682 plena
2027 4618 2084 4681 Β
2108 4614 2347 4670 omnibus
2386 4615 2667 4685 afﬂuenter
2692 4610 2845 4686 (Jac.
2873 4627 2922 4678 ι,
2957 4612 3023 4685 5)
3049 4631 3060 4665 :
3096 4613 3280 4683 utique
3312 4608 3398 4667 liis
3429 4612 3708 4679 omnibus,

405 4692 773 4747 misericordiae
813 4702 858 4748 et
909 4691 1165 4764 fructibus
1212 4692 1381 4765 bonis,
1422 4711 1533 4757 non
1566 4697 1843 4768 judicans,
1893 4700 2007 4757 sine
2105 4706 2196 4779 qui
2223 4704 2303 4761 sic
2335 4713 2546 4777 petunt,
2574 4717 2626 4761 et
2662 4716 2867 4760 tantum
2896 4704 3115 4776 petunt,
3147 4696 3421 4775 quomodo
3452 4712 3506 4761 et
3534 4720 3711 4777 quau-

405 4784 432 4824 b
460 4786 791 4839 wnrulatione
842 4782 1060 4855 (Ibid.,
1105 4785 1340 4853 15-17).
1391 4788 1517 4845 Haec
1558 4800 1644 4847 est
1688 4791 1954 4863 Sapientia
1982 4835 2000 4863 ,

402 4892 525 4948 qua:
556 4879 792 4949 linguam
837 4877 1042 4945 domat,
1071 4878 1356 4936 desursum
1407 4880 1766 4952 descendens,
1799 4901 1904 4942 non
1933 4887 2003 4943 ab

403 4973 639 5028 iruruano
667 4971 831 5029 corde
860 4966 1169 5041 prosiliens.
1193 4971 1277 5027 Ait
1315 4972 1369 5029 et
1400 4970 1559 5030 ismm
1581 4974 1811 5049 quisque
1840 4980 1999 5039 abru~

475 5208 502 5237 ιι
527 5195 599 5250 Ita
630 5182 916 5252 Schottus.
947 5170 1271 5232 Galiaudius
1313 5172 1491 5247 addit,
1518 5193 1589 5235 ex
1633 5178 1725 5236 ed.
1776 5178 1909 5252 ilB.,
1944 5192 2003 5238 ut

403 5274 663 5331 exponere
692 5251 927 5331 υοέὲιίέἰη
953 5320 966 5331 .
1074 5318 1088 5331 .
1186 5317 1201 5331 .
1240 5319 1272 5331 -.

470 5291 1016 5392 i"£§'.°et"e:tsu.,
1041 5317 1391 5392 simulatione.

476 5384 499 5456 ξ
525 5384 606 5461 Ei
619 5384 732 5456 eam
756 5384 1387 5485 superbissima-uanitate.
1416 5384 1494 5485 ita
1520 5391 1701 5485 legunt
1724 5388 1998 5453 BB.Uter-

398 5504 506 5558 quc
535 5479 713 5534 editor
739 5464 1053 5545 perperam;
1083 5469 1134 5513 οι
1152 5469 1268 5541 ⁸ιιιηι
1304 5464 1545 5533 superba.
1574 5464 1850 5549 tinem).
1984 5540 1996 5551 .

472 5555 500 5596 ά
546 5548 678 5610 ΒΒ.,
722 5532 1197 5614 apibusassenttt
1234 5531 1508 5614 Gallatttl.,
1554 5548 1632 5591 Sic
1691 5550 1997 5614 interpungr

399 5603 613 5689 νοιιιιὶι.
646 5603 714 5689 Ile
742 5603 1060 5689 ξειέηἱειτέθ
1092 5603 1545 5689 [ἱξεφεφίιτίρν
1580 5608 1743 5688 quod:

477 5662 632 5753 ζᾜῖὶ
648 5662 1063 5753 'éatland.'cum
1092 5672 1198 5728 BB.
1222 5673 1375 5753 addit
1390 5662 1702 5753 ρεῆόοὸθην
1726 5680 1987 5752 θηρευτι-

401 5770 507 5825 per
532 5746 767 5829 ῖῖηριιωη
797 5747 931 5829 enim
959 5758 1112 5829 quam
1142 5747 1318 5799 nullus
1340 5746 1622 5829 hominum
1649 5746 1863 5829 domare
1894 5768 1990 5820 ρο..

709 5816 960 5891 sapientia
1003 5816 1273 5871 desursum
1316 5818 1646 5873 descendens.
1693 5816 1996 5896 Subditque

2107 4810 2220 4855 tum
2248 4814 2337 4856 res
2364 4809 2510 4856 tanta
2546 4797 2772 4869 petenda
2802 4807 2910 4855 est.

2176 4892 2268 4950 58.
2300 4910 2319 4947 ι
2357 4892 2623 4950 Divinitus
2647 4903 2826 4951 tamen
2857 4891 3125 4967 expianda
3156 4908 3283 4951 esse
3306 4902 3529 4964 peccata
3559 4900 3711 4949 cout-

2106 4985 2294 5055 missa,
2341 4995 2398 5045 et
2436 5002 2535 5057 pro
2580 4987 2661 5044 eis
2708 4988 2993 5045 Dominum
3040 4987 3382 5045 exorandum
3427 5004 3447 5041 ι
3486 4988 3705 5057 fatetur,

2113 5182 2333 5259 initam:
2372 5181 2559 5259 i‘lltec
2598 5183 2901 5259 improvide
2936 5186 3203 5259 omittunt
3237 5184 3494 5248 Schottus
3523 5198 3577 5249 et
3606 5191 3710 5248 ns-

2111 5256 2383 5341 ;vercti‘inp.
2402 5252 2583 5341 Paulo
2610 5252 2737 5341 ante
2763 5252 2911 5341 apud]
2934 5258 3108 5341 ipsos,
3133 5258 3259 5341 ﬁdes
3281 5258 3538 5340 impetret,
3569 5268 3706 5336 pra:-

2109 5324 2364 5397 lermissa
2391 5325 2776 5397 conjunctione
2801 5324 2875 5395 et,
2901 5324 3081 5385 iniuus
3108 5324 3280 5386 recte.
3321 5348 3341 5384 ι

2185 5396 2203 5474 i
2231 5394 2340 5474 illi.
2370 5406 2426 5474 et
2454 5394 2731 5468 G'aiiandq
2764 5400 2805 5455 si
2839 5394 3033 5474 possim
3063 5417 3147 5456 eos
3180 5402 3293 5474 qui,
3317 5414 3424 5467 etc.

2178 5468 2203 5516 ι
2230 5467 2307 5554 ita
2331 5470 2510 5554 editor
2541 5467 2788 5543 uterque.
2818 5467 2889 5527 At
2921 5470 3028 5526 BB.
3057 5467 3321 5543 creantur,
3352 5480 3495 5554 quod
3526 5481 3706 5539 minus

2104 5542 2302 5611 placet.
2332 5538 2609 5598 Cum».

2176 5602 2329 5693 “ﬁlo
2378 5612 2509 5693 iteltt
2559 5614 2816 5693 omittunt
2866 5616 3308 5693 cotljuimtionerit
3355 5634 3400 5680 et
3444 5616 3709 5680 Schottus

2099 5674 2556 5771 etwiliavercatnp.
2615 5688 2776 5743 Iidi‘m
2833 5674 3182 5765 ρηυιδῖιόέι,
3226 5674 3706 5771 ηιρίιεῠὶῖᾶἷῄιῖειίέῖ

2102 5754 2378 5810 (manu.
