4060 6352
302 305 438 364 1205

1382 303 1586 360 LIBER
1631 302 1717 358 DE
1756 299 2060 358 ARBITRII
2098 299 2520 362 LIBERTATE.

3457 305 3596 365 i206

303 433 525 494 propter
554 422 773 480 veniam
802 422 1010 480 scilicet
1043 422 1456 495 promerendam
1485 439 1497 476 :
1531 421 1658 493 quia
1681 419 1731 476 id
1754 418 1898 492 quod
1925 421 1977 481 Α
2004 418 2220 489 quidem
2252 420 2394 478 bona
2416 438 2539 494 quae
2560 422 2726 480 habet
2754 422 2808 480 in
2830 422 3188 495 formatione,
3213 425 3346 497 vita,
3363 425 3391 465 ἀ
3410 440 3599 496 sensu,

303 516 498 571 factum
542 524 646 581 est,
681 512 858 572 facere
902 512 1161 571 infectum
1190 513 1418 569 multum
1450 512 1519 569 ab
1548 513 1652 568 isto
1682 510 1896 567 laudata

301 606 541 682 potentia
573 606 660 662 illa
694 616 901 663 natura:
923 618 977 662 et
999 606 1251 663 voluntas
1281 606 1553 674 hominis,
1581 606 1746 661 etiam
1778 603 1902 675 ipso

304 698 525 771 fatente,
565 716 671 755 non
707 709 904 771 potest.
946 700 1125 769 Quare
1163 700 1264 755 hac
1291 701 1616 756 necessitate
1647 705 1819 754 restat
1844 704 1903 753 ut

305 792 431 851 oret
476 794 723 867 ignosci:
759 803 817 849 ut
855 805 1033 850 autem
1084 794 1369 865 adjuvetur
1410 810 1479 850 ne
1519 802 1740 865 peccet,
1774 807 1905 849 nus-

305 905 464 963 quam
501 888 673 957 dixit,
718 903 825 943 non
857 886 944 944 hic
988 888 1111 959 legi.
1143 887 1335 944 Mirum
1362 887 1429 943 de
1461 887 1560 943 hac
1590 902 1650 943 re
1680 885 1903 941 omnino

305 980 605 1048 silentimn,
630 996 751 1035 cum
780 980 958 1036 oratio
989 979 1265 1035 Dominica
1288 988 1578 1050 utrumque
1608 976 1904 1050 petendum

306 1090 430 1132 esse
479 1081 823 1131 commoneat
864 1092 875 1126 :
920 1080 977 1128 et
1028 1083 1085 1128 ut
1123 1072 1465 1129 dimittantur
1513 1071 1671 1127 nobis
1724 1070 1904 1127 debita

309 1176 515 1237 nostra,
545 1177 599 1222 et
624 1175 684 1222 ut
706 1181 812 1221 non
838 1175 863 1203 ⁸
886 1164 1205 1222 inducantur
1232 1164 1285 1220 in
1312 1162 1659 1222 tentatioucm
1685 1162 1903 1237 (Matth.

309 1279 383 1328 vi,
420 1260 647 1333 1ὶ,15).
679 1259 814 1316 Illud
846 1267 903 1315 ut
939 1261 1209 1332 praeterita
1240 1262 1528 1331 expientur
1556 1279 1568 1313 ε
1600 1261 1708 1316 hoc
1738 1270 1796 1315 ut
1824 1257 1910 1315 fu-

310 1367 431 1411 tura
463 1352 725 1410 vitentur.
758 1353 914 1423 Quod
955 1352 1085 1409 licet
1112 1369 1219 1409 non
1249 1351 1372 1422 ﬁat,
1410 1351 1513 1409 nisi
1542 1353 1792 1408 voluntas
1814 1351 1909 1407 ad-

310 1448 418 1503 sit:
456 1457 637 1501 tamen
677 1455 735 1501 ut
779 1446 901 1515 ﬁat,
939 1443 1192 1502 voluntas
1235 1445 1351 1501 sola
1382 1460 1490 1502 non
1521 1444 1743 1502 sufﬁcit.
1784 1443 1911 1501 Ideo

313 1556 413 1611 pro
444 1541 556 1616 hac
596 1555 677 1606 re,
733 1554 828 1595 nec
868 1537 1164 1611 superﬂua,
1209 1554 1311 1597 nec
1355 1538 1644 1610 impudens
1682 1536 1913 1593 Domino

311 1633 627 1691 immolatur
655 1633 853 1688 oratio.
887 1631 1020 1689 Nam
1050 1632 1178 1705 quid
1214 1632 1455 1701 stultius,
1485 1647 1644 1703 quam
1667 1645 1825 1687 orare
1856 1639 1915 1685 ut

315 1727 502 1795 facias,
532 1726 675 1798 quod
708 1728 761 1782 in
792 1734 1059 1797 poteSIate
1089 1724 1323 1783 habeas?

2003 522 2207 582 mente,
2235 528 2267 569 a
2289 527 2506 572 summo
2535 516 2649 573 Deo
2671 514 2858 586 habet,
2888 525 3140 574 creatore
3166 527 3220 573 et
3243 519 3457 577 artiﬁce
3476 534 3601 589 suo,

2001 603 2197 660 vitium
2225 620 2363 663 vero
2385 607 2535 678 quod
2558 607 2661 664 ista
2687 606 2955 665 naturalia
2988 608 3132 665 bona
3157 611 3519 667 contenebrst
3544 621 3602 668 et

2004 694 2267 766 inﬁrmat,
2300 708 2361 753 ut
2388 698 2787 757 illuminatione
2813 709 2867 757 et
2895 700 3187 757 curatione
3213 715 3353 772 opus
3381 701 3603 770 habeat,

2004 802 2113 843 non
2145 788 2216 844 ab
2243 789 2568 862 inculpabili
2614 790 2831 849 artiﬁce
2860 801 3199 849 contractum
3232 803 3351 859 est,
3397 793 3495 850 sed
3534 808 3604 851 ex

2005 879 2265 952 originali
2286 891 2519 953 peccato
2539 883 2688 955 quod
2722 884 3078 941 commissum
3109 896 3195 942 cst
3240 885 3412 943 libero
3448 887 3604 943 arbi-

2008 974 2113 1029 trio
2141 992 2157 1029 :
2183 989 2248 1031 ac
2277 990 2374 1046 per
2397 974 2507 1033 hoc
2528 986 2724 1034 natura
2747 977 2977 1049 ptenalis
2996 977 3066 1034 ad
3086 978 3386 1036 vindictam
3412 978 3606 1052 justis-

2007 1069 2204 1124 simam
2247 1068 2511 1138 pertinet.
2544 1068 2655 1127 °Si
2701 1070 2850 1126 enim
2894 1069 3007 1141 jam
3057 1085 3245 1128 sumus
3297 1073 3351 1126 in
3401 1070 3609 1127 Christo

2008 1176 2141 1214 nova
2161 1166 2402 1214 creatura
2428 1158 2499 1231 (ll
2523 1158 2649 1217 Cor.
2680 1177 2738 1230 v,
2771 1160 2863 1234 17)
2889 1179 2904 1218 :
2934 1172 3116 1220 tamen
3165 1181 3369 1220 eramus
3418 1176 3608 1219 natura

2009 1254 2109 1323 ﬁlii
2136 1254 2231 1308 ira:
2253 1260 2387 1309 sicut
2414 1264 2464 1309 et
2485 1255 2678 1312 caeteri.
2699 1254 2842 1312 Deus
2869 1265 3044 1313 autem
3061 1258 3152 1326 qui
3172 1258 3316 1314 dives
3336 1266 3410 1315 est
3427 1259 3485 1313 in
3512 1259 3615 1312 mi-

2009 1344 2299 1399 sericordia
2349 1353 2562 1418 propter
2606 1347 2823 1403 multam
2869 1348 3219 1419 dilectionem,
3269 1367 3373 1422 qua
3422 1350 3612 1405 dilexit

2013 1454 2110 1492 nos
2154 1452 2273 1491 cum
2313 1452 2542 1493 essemus
2586 1439 2782 1498 mortui
2830 1441 3088 1511 peccatis,
3112 1441 3486 1513 eouoiviﬁcaeit
3517 1458 3613 1497 nos

2014 1528 2443 1601 Christo:cujus
2499 1530 2673 1601 gratia
2723 1548 2903 1589 sumus
2972 1532 3104 1590 salvi
3179 1536 3325 1607 facti.
3379 1532 3611 1608 (Ephes.

2014 1638 2086 1690 ti,
2117 1622 2280 1694 2-5).

2087 1713 2179 1772 40.
2226 1715 2353 1772 Haec
2380 1713 2399 1755 ί
2432 1715 2597 1788 igitur
2627 1718 2803 1789 gratia
2822 1717 3024 1777 Christi
3045 1761 3062 1790 ,
3093 1720 3213 1780 sine
3241 1736 3344 1793 qua
3390 1737 3490 1779 nec
3530 1724 3620 1779 iu-

387 1822 480 1880 59.
508 1820 625 1877 Jam
667 1835 811 1875 nunc
840 1817 1019 1874 videte
1046 1818 1190 1890 quod
1231 1817 1296 1873 ad
1330 1832 1446 1875 rem
1480 1818 1717 1873 maxime
1749 1817 1915 1888 pcrli-
1949 1819 1997 1881 Β
2024 1810 2202 1868 iantes
2245 1827 2347 1868 nec
2383 1823 2547 1872 atate
2584 1815 2822 1887 grandes
2859 1816 3000 1874 salvi
3049 1817 3174 1876 ﬁeri
3212 1830 3481 1891 possunt,
3513 1834 3622 1876 non

318 1922 442 1983 net,
471 1911 750 1984 quomodo
785 1910 1073 1966 humanam
1106 1918 1353 1965 naturam
1389 1920 1664 1980 tamquam
1695 1908 1918 1963 omnino

316 2005 440 2062 sine
490 2004 621 2059 vitio
670 2003 780 2059 ullo
828 2005 929 2069 sit,
983 2012 1211 2060 conatur
1256 2002 1546 2059 ostendere
1585 2021 1597 2055 :
1631 2010 1687 2058 et
1732 2011 1919 2058 contra

319 2099 694 2172 apertissimas
719 2097 1029 2171 Scripturas
1052 2099 1147 2155 Dei
1184 2098 1416 2154 luctetur
1442 2096 1707 2165 sapientia
1734 2094 1918 2165 verbi,

320 2209 427 2266 qua
458 2202 746 2248 evacuatur
772 2207 906 2248 crux
934 2191 1133 2248 Christi
1167 2190 1217 2263 (I
1244 2189 1365 2246 Cor.
1391 2192 1572 2262 1,17).
1614 2189 1719 2245 Sed
1766 2191 1923 2261 plane

323 2287 414 2341 illa
438 2303 542 2341 non
564 2284 937 2353 evacuabitnr,
955 2284 1054 2340 ista
1075 2286 1253 2356 potius
1274 2283 1539 2354 sapientia
1556 2284 1921 2339 subvertetur.

322 2378 458 2434 Nam
492 2396 614 2435 cum
647 2378 750 2433 hoc
781 2376 1202 2448 ostenderimus,
1237 2375 1412 2431 aderit
1443 2373 1674 2431 fortasse
1710 2376 1925 2430 miseri-

325 2472 511 2527 cordia
534 2471 654 2538 Dei,
679 2480 807 2527 utet
832 2471 1007 2541 ipsum
1028 2469 1145 2526 hsce
1160 2469 1362 2525 dixisse
1381 2469 1694 2540 pteniteat.i
1723 2467 1924 2533 Primo,

327 2566 530 2635 inquit,
574 2564 645 2620 de
686 2578 752 2620 eo
782 2562 1165 2636 diSputandum
1195 2575 1314 2619 est:
1348 2562 1489 2634 quod
1520 2578 1617 2633 per
1646 2570 1928 2632 peccatum

326 2660 614 2716 debilitata
655 2658 855 2715 dicitur
909 2667 966 2713 et
1013 2658 1294 2713 immutata
1342 2664 1555 2713 natura.
1609 2652 1760 2712 Unde
1804 2666 1930 2712 ante

326 2753 512 2807 omnia
544 2750 891 2822 qumrendum
926 2758 1075 2821 puto,
1105 2749 1307 2821 inquit,
1338 2748 1467 2821 quid
1500 2746 1569 2804 sit
1605 2759 1886 2819 peccatum
1914 2768 1925 2801 :

329 2847 633 2902 substantia
667 2845 848 2916 aliqua
872 2888 886 2914 ,
929 2862 997 2900 an
1026 2843 1053 2883 ι)
1080 2840 1233 2901 omni
1274 2843 1575 2899 substantia
1616 2858 1809 2898 carens
1836 2858 1934 2898 uo-

334 2958 482 3007 men,
526 2956 634 3014 quo
685 2954 791 2996 non
836 2953 948 3007 res,
979 2954 1089 2993 non
1119 2937 1429 3004 existentia,
1468 2952 1573 2991 non
1602 2949 1801 3008 corpus
1831 2935 1931 2991 ali-

333 3035 504 3107 quod,
535 3034 632 3091 sed
663 3048 949 3106 perperam
979 3031 1103 3087 facti
1130 3041 1282 3086 actus
1312 3029 1654 3101 exprimitur.
1680 3047 1699 3081 ι
1730 3027 1935 3085 Deinde

334 3127 618 3200 adjungit:
648 3144 667 3178 ι
696 3124 875 3182 Credo
907 3124 980 3181 ita
1006 3132 1109 3181 est.
1140 3122 1208 3179 Et
1240 3123 1286 3177 si
1326 3121 1398 3177 ita
1430 3130 1536 3190 est,
1571 3118 1765 3192 inquit,
1802 3135 1936 3192 quo-

2023 1906 2233 1963 meritis
2264 1906 2533 1977 redditur,
2582 1909 2678 1966 sed
2716 1911 2890 1981 gratis
2916 1910 3079 1968 datur
3103 1931 3118 1969 :
3146 1923 3370 1985 propter
3394 1914 3539 1985 quod
3568 1924 3628 1971 et

2024 1998 2197 2069 gratia
2245 1997 2560 2055 nominatur
2604 2019 2617 2054 :
2658 2000 2970 2072 Justiﬁcati.
3023 2005 3231 2077 inquit,
3282 2007 3482 2079 gratis,
3537 2024 3629 2078 per

2024 2094 2336 2166 sanguinem
2385 2094 2554 2165 ipsius
2583 2096 2774 2168 (Rom.
2811 2099 2900 2163 nt,
2944 2096 3068 2170 24).
3101 2096 3257 2155 Unde
3299 2098 3359 2155 hi
3395 2101 3490 2171 qui
3519 2115 3626 2157 non

2028 2201 2125 2258 per
2150 2186 2294 2242 illam
2327 2187 2655 2255 liberantur,
2695 2188 2814 2246 sive
2866 2192 2992 2261 quia
3032 2189 3222 2247 audire
3260 2192 3504 2249 nondum
3533 2208 3631 2264 po-

2030 2289 2272 2347 tuerunt,
2298 2280 2415 2337 sive
2445 2282 2569 2353 quia
2593 2282 2819 2338 obedire
2847 2283 3163 2351 noluerunt,
3183 2283 3298 2340 sive
3313 2284 3481 2341 etiam
3504 2300 3628 2342 eum

2030 2389 2127 2446 per
2156 2384 2377 2431 aetatem
2412 2375 2606 2432 audire
2635 2392 2743 2432 non
2796 2387 3055 2448 possent,
3092 2379 3368 2435 lavacrum
3403 2396 3632 2451 regene-

2031 2466 2261 2545 rationis
2298 2466 2444 2539 quod
2472 2468 2726 2539 accipere
2765 2476 3017 2540 possent,
3054 2484 3151 2541 per
3172 2469 3321 2542 quod
3355 2469 3495 2527 salvi
3536 2474 3637 2529 tle-

2031 2570 2179 2631 rent,
2201 2558 2369 2632 628
2389 2577 2496 2626 non
2525 2570 2876 2633 acceperunt,
2893 2562 3043 2635 juste
3061 2563 3250 2634 utique
3272 2561 3633 2621 damnantur:

2032 2656 2160 2725 quia
2188 2656 2308 2709 sine
2354 2665 2579 2724 peccato
2631 2669 2738 2710 non
2784 2664 2936 2723 sunt,
2966 2654 3053 2711 vel
3099 2655 3248 2726 quod
3289 2655 3635 2727 originaliter

2036 2756 2313 2801 traxerunt
2344 2763 2353 2796 :
2383 2743 2467 2800 vel
2492 2743 2638 2816 quod
2660 2744 2819 2800 malis
2848 2745 3092 2802 moribus
3122 2745 3470 2803 addiderunt.
3504 2747 3636 2802 0m-

2036 2856 2127 2894 nes
2159 2837 2293 2893 enim
2325 2846 2683 2907 peccaverunt,
2703 2838 2817 2894 sive
2845 2835 3130 2909 iu‘Adam,
3166 2841 3283 2897 sive
3311 2838 3365 2896 iu
3403 2841 3638 2913 Seipsis:

2037 2942 2083 2986 ct
2105 2942 2252 3005 egent
2277 2912 2451 3004 gloria
2472 2928 2569 2985 Dei
2591 2927 2782 3003 (Ibid.,
2801 2931 2918 3003 25).

2109 3027 2199 3083 it.
2225 3024 2492 3083 Universa
2523 3027 2687 3098 igitur
2715 3040 2895 3082 massa
2926 3040 3118 3098 paruas
3139 3025 3323 3084 debet.
3348 3027 3420 3083 Et
3447 3029 3492 3084 si
3522 3043 3641 3085 om-

2042 3118 2206 3175 nibus
2234 3117 2477 3175 debitum
2518 3117 2883 3175 damnationis
2928 3118 3261 3191 supplicium
3294 3121 3640 3193 redderetur,

337 3220 502 3276 modo
530 3218 703 3290 potuit
732 3216 1025 3274 humanam
1076 3215 1363 3271 debilitare
1406 3213 1490 3270 vel
1529 3208 1739 3268 mutare
1785 3219 1938 3267 natu-
1970 3212 2018 3275 C
2049 3227 2157 3269 non
2182 3210 2381 3282 injuste
2413 3211 2768 3284 proculdubio
2806 3211 3153 3269 redderetur.
3193 3212 3298 3283 Qui
3334 3228 3465 3286 ergo
3515 3215 3643 3272 inde

336 3329 489 3379 ram,
527 3312 668 3384 quod
698 3310 1003 3368 substantia
1042 3309 1230 3367 caret?
1260 3329 1279 3363 ι
1314 3306 1538 3374 Videte,
1573 3322 1783 3377 quaeso,
1812 3320 1947 3379 quo-

342 3403 506 3460 modo
564 3403 813 3460 nesciens
883 3402 1086 3457 nitatur
1154 3408 1400 3457 evertere
1440 3398 1603 3472 627
1644 3396 1944 3454 medicina-

347 3498 479 3553 lium
554 3495 897 3568 clnquiorum
945 3494 1339 3551 saluberrimas
1393 3507 1554 3548 voces
1595 3510 1606 3545 :
1642 3490 1756 3565 Ego
1809 3491 1945 3561 dixi,

345 3589 594 3659 Domine,
656 3591 896 3644 miserere
948 3588 1082 3658 mei,
1114 3603 1248 3641 sana
1288 3585 1515 3639 animam
1569 3598 1771 3651 meam,
1826 3582 1948 3655 quia

346 3684 553 3751 peccari
609 3681 703 3736 tibi
734 3679 909 3753 (Psat.
952 3693 1042 3746 ιι,
1075 3679 1156 3751 5).
1217 3677 1357 3746 Quid
1412 3683 1635 3731 sanatur
1662 3718 1676 3740 ,
1708 3675 1755 3730 si
1811 3674 1946 3730 nihil

351 3787 437 3832 est
485 3776 877 3843 vulneratum,
923 3772 1059 3829 nihil
1108 3772 1411 3827 sauciatum
1440 3811 1455 3837 ,
1502 3767 1641 3823 nihil
1697 3767 1947 3822 debilita-

350 3879 463 3924 tum
509 3879 676 3939 atque
724 3867 1008 3923 vitiatum?
1048 3864 1222 3921 Porro
1270 3863 1317 3919 si
1377 3870 1462 3918 est
1499 3860 1645 3934 quod
1700 3870 1945 3930 sanetur,

349 3962 494 4017 unde
516 3962 763 4016 vitiatum
788 3971 871 4016 est
887 3960 909 4014 ἲ
926 3958 1097 4014 Audis
1119 3953 1496 4024 conﬁtentem,
1513 3954 1642 4024 quid
1666 3952 1950 4008 desideras

348 4052 762 4124 disputantem?
790 4050 961 4118 Sana,
1009 4050 1187 4121 inquit
1207 4090 1223 4116 ,
1255 4047 1489 4101 animum
1527 4056 1717 4101 meum.
1744 4043 1827 4099 Ab
1856 4041 1952 4098 illo

349 4163 536 4219 quaere
564 4148 710 4203 unde
742 4146 988 4201 vitiatum
1015 4144 1089 4199 sit
1112 4189 1125 4212 ,
1150 4143 1293 4213 quod
1321 4141 1502 4197 sanari
1529 4148 1684 4210 rugat
1707 4155 1720 4189 :
1742 4147 1796 4193 et
1821 4135 1952 4192 audi

350 4239 495 4312 quod
524 4239 771 4310 sequitur
796 4253 811 4292 :
832 4236 1079 4308 quoniam
1104 4232 1305 4305 peccari
1333 4232 1447 4286 tibi.
1473 4229 1631 4287 Hunc
1657 4230 1759 4291 iste
1784 4230 1951 4284 inter-

352 4340 531 4404 roget,
564 4332 630 4387 ab
661 4332 768 4386 isto
799 4339 1041 4402 quaerat,
1080 4326 1223 4398 quod
1270 4326 1626 4397 quaerendum
1675 4329 1869 4393 putat,
1899 4330 1955 4377 et

351 4426 531 4480 dicat:
555 4425 601 4480 0
629 4432 707 4493 tu,
733 4423 827 4494 qui
857 4425 1231 4487 clamas,sana
1256 4421 1489 4473 animam
1507 4416 1953 4486 meam,quoniam

353 4519 582 4590 peccavi,
632 4518 758 4589 quid
812 4526 889 4572 est
933 4514 1241 4606 peccatum?
1286 4511 1609 4569 Substautia
1638 4511 1851 4580 aliqua,
1886 4522 1954 4564 an

2051 3321 2147 3378 per
2165 3306 2395 3376 gratiam
2421 3305 2724 3362 liberantur
2746 3323 2760 3360 :
2782 3320 2887 3361 non
2908 3320 3033 3362 vasa
3049 3304 3370 3363 meritorum
3397 3322 3646 3378 suorum,

2048 3400 2148 3458 sed
2178 3416 2305 3456 vasa
2330 3399 2729 3456 misericordia:
2753 3398 3310 3470 nominantur.Cujus
3339 3402 3667 3457 misericorl

2048 3492 2188 3549 dim?
2216 3492 2317 3548 nisi
2376 3492 2524 3546 illius
2553 3493 2643 3563 qui
2684 3489 2952 3547 Christum
2990 3488 3174 3547 Iesum
3217 3492 3359 3546 misit
3405 3493 3457 3547 in
3509 3494 3651 3550 hunc

2048 3586 2299 3640 mundum
2328 3594 2622 3653 peccatores
2652 3588 2822 3639 salvos
2844 3584 3096 3656 [acere(l
3126 3583 3268 3640 Tim.
3302 3600 3354 3652 ι,
3378 3586 3498 3656 15),
3525 3603 3655 3658 quos

2049 3680 2305 3751 prtescivit
2338 3689 2383 3733 et
2436 3677 2855 3750 prwdestinavit,
2891 3688 2939 3733 et
2964 3679 3194 3745 vocavit,
3227 3690 3276 3732 et
3290 3678 3647 3752 justiﬁcavit,

2048 3781 2097 3825 et
2125 3769 2440 3841 gloriﬁcavit
2470 3769 2488 3836 (
2512 3769 2664 3825 Rom.
2698 3785 2813 3837 vui,
2846 3768 2937 3835 29,
2967 3769 3092 3840 '50).
3125 3768 3261 3838 Quis
3291 3770 3455 3842 igitur
3481 3786 3656 3844 usque

2049 3864 2188 3919 adeo
2218 3862 2629 3919 dementissime
2664 3861 2935 3929 insaniat,
2966 3870 3024 3917 ut
3050 3876 3156 3917 non
3196 3873 3323 3933 agat
3345 3863 3655 3922 iueﬂ'abiles

2050 3955 2254 4027 gratias
2300 3954 2716 4023 u'iisericurdizc,
2759 3969 2897 4026 quos
2937 3954 3149 4022 voluit,
3199 3955 3484 4013 liberantis
3510 4002 3525 4027 ,
3559 3958 3654 4029 qui

2052 4054 2203 4104 recte
2231 4046 2380 4103 nullo
2426 4046 2588 4103 modo
2635 4057 2859 4118 possent
2906 4046 3129 4119 culpare
3176 4046 3484 4119 justitiam,
3517 4049 3646 4105 uni-

2054 4155 2246 4195 versos
2274 4136 2502 4193 omnino
2529 4137 2875 4193 danmantis:
2906 4138 3023 4195 lloc
3070 4139 3115 4194 si
3165 4136 3469 4196 secundum
3511 4139 3661 4198 Scri-

2055 4244 2244 4306 pturas
2286 4234 2586 4304 sapiamus,
2623 4247 2729 4288 non
2772 4232 3021 4304 cogimur
3062 4241 3256 4290 contra
3290 4230 3658 4291 Christianam

2055 4325 2286 4400 gratiam
2314 4324 2623 4397 diSputare,
2656 4332 2712 4380 et
2733 4338 2797 4380 ea
2819 4324 3026 4392 dicere,
3056 4322 3253 4397 quibus
3273 4325 3662 4384 demonstrare

2056 4434 2321 4476 conemur
2370 4430 2620 4474 naturam
2650 4417 2940 4473 humanam
2973 4433 3148 4491 neque
3177 4418 3231 4475 in
3265 4418 3506 4491 parvulis
3538 4432 3643 4476 nte-

2058 4511 2183 4568 dico
2212 4510 2460 4583 indigere
2484 4551 2498 4575 ,
2555 4510 2682 4581 quia
2715 4525 2845 4566 sana
2888 4519 2965 4565 est
2989 4552 3004 4580 ,
3058 4520 3113 4567 et
3146 4511 3198 4565 in
3233 4510 3531 4583 majoribus
3560 4510 3666 4568 sibi

354 4612 508 4668 omni
539 4612 843 4666 substantia
894 4597 1089 4664 carens
1137 4622 1358 4674 nomen,
1392 4620 1503 4677 quo
1551 4618 1659 4658 non
1693 4618 1812 4669 res,
1844 4617 1953 4657 non
1986 4597 2033 4656 D
2065 4609 2237 4680 ips-am
2270 4606 2338 4662 ad
2375 4603 2645 4675 justiti‘ani
2691 4604 2736 4660 si
2770 4603 2931 4668 velit,
2980 4619 3140 4677 posse
3184 4605 3460 4663 sulﬁcere.
3490 4608 3664 4663 Acute

356 4706 683 4772 existentia,
722 4716 828 4757 non
862 4716 1061 4772 corpus
1091 4700 1347 4771 aliquod,
1382 4699 1483 4757 sed
1522 4709 1732 4755 tantum
1762 4711 1961 4766 perpe-

357 4814 479 4854 ram
506 4797 631 4852 iacti
656 4803 811 4850 actus
835 4794 1193 4865 uprimitur?
1214 4793 1520 4863 Respondit
1551 4793 1680 4846 ille:
1712 4804 1731 4840 ι
1755 4789 1828 4844 Ita
1854 4798 1959 4859 est,

359 4902 419 4948 ut
448 4892 605 4947 dicis.
641 4892 756 4945 Non
803 4898 888 4946 est
933 4899 1216 4961 peccatum
1260 4888 1441 4958 aliqua
1483 4886 1787 4941 substantia
1817 4926 1831 4951 ,
1863 4888 1957 4941 scd

361 4998 570 5044 tantum
594 4985 694 5041 hoc
710 4986 929 5040 nomine
952 4998 1240 5055 perperam
1260 4982 1385 5038 facti
1400 4996 1552 5037 actus
1574 4981 1954 5051 exprimitur.»

364 5083 435 5137 Et
457 5093 645 5137 contra
675 5082 798 5137 iste.
815 5081 954 5150 Quid
978 5096 1110 5153 ergo
1132 5079 1357 5146 clamas,
1384 5090 1514 5136 sana
1535 5077 1765 5130 animum
1790 5088 1960 5131 meam

362 5177 609 5247 quoniam
639 5177 850 5247 peccari
883 5176 1016 5231 tibi?
1043 5177 1329 5247 Quomodo
1363 5182 1538 5251 potuit
1562 5182 1742 5238 vitiari
1772 5187 1956 5241 anima

368 5281 456 5323 tua
473 5270 545 5340 if
573 5269 783 5325 Medico
833 5268 1083 5341 indiget:
1123 5274 1250 5344 quia
1297 5290 1431 5332 sana
1478 5288 1585 5337 non
1633 5290 1737 5337 «εει.
1770 5276 1962 5338 Omnia

442 5419 467 5446 ι
499 5407 600 5463 ΒΒ.
637 5417 687 5462 et
714 5404 994 5479 Calland.,
1026 5408 1336 5479 inferamur.

443 5482 469 5519 h
501 5480 603 5533 ΒΒ.
638 5489 691 5533 et
716 5477 993 5547 Gallaud.,
1025 5477 1239 5535 omnino
1265 5487 1575 5549 substantia.

447 5566 467 5590 ιτ
504 5549 952 5638 ηίιῗοεξμςίιᾲειο
998 5552 1290 5638 Augustini
1336 5561 1474 5616 libro
1519 5577 1639 5638 cap.
1673 5570 1727 5633 5,
1760 5584 1881 5635 qua
1910 5577 1972 5624 ut

374 5622 816 5717 prmC-t1df‘ldli2ut‘s
845 5612 1197 5717 consocga'rett
1240 5612 1894 5717 escerpt'orjxnglus‘t'inia
1906 5612 1971 5697 δεῖ

376 5690 677 5753 contraxu.
713 5694 805 5745 διο
843 5698 987 5748 enim
1034 5694 1091 5750 S.
1154 5690 1357 5755 Doctor

378 5766 642 5851 quon-tmte
664 5764 1034 5851 potuitvitiare
1062 5768 1293 5824 animum
1319 5778 1495 5841 tuam,
1518 5764 1657 5851 quod
1686 5764 1979 5839 mutaui};

386 5837 528 5893 caret
553 5837 577 5889 ξ)
602 5838 878 5891 Causae.

1405 5703 1503 5757 sub
1537 5703 1694 5767 linem
1728 5727 1849 5781 cap.
1883 5712 1997 5777 l9;

2068 4705 2167 4776 ipsi
2198 4703 2456 4759 videntur
2507 4700 2625 4756 haec
2674 4699 2905 4755 dicere:
2945 4697 3041 4755 sed
3089 4702 3143 4755 in
3175 4701 3432 4773 sapientia
3467 4698 3623 4755 l’erbi
3646 4741 3665 4768 ,

2065 4814 2167 4869 qua
2205 4804 2480 4852 evacuatur
2526 4809 2657 4848 crux
2708 4788 2906 4847 Christi
2945 4791 2996 4863 (l
3029 4789 3149 4847 Cor.
3187 4809 3241 4861 ι,
3273 4791 3384 4865 17).
3438 4792 3561 4847 Non
3588 4801 3663 4847 est

2067 4894 2167 4945 ista
2212 4890 2471 4961 sapientia
2528 4888 2803 4941 desursum
2848 4884 3164 4940 descendens
3193 4880 3356 4955 (Jac.
3390 4901 3481 4950 ut,
3532 4884 3663 4957 15).

2070 4987 2203 5041 Nolo
2230 4984 2375 5056 quod
2412 4984 2660 5053 sequitur
2697 4981 2915 5048 dicere,
2964 4997 3033 5037 ue
3074 4979 3267 5036 amicis
3298 4981 3500 5035 nostris
3526 4994 3668 5051 quo-

2068 5100 2186 5140 rum
2209 5081 2507 5137 fortissima
2539 5088 2595 5136 et
2617 5090 2640 5128 ις
2663 5077 2940 5134 acerrima
2966 5075 3210 5146 ingenia,
3235 5090 3340 5129 non
3367 5075 3419 5129 in
3449 5090 3670 5144 perver-

2070 5193 2211 5243 sum,
2243 5176 2345 5233 sed
2375 5177 2429 5233 in
2463 5178 2734 5233 directum
2771 5185 2997 5229 currere
3041 5170 3315 5238 volumus,
3348 5167 3526 5224 facere
3554 5169 3672 5223 exi-

2074 5276 2362 5332 Stimemur
2382 5272 2659 5346 injuriam.

2143 5418 2171 5459 ά
2206 5417 2313 5473 BD.
2339 5422 2393 5468 et
2420 5405 2701 5472 Galland.,
2732 5402 2989 5473 sensibus.

2147 5501 2171 5529 ι’
2206 5468 2311 5542 DD.
2344 5468 2756 5551 Iegendumjtsi
2783 5470 3099 5551 conjiciunt.
3133 5468 3411 5551 GALLAND.

2154 5560 2170 5598 ῐ
2207 5538 2590 5614 l—taSch'uttus.
2626 5548 2730 5603 BB.
2765 5552 2825 5601 et
2852 5538 3128 5614 Gallandh
3164 5538 3292 5614 Hcce
3317 5551 3508 5614 autem.

2154 5581 2165 5598 .
2208 5581 2284 5614 lu.
2312 5581 2590 5612 Dcuuuua.
2626 5581 2730 5603 νυ.
2765 5581 2825 5601 ι.
2853 5581 3080 5601 ..-η-..υ
3113 5585 3128 5608 ,
3164 5581 3291 5596 .-.νυ
3317 5581 3508 5597 ..........

2151 5642 2175 5681 s
2208 5626 2513 5686 Celerrime.
2544 5623 2634 5675 Sic
2661 5619 2767 5674 BB.
2788 5615 2930 5686 Qua:
2974 5581 3197 5686 quidem
3240 5611 3401 5668 lectio
3437 5610 3677 5670 concinit

2084 5682 2376 5769 cumis—eq”
2409 5708 2637 5748 currere.
2672 5695 2740 5745 At
2771 5682 3074 5744 SéhottIet
3102 5684 3494 5757 llavetcamp.,
3525 5699 3675 5737 acer-

2082 5782 2241 5837 rima.
2271 5771 2553 5829 CALuND-
