4076 6352
265 326 407 389 120)

1337 325 1540 385 LIBER
1582 323 1671 385 DE
1711 322 2013 381 ARBlTltll
2056 323 2475 383 LIBERTATE.

3423 323 3567 382 1210

265 447 608 517 conﬁtendo,
637 448 902 504 conﬁtear
932 461 1189 512 necesse,
1218 456 1273 503 et
1302 463 1401 519 per
1426 447 1567 518 quod
1598 443 1739 500 efﬁci
1769 458 1858 499 res
1888 444 1931 502 Α
1962 450 2045 497 cst
2070 461 2080 496 :
2129 441 2513 497 Postulationes
2555 451 2731 497 rostra:
2759 442 3081 497 innotescunt
3118 459 3290 497 eorum
3325 441 3430 496 Deo
3456 458 3473 497 :
3518 453 3569 497 et

266 552 482 617 potest:
505 557 574 597 an
598 551 677 610 ιιι,
703 542 793 613 qui
817 556 929 597 rem
953 542 1221 611 negando,
1243 556 1296 597 et
1318 540 1575 612 quidquid
1600 539 1729 595 illud
1754 547 1858 605 (εει,

266 651 365 709 per
389 636 530 705 quod
561 649 647 690 res
673 634 931 699 elﬁcitur,
962 635 1147 705 procul
1176 634 1344 690 dubio
1372 634 1572 705 negas?
1604 652 1623 686 ι
1651 632 1864 686 Oblitus
1900 660 1909 667 -

264 727 484 799 estiam
510 742 571 782 se
602 727 683 782 illi
715 727 1072 797 respondere,
1100 726 1193 798 qui
1228 741 1341 781 rem
1367 742 1473 781 non
1501 734 1682 795 negat,
1707 721 1863 793 cujus

263 820 631 892 obiectionem
652 819 948 891 pauloante
962 828 1339 891 proposuerat,
1354 820 1613 875 dicentis:
1639 836 1656 870 ι
1678 817 1863 872 Potest

261 915 426 989 631
449 913 669 985 quidem
699 927 842 982 esse,
874 912 970 969 sed
1002 929 1096 984 per
1120 913 1216 969 Dei
1248 912 1499 984 gratiam.
1529 931 1548 964 ι
1581 911 1863 980 Qtwmodo

262 1024 396 1081 ergo
412 1009 583 1075 illam,
611 1024 706 1080 pro
723 1024 825 1080 qua
844 1009 945 1064 iste
960 1008 1186 1064 multum
1209 1006 1861 1078 laborat,possib‘:litatt-m

263 1112 458 1175 negat,
490 1103 581 1174 qui
617 1111 641 1140 α
673 1102 836 1158 etiam
867 1101 1036 1157 dicit:
1071 1120 1089 1154 ι
1118 1100 1304 1156 Petest
1334 1115 1478 1165 esse,
1514 1099 1608 1156 sed
1644 1115 1737 1169 per
1765 1098 1864 1155 Dei

261 1195 493 1264 gratiam
516 1194 571 1248 ⁸3»
608 1192 1000 1249 Verumtamen
1030 1192 1154 1265 quia
1182 1192 1288 1248 isto
1315 1191 1572 1255 dimisso,
1623 1190 1713 1261 qui
1747 1206 1862 1247 rem

257 1286 375 1358 iant
407 1287 721 1351 conﬁtetur,
751 1286 862 1357 agit
889 1286 1065 1341 adhuc
1093 1286 1358 1341 adversus
1387 1299 1480 1340 eos
1501 1324 1516 1351 ,
1545 1284 1635 1355 qui
1669 1291 1867 1354 negant

262 1394 390 1437 esse.
426 1381 688 1452 possibile
717 1380 994 1437 hominem
1024 1396 1147 1437 esse
1172 1381 1291 1436 siue
1320 1388 1546 1450 peccato
1571 1423 1586 1447 ,
1636 1378 1767 1449 quid
1798 1377 1864 1435 ad

261 1473 412 1530 nos?
440 1473 641 1529 Contra
665 1489 802 1546 quos
823 1474 935 1529 vult
958 1484 1100 1545 agat,
1132 1473 1257 1528 dum
1286 1483 1464 1528 tamen
1489 1472 1589 1528 hoc
1610 1470 1866 1527 confitea-

260 1576 373 1637 tur,
399 1571 543 1641 quod
573 1570 855 1640 impietate
877 1568 1299 1626 sccleratissima
1333 1580 1579 1641 negatur,
1609 1569 1725 1624 sine
1745 1583 1866 1638 gra-

262 1663 338 1719 tia
369 1663 462 1720 Dei
491 1663 769 1720 hominem
801 1665 920 1720 siue
953 1673 1175 1735 peccato
1212 1679 1337 1720 esse
1367 1679 1473 1720 non
1506 1678 1689 1733 posse.
1728 1664 1867 1722 Dicit

262 1770 431 1826 ergo,
466 1774 486 1810 ι
514 1755 644 1812 Sive
672 1772 768 1827 per
791 1758 1050 1827 gratiam,
1084 1757 1199 1812 sive
1233 1773 1329 1826 per
1354 1756 1717 1827 adiutorium,
1749 1756 1866 1812 sive

1967 554 2072 608 prta:
2096 536 2189 592 Dei
2210 554 2326 610 quae
2354 548 2560 610 superat
2594 553 2795 593 onmem
2828 548 3047 591 mentem
3069 578 3083 602 ,
3114 537 3371 592 custodiat
3409 538 3567 592 corda

1966 640 2012 686 et
2044 647 2263 701 corpora
2292 642 2456 686 vestra
2487 632 2539 684 in
2570 628 2774 686 Christo
2804 628 2933 685 Jesu
2983 628 3249 701 (Philipp.
3283 645 3353 696 tv,
3399 629 3452 695 6,
3484 630 3563 703 7).

1969 723 2155 780 llabeo
2184 727 2363 796 itaque
2403 725 2769 781 inlirmitatetu
2798 743 2809 778 :
2846 733 2899 780 ιι
2924 723 3135 795 gaudeo
3167 724 3219 779 in
3259 722 3569 795 cognitione

1965 818 2296 876 infirmitatis
2340 835 2496 876 mea}.
2541 818 2674 875 Cum
2715 820 2850 874 enim
2889 818 3170 890 in/irntor,
3218 828 3341 873 tunc
3388 828 3566 886 potens

1965 931 2081 971 sum
2109 915 2176 989 (ll
2201 914 2321 971 Cor.
2349 930 2441 980 sn,
2472 911 2592 987 10):
2628 922 2902 985 potentem
2931 912 3238 968 invocanda
3262 911 3450 978 Deum,
3476 911 3564 980 qui

1967 1026 2055 1067 me
2079 1009 2299 1065 exaudit
2325 1008 2597 1072 infirmum
2622 1050 2638 1075 ,
2676 1008 2778 1080 qui
2810 1006 2967 1062 nobis
3024 1005 3344 1061 fidelissime
3381 1019 3571 1076 repro-

1967 1104 2146 1159 misit:
2186 1101 2299 1175 Ego
2328 1112 2498 1156 autem
2526 1101 2784 1156 vobiscum
2806 1117 2920 1155 sunt
2950 1100 3184 1155 omnibus
3204 1098 3382 1153 diebus
3403 1114 3567 1170 usque

1967 1199 2036 1254 ad
2055 1197 2547 1253 consummationem
2570 1195 2748 1251 δαῖσαιί
2777 1194 2994 1269 (Matth.
3027 1210 3214 1256 xxvtn.
3244 1191 3361 1262 20).
3394 1192 3564 1248 Pacuv

1970 1292 2106 1347 liarc
2131 1304 2268 1361 opus
2294 1288 2624 1345 infirmitatis
2653 1299 2758 1356 est,
2790 1288 2846 1344 in
2873 1286 3020 1344 omni
3053 1287 3172 1342 loco
3196 1299 3413 1356 semper
3438 1298 3563 1340 ora—

1969 1400 2051 1452 re,
2081 1393 2138 1440 ut
2158 1383 2506 1455 omnipotens
2533 1384 2695 1448 Deus,
2724 1383 2816 1454 qui
2840 1380 3133 1452 spopondit
3155 1395 3259 1435 non
3283 1378 3563 1444 deserere,

1970 1480 2131 1535 etiam
2174 1478 2363 1546 iuvare
2394 1492 2501 1532 non
2535 1484 2735 1532 cesset.
2779 1476 2917 1530 Ecce
2961 1475 3105 1529 enim
3138 1470 3417 1540 Scriptura
3447 1469 3563 1525 cla-

1970 1582 2083 1629 mat
2130 1569 2401 1626 inﬁrmis:
2457 1569 2685 1636 Quterite
2726 1567 3009 1622 Dominum
3053 1578 3100 1622 et
3144 1562 3560 1637 conﬁrmamini:

1968 1665 2183 1737 quwrite
2211 1663 2401 1735 [aciem
2422 1664 2532 1735 ejus
2554 1678 2759 1732 semper
2786 1659 2959 1734 (Psal.
2985 1675 3094 1727 etv,
3121 1657 3310 1732 4).οιιί
3333 1670 3563 1727 respon-

1970 1758 2065 1814 det
2092 1774 2216 1813 vera
2246 1765 2301 1813 et
2336 1756 2419 1829 pia
2455 1755 2763 1811 confessio:
2807 1752 2946 1810 Ecce
2971 1754 3100 1810 sicut
3134 1752 3272 1807 oculi
3300 1765 3561 1805 servorum

265 1863 364 1920 per
387 1848 854 1917 misericordiam,
896 1860 947 1905 et
977 1849 1237 1921 quidquid
1268 1850 1399 1905 illttd
1432 1857 1550 1914 est,
1595 1866 1693 1919 per
1719 1849 1862 1921 quod
1894 1841 1944 1903 Β
1969 1851 2021 1905 in
2064 1851 2300 1906 manibus
2343 1849 2674 1904 dominorum
2714 1861 2971 1902 suorum:
3020 1847 3094 1903 ita
3132 1846 3272 1900 oculi
3308 1843 3468 1900 nostri
3497 1843 3564 1898 ad

264 1956 391 1998 esse
413 1943 577 2000 homo
607 1943 812 2014 absque
841 1951 1068 2015 peccato
1095 1952 1306 2015 potest,
1340 1942 1663 2012 conﬁtetur,
1712 1945 1859 2016 quis-

263 2035 387 2107 quis
414 2051 531 2092 rem
562 2034 736 2108 ipSam
764 2036 985 2093 fatetur.
1021 2055 1040 2091 ι

336 2128 427 2185 46.
471 2130 671 2188 Fateor
716 2130 992 2188 dilectioni
1033 2144 1235 2189 vestra:
1286 2147 1408 2189 cum
1441 2133 1542 2189 ista
1592 2133 1859 2203 legerem,

266 2219 458 2280 latitia
490 2233 715 2296 repente
743 2224 994 2297 perfusus
1024 2240 1168 2293 sum,
1201 2226 1346 2297 quod
1372 2225 1469 2282 Dei
1497 2228 1727 2295 gratiam
1757 2241 1863 2281 non

266 2327 528 2389 negaret,
583 2334 680 2388 per
721 2334 884 2391 quam
930 2318 1101 2375 solam
1140 2317 1304 2374 homo
1343 2318 1628 2389 iusﬁﬁcari
1669 2327 1864 2389 potest,

269 2410 373 2466 huc
399 2412 543 2468 enim
577 2412 627 2468 in
661 2412 1122 2485 disputationibus
1147 2412 1331 2468 talium
1363 2412 1597 2468 maxime
1622 2413 1864 2469 detestor

268 2516 324 2563 et
346 2507 674 2572 borrco,scd
701 2523 934 2581 pergens
964 2508 1148 2580 legere
1174 2516 1396 2575 caetera,
1418 2507 1596 2576 primo
1626 2523 1692 2563 ex
1723 2506 1865 2562 datis

266 2598 716 2656 similitudinibus
751 2602 890 2673 εαξνί
927 2600 1129 2657 habere
1177 2609 1506 2671 suspectum.
1545 2601 1632 2655 Ait
1676 2600 1819 2655 enim
1849 2617 1861 2653 :

275 2711 296 2746 ι
318 2691 346 2730 δ
365 2692 518 2749 Nunc
532 2694 576 2749 si
593 2693 802 2761 dixero,
823 2692 984 2750 homo
1005 2693 1282 2765 disputare
1299 2702 1499 2764 posest,
1519 2693 1633 2761 avis
1654 2692 1864 2760 volate,

268 2784 424 2857 lepus
449 2801 692 2853 currere,
744 2796 799 2843 et
826 2803 931 2843 non
965 2787 1126 2843 etiam
1161 2803 1257 2859 per
1279 2803 1398 2859 qua:
1427 2787 1542 2843 haec
1572 2787 1715 2843 efﬁci
1743 2802 1867 2858 pos-

270 2879 382 2934 sint
408 2894 929 2950 commcmoravero,
964 2881 1015 2936 id
1043 2890 1148 2948 est,
1181 2881 1439 2953 linguam,
1472 2879 1607 2949 alas,
1655 2881 1818 2953 pedes
1848 2900 1860 2936 :

269 2986 400 3028 num
447 2986 547 3043 ego
596 2971 900 3028 ofﬁciorum
932 2973 1224 3044 qualitates
1266 2971 1496 3043 negavi,
1546 2972 1637 3045 qui
1684 2971 1865 3029 ofﬁcia

271 3062 388 3135 ipsa
414 3063 699 3120 confessus
727 3066 893 3121 sum?
923 3084 942 3119 ι
1001 3065 1224 3122 Videtur
1251 3076 1398 3122 certe
1428 3065 1547 3122 lucc
1574 3081 1697 3122 eum
1723 3081 1868 3123 com-

268 3171 638 3222 memorasse,
691 3172 810 3228 quae
840 3165 1031 3213 natura
1064 3158 1243 3214 valent
1271 3203 1286 3227 ,
1335 3166 1517 3215 creata
1565 3168 1691 3216 sunt
1720 3158 1864 3215 enim

1970 1944 2253 2001 Dominum
2275 1944 2439 2000 Deum
2456 1954 2686 1999 nostrum
2704 1943 2870 1998 donec
2885 1943 3186 1997 misereatur
3207 1940 3370 1995 nostri
3385 1943 3405 2010 (
3416 1938 3564 1996 Psal.

1968 2053 2112 2094 csxn
2140 2079 2154 2099 .
2185 2036 2265 2108 2).
2308 2037 2494 2109 Magna
2523 2048 2577 2091 ct
2605 2045 2750 2092 certa
2778 2044 2863 2092 est
2886 2034 2953 2092 de
2981 2034 3314 2106 perfectione
3340 2032 3561 2101 fiducia,

1968 2144 2089 2185 cum
2131 2131 2477 2199 omnipotens
2516 2128 2643 2184 facit
2671 2129 2813 2201 quod
2844 2136 3000 2200 optat
3026 2127 3294 2184 inﬁrmus.
3326 2125 3565 2183 Rursus-

1968 2240 2074 2296 que
2106 2240 2309 2295 magna
2332 2232 2388 2279 et
2426 2231 2573 2279 certa
2615 2232 2696 2279 est
2733 2223 2803 2279 de
2835 2223 3248 2279 conﬁrmatione
3276 2221 3563 2289 securitas,

1968 2332 2089 2374 cum
2120 2319 2463 2387 oniuipotens
2493 2325 2711 2386 servat,
2761 2331 2861 2372 nec
2897 2316 3071 2387 perdit
3105 2314 3380 2384 inﬁrmos,
3425 2316 3566 2370 sicut

1967 2413 2231 2484 scriptum
2259 2420 2342 2469 est
2368 2430 2380 2465 :
2414 2410 2482 2464 Ei
2506 2421 2680 2465 autem
2703 2412 2792 2482 qui
2815 2420 2977 2482 potest
3005 2411 3181 2466 omnia
3211 2409 3567 2466 abundantius

1968 2512 2137 2580 facere
2164 2524 2325 2579 quam
2347 2508 2571 2579 petimus
2593 2515 2641 2561 et
2668 2505 3042 2579 intelligimus,
3089 2488 3374 2561 secundum
3399 2504 3566 2557 virtue

1968 2611 2069 2659 tem
2097 2620 2199 2674 qua
2229 2612 2476 2673 aperatur
2502 2602 2555 2655 in
2585 2600 2733 2656 nobis
2756 2616 2775 2655 :
2796 2600 2899 2671 ipsi
2925 2599 3097 2672 gloria
3126 2600 3181 2654 in
3208 2598 3412 2654 Christo
3436 2596 3565 2652 .Iesu

1970 2696 2189 2770 (Ephes.
2223 2712 2314 2762 ιιι,
2340 2695 2413 2752 20
2432 2738 2447 2763 ,
2474 2693 2591 2765 2|).
2633 2694 2996 2764 Quamobrem
3041 2694 3302 2751 admonet
3329 2696 3567 2765 Aposto-

1969 2792 2054 2849 lus
2080 2811 2091 2846 :
2122 2791 2252 2858 Qua!
2271 2808 2479 2846 sursum
2506 2798 2624 2846 sunt
2652 2791 2818 2863 sapite
2835 2832 2851 2857 ,
2889 2806 2992 2845 non
3020 2805 3136 2861 qua:
3160 2805 3314 2861 super
3331 2798 3521 2844 terram
3545 2802 3566 2844 .'

1968 2885 2162 2939 mortui
2178 2884 2317 2939 enim
2340 2885 2462 2938 estis
2482 2893 2531 2938 et
2555 2884 2662 2938 rita
2685 2893 2849 2939 vestra
2865 2882 3167 2939 abscondita
3190 2892 3265 2938 est
3285 2881 3568 2939 cumCltri—

1968 2986 2047 3034 sto
2073 2977 2131 3032 in
2157 2974 2289 3032 Deo.
2335 2974 2460 3032 Cum
2484 2975 2717 3031 Christus
2744 2978 3045 3046 apparuerit
3072 2979 3173 3033 vita
3200 2989 3370 3033 vestra
3392 3022 3407 3047 ,
3441 2986 3565 3032 tunc

1967 3080 2017 3124 et
2031 3086 2117 3124 vos
2135 3068 2448 3140 apparebitis
2471 3082 2585 3121 eum
2603 3069 2738 3138 ipso,
2766 3069 2821 3122 in
2841 3068 3010 3140 gloria
3024 3068 3250 3140 (Coloss.
3276 3085 3355 3137 tu,
3372 3068 3516 3141 2-4).

2040 3164 2130 3220 47.
2175 3162 2311 3218 Vita:
2337 3161 2545 3218 fructus
2571 3172 2653 3217 est
2681 3162 2942 3220 sanctitas
2969 3181 2980 3216 :
3015 3163 3274 3218 sanctitas
3298 3177 3427 3218 vero
3454 3173 3562 3227 est,

269 3249 387 3306 Ιιιηο
415 3249 654 3306 membra
688 3250 998 3320 huiusmodi
1024 3251 1256 3320 naturis,
1281 3252 1482 3321 lingua,
1515 3251 1637 3319 alte,
1670 3250 1861 3322 pedes,
1892 3233 1938 3298 Ο
1969 3274 2090 3316 esse
2118 3258 2236 3314 sine
2266 3264 2510 3328 peccato,
2553 3255 2608 3312 Si
2650 3270 2781 3326 ergo
2813 3254 3239 3326 incorruptionis
3265 3254 3437 3327 gloria
3469 3255 3563 3309 ab.

266 3358 377 3400 non
412 3343 517 3399 tale
539 3342 740 3414 al'quid
770 3343 983 3414 posuit,
1029 3345 1187 3414 quale
1215 3344 1280 3399 de
1306 3345 1478 3414 gratia
1511 3345 1736 3416 intelligi
1765 3360 1860 3401 vo-

263 3437 446 3496 lumus
470 3480 484 3503 ,
529 3437 648 3495 sine
675 3453 778 3508 qua
817 3436 980 3495 homo
1010 3455 1117 3494 nou
1149 3438 1510 3509 iustiﬁcetur:
1556 3440 1645 3496 ubi
1672 3440 1739 3497 de
1768 3457 1862 3498 sa-

265 3531 483 3597 nandis,
513 3547 621 3587 non
651 3531 721 3589 de
748 3532 1097 3589 instituendis
1131 3533 1341 3589 naturis
1365 3535 1564 3604 agitur.
1598 3534 1734 3590 lliuc
1749 3534 1860 3605 iam

268 3636 292 3664 ε
325 3639 430 3697 ego
457 3625 722 3681 sdlicitus
757 3625 900 3696 ccepi
945 3625 1043 3696 leg.
1062 3641 1124 3682 re
1155 3633 1211 3681 et
1238 3637 1435 3682 castora
1461 3667 1476 3691 ,
1527 3636 1583 3683 et
1624 3643 1711 3684 me
1752 3644 1860 3683 non

264 3719 404 3776 falso
438 3721 677 3791 comperi
714 3720 1081 3790 suspicatum:
1131 3735 1240 3790 quo
1272 3720 1583 3792 priusquam
1621 3722 1858 3790 veniam,

263 3812 446 3868 videte
490 3811 616 3884 quid
660 3810 880 3868 dixerit.
922 3811 1058 3867 Cum
1105 3819 1362 3868 tractaret
1397 3812 1751 3884 qumstionem
1791 3812 1861 3870 de

261 3907 568 3965 differentia
599 3915 941 3978 peccatorum
962 3948 978 3973 ,
1033 3915 1087 3962 et
1116 3904 1384 3977 obiiceret
1411 3905 1510 3961 sibi
1537 3948 1552 3972 ,
1606 3924 1626 3958 ι
1653 3902 1678 3943 «³
1714 3906 1878 3978 quod

260 4002 510 4075 quaedam
538 4016 683 4072 sape
712 4001 960 4067 irruaut,
1011 4014 1119 4055 non
1161 4015 1320 4070 posse
1359 4011 1552 4055 cuncta
1599 3999 1800 4067 vitari;
1831 4019 1851 4054 ι

262 4096 479 4169 negavit
506 4095 706 4152 debere
739 4114 757 4148 ι
790 4095 977 4166 argui,
1012 4110 1079 4149 ne
1107 4095 1208 4151 levi
1239 4094 1461 4166 quidem
1489 4095 1854 4165 correptione,

268 4194 315 4248 sl
355 4191 510 4247 vitari
550 4189 772 4245 omnino
804 4204 909 4245 non
952 4200 1172 4258 possunt
1203 4206 1215 4241 :
1251 4209 1270 4242 ι
1323 4188 1633 4259 Scripturas
1673 4189 1857 4262 utique

261 4301 372 4342 non
403 4284 693 4340 advertens
723 4282 848 4338 novi
877 4280 1218 4338 Testatnenti
1249 4281 1340 4337 ubi
1381 4290 1405 4318 ι’
1434 4280 1856 4354 didicimus],si-

256 4391 351 4438 cut
376 4378 667 4451 Apostolus
691 4376 763 4431 ait
791 4394 803 4429 :
848 4374 1116 4446 Numquid
1146 4375 1276 4429 dicet
1302 4374 1606 4445 figmentum
1626 4375 1672 4429 ei
1692 4375 1784 4447 qui
1804 4391 1857 4429 se

260 4472 436 4545 finxit,
466 4471 598 4543 quid
627 4486 706 4524 me
737 4467 902 4543 fecisti
926 4468 1003 4522 sic
1045 4466 1229 4541 (Rom.
1256 4483 1330 4535 ts,
1357 4465 1498 4537 20)?
1527 4466 1856 4523 lnlirmitatis

259 4567 310 4623 ei
342 4565 560 4638 querela
592 4563 826 4635 proprire
847 4560 1061 4619 virtutis
1082 4560 1306 4617 ambitio
1325 4569 1410 4617 est
1426 4602 1441 4626 ,
1486 4559 1739 4631 quoniam
1764 4575 1856 4617 oc-

259 4661 406 4717 culte
435 4659 760 4730 adjutorium
793 4656 888 4713 Dei
923 4656 1159 4726 fastidit,
1211 4656 1299 4727 qui
1345 4655 1670 4723 peculiarem
1700 4655 1856 4713 forti-

258 4755 505 4815 tudinem
541 4753 755 4826 qua-rit.
812 4752 877 4809 Et
908 4750 997 4807 hic
1023 4750 1274 4806 diabolus
1304 4756 1424 4816 est,
1458 4749 1551 4821 qui
1576 4749 1734 4819 dicit,
1779 4751 1854 4807 vi-

257 4849 410 4905 ribus
433 4845 645 4902 faciam.
674 4845 788 4917 Ego
807 4852 991 4900 autem
1013 4842 1311 4899 secundum
1334 4841 1674 4911 Apostolum,
1689 4843 1854 4916 632

257 4940 520 5013 gloriabor
548 4953 767 5009 semper
800 4937 855 4992 in
892 4934 1282 5006 inﬁrmitatibus
1321 4935 1448 4988 meis
1502 4933 1571 5006 (ιι
1601 4933 1722 4991 Cor.
1755 4951 1851 5002 xu,

257 5032 315 5104 9)
336 5050 351 5088 :
381 5041 439 5087 ut
462 5045 682 5101 semper
700 5028 846 5085 dicat
862 5043 959 5083 cor
975 5041 1155 5082 meum
1176 5025 1288 5081 Deo
1308 5043 1321 5079 :
1346 5024 1373 5079 1
1383 5043 1415 5078 u
1439 5024 1722 5080 velamento
1739 5027 1854 5081 ala-

253 5142 376 5181 rum
400 5136 607 5182 tuarum
627 5122 919 5190 exsultabo,
942 5121 1161 5177 adhwsit
1183 5121 1362 5175 anima
1382 5136 1496 5175 mea
1523 5129 1638 5190 post
1659 5130 1710 5174 te
1730 5137 1748 5175 :
1774 5137 1854 5177 mc

253 5219 482 5293 suscepit
507 5220 715 5275 dextera
735 5226 825 5272 tua
851 5214 1033 5290 (Psal.
1062 5229 1195 5281 Lstt,
1217 5215 1296 5286 8).
1329 5211 1484 5271 Unde
1509 5224 1564 5270 et
1586 5212 1848 5285 scriptum

329 5375 353 5402 ιι
394 5362 472 5418 Ita
498 5360 778 5418 Scbottus.
813 5359 917 5415 BB.
949 5368 1005 5416 et
1030 5356 1285 5414 Galland.
1305 5398 1320 5424 ,
1351 5356 1397 5427 ei
1414 5358 1553 5427 jam.

327 5434 357 5476 ι)
400 5435 477 5488 Ita
502 5432 778 5489 Scltottus.
808 5430 910 5486 BB.
943 5442 997 5485 et
1027 5427 1303 5495 G.tlland.,
1340 5425 1500 5481 Nam.

330 5518 354 5545 π
398 5505 494 5561 l-lic
522 5519 738 5575 quoque
764 5501 1001 5575 Schotto
1029 5502 1372 5557 assentimus.
1418 5496 1671 5554 Galland.
1692 5512 1850 5555 -vero

252 5578 363 5636 BB.
388 5574 624 5648 sequens
641 5590 811 5648 ,_ergo
930 5574 1096 5648 legere
1121 5582 1328 5648 cattera.

325 5648 352 5689 ά
394 5641 496 5704 Ed".
527 5641 798 5716 BBJIcg'it
833 5641 997 5700 aliter
1019 5641 1163 5716 hunc
1199 5645 1406 5705 locum,
1438 5641 1678 5716 scilicet,
1704 5641 1849 5716 quod

252 5721 474 5795 quidam
504 5720 691 5795 dicunt
713 5712 746 5785 ,⁷
766 5718 900 5795 levia
932 5714 1182 5786 quaedam
1216 5726 1432 5795 pegcata
1465 5712 1580 5781 ipsa
1609 5712 1850 5795 muliitu-

251 5782 416 5857 dine,
464 5790 609 5862 quod
647 5782 801 5862 stupe
833 5782 1090 5862 irritant,»
1106 5782 1227 5862 etc.
1279 5785 1368 5862 S_'tc
1406 5800 1621 5854 quoque
1652 5782 1855 5862 habent

253 5856 551 5924 Scltottﬁct
577 5856 825 5922 Galland.
853 5899 870 5933 ,
921 5860 1011 5933 qui
1042 5856 1401 5918 dib‘erentiam
1431 5870 1741 5914 ittetnoraus
1771 5856 1855 5912 di-

1966 3352 2214 3410 scondita
2242 3361 2326 3408 est
2357 3351 2424 3406 ab
2476 3350 2730 3406 omnibus
2755 3349 3065 3406 hominibus
3093 3350 3145 3405 in
3168 3349 3274 3406 hoc
3295 3357 3562 3419 tempore,

1969 3455 2025 3504 tu
2052 3446 2324 3519 quomodo
2357 3445 2458 3500 ltoc
2487 3445 2681 3501 eodem
2713 3453 2959 3516 tempore
3003 3446 3119 3513 ipsa
3151 3444 3564 3515 incorruptione

1967 3556 2129 3614 posse
2152 3551 2203 3596 te
2219 3537 2537 3611 superindui
2552 3537 2840 3609 gloriaris?
2862 3536 3010 3594 Sicut
3032 3537 3175 3592 enim
3199 3536 3563 3607 corruptionis

1967 3632 2295 3706 principium
2321 3632 2414 3686 fuit
2442 3630 2646 3685 ltomini
2672 3629 2945 3685 declinare
2970 3630 3024 3684 in
3048 3639 3355 3699 peccatum,
3382 3628 3453 3683 ita
3481 3628 3561 3684 in-

1964 3725 2333 3795 corruptiouis
2357 3723 2567 3778 initium
2590 3723 2716 3785 erit,
2742 3737 2847 3776 non
2876 3720 3077 3777 habere
3100 3730 3401 3792 peccatum.
3428 3719 3562 3787 Quis

1964 3835 2097 3890 ergo
2111 3818 2240 3875 illud
2251 3816 2647 3887 anteiudicium
2665 3815 2760 3871 Dei
2771 3815 3079 3886 abscondit,
3094 3825 3185 3870 aut
3196 3814 3266 3871 de
3278 3816 3400 3872 sinu
3410 3813 3561 3871 Chri-

1963 3913 2031 3968 sti
2063 3911 2305 3975 abstulit,
2339 3918 2395 3965 et
2428 3909 2526 3964 tibi
2560 3906 2820 3964 tradidit?
2858 3910 2941 3963 An
2974 3906 3116 3963 forte
3142 3907 3265 3979 quia
3302 3923 3410 3963 non
3445 3924 3559 3963 meo

1963 4016 2113 4062 retur
2134 4019 2253 4060 eam
2281 4002 2445 4075 633
2467 4001 2520 4057 in
2547 4001 2727 4056 lutttro
2749 3999 2818 4056 de
2845 4015 3007 4056 manu
3026 3999 3238 4056 Domini
3262 3998 3558 4070 intelligis?

1963 4099 2092 4156 Haec
2123 4112 2482 4170 prmsnmntus
2514 4095 2734 4151 instruit
2763 4094 2986 4163 Paulus,
3018 4104 3073 4150 et
3096 4095 3264 4151 dicit:
3304 4093 3433 4151 Cum
3461 4112 3560 4149 an-

1961 4202 2062 4248 tem
2108 4189 2324 4246 mortale
2354 4189 2452 4245 hoc
2503 4189 2736 4243 induerit
2779 4188 3253 4244 immortalitatem:
3298 4198 3421 4244 tunc
3472 4190 3562 4260 ﬁet

1960 4300 2131 4340 sermo
2156 4284 2244 4353 qui
2272 4284 2495 4356 scriptus
2521 4291 2621 4351 est,
2646 4281 2899 4355 Absorpta
2922 4291 2997 4337 est
3021 4299 3158 4336 mors
3187 4282 3240 4336 in
3265 4282 3558 4337 victoriam.

1965 4377 2066 4434 Ubi
2091 4387 2166 4434 est
2189 4394 2326 4433 mors
2352 4378 2563 4432 victoria
2591 4379 2721 4433 tua?
2751 4375 2851 4432 Ubi
2879 4387 2955 4431 est
2979 4392 3118 4432 mors
3138 4376 3378 4432 stimulus
3399 4386 3517 4432 tntts
3536 4377 3562 4431 ?

1961 4470 2222 4527 Stimulus
2242 4478 2411 4524 autem
2435 4470 2613 4524 mortis
2637 4480 2901 4542 peccatum
2919 4478 2992 4524 est
3018 4468 3065 4542 (l
3078 4466 3199 4524 Cor.
3221 4484 3313 4534 xv,
3342 4468 3555 4539 Pii-5'6).

1961 4564 2067 4621 Per
2095 4566 2243 4632 quod
2294 4562 2534 4619 ostendit
2577 4562 2871 4633 Apostolus
2897 4605 2912 4630 ,
2965 4562 3112 4617 nullo
3143 4562 3303 4618 modo
3330 4569 3558 4618 eatenus

1880 4633 1936 4696 Ῑ)
1958 4670 2287 4730 quemquam
2320 4655 2586 4711 insultare
2611 4669 2770 4725 posse
2796 4655 2965 4710 morti
2992 4663 3155 4725 atque
3185 4668 3430 4724 peccato,
3462 4655 3565 4710 dn-

1961 4766 2065 4808 nec
2089 4749 2480 4805 mortalitatem
2524 4746 2929 4813 immortalitas,
2957 4757 3011 4803 et
3038 4750 3442 4819 corruptionem
3478 4749 3560 4804 itt-

1959 4844 2240 4916 corruptio
2266 4851 2670 4913 consequatur:
2704 4851 2757 4897 et
2786 4841 2872 4897 ubi
2907 4841 3224 4899 infirmitate
3250 4842 3426 4899 deleta
3456 4844 3559 4898 vir-

1961 4947 2048 4994 tus
2070 4937 2313 5010 perfecta
2335 4934 2599 5004 succedit,
2633 4934 2722 4990 ubi
2753 4949 2858 4991 non
2885 4937 2990 4991 erit
3023 4937 3294 4993 masculus
3321 4950 3376 4992 et
3403 4935 3557 4993 leuti-

1960 5047 2051 5100 na,
2084 5030 2178 5087 sed
2202 5038 2364 5085 erunt
2392 5043 2584 5085 omnes
2610 5027 2822 5084 similes
2850 5028 3058 5100 angelis
3111 5029 3223 5085 Dei.
3260 5028 3430 5084 Porro
3460 5043 3557 5083 au-

1960 5132 2068 5181 tem
2120 5122 2167 5177 si
2210 5123 2337 5193 quis
2384 5122 2494 5191 iam
2551 5121 2605 5177 in
2660 5130 2868 5175 tantum
2918 5122 3193 5176 cumulum
3250 5120 3554 5177 sanctitatis

1957 5217 2224 5274 excrescit
2248 5260 2262 5285 ,
2297 5224 2357 5271 ut
2396 5216 2583 5271 vivens
2614 5215 2667 5271 in
2697 5213 2801 5270 hac
2823 5229 3020 5279 carne,
3050 5214 3133 5270 vel
3166 5214 3468 5271 masculum
3493 5229 3555 5271 se

1952 5355 2028 5412 cit
2053 5375 2065 5410 :
2124 5374 2143 5408 ι
2172 5358 2239 5411 At
2273 5355 2697 5425 llavercampus,
2728 5353 2865 5423 quod
2892 5355 3134 5425 qmedam
3159 5369 3293 5426 stepe
3324 5354 3551 5419 irruaut,

1952 5437 2059 5501 etc.
2104 5428 2325 5501 Scilicet
2358 5442 2641 5501 perperam
2683 5427 2920 5501 qutedam
2954 5426 3343 5501 proguidam,
3385 5433 3552 5501 atque

1954 5500 2275 5556 intermedia
2298 5497 2471 5563 usque
2496 5497 2562 5553 ad
2584 5513 2719 5569 stupe
2741 5498 2948 5552 irruant
2967 5497 3268 5569 oscitanter
3288 5498 3509 5569 omissa.
3524 5517 3543 5552 ι

2028 5581 2053 5609 ι’
2094 5570 2348 5626 Dicimus.
2376 5570 2452 5626 Ita
2475 5570 2607 5632 ΒΒ..
2631 5567 2720 5637 qui
2745 5578 2922 5625 tamen
2947 5568 3241 5639 cottiiciunt
3265 5567 3548 5637 legendum

1955 5643 2224 5698 discimus.
2277 5641 2486 5699 Schott.
2539 5651 2596 5697 ct
2633 5641 3022 5710 llavercamp.,
3078 5641 3374 5695 didicimus.
3418 5639 3549 5696 Post

1955 5714 2201 5775 dicimus,
2233 5714 2415 5769 statim
2449 5712 2676 5782 legimus
2700 5712 2838 5781 apud
2868 5713 3250 5781 Augustinum,
3279 5711 3414 5765 hanc
3438 5728 3548 5766 esse

1954 5786 2308 5847 intentionem,
2339 5792 2473 5849 etc.,
2498 5799 2619 5854 qua:
2641 5783 2792 5854 initio
2814 5783 2975 5852 huius
2996 5784 3238 5854 escerpti
3262 5784 3547 5849 babentur,

1958 5865 2019 5913 ut
2048 5872 2114 5914 eo
2142 5857 2243 5912 loci
2273 5853 2603 5913 monuimus.
2642 5853 2977 5929 6Λῑ.1.ιιιιιι.“λ
