4060 6352
480 272 615 331 1211

1900 268 2106 326 PAULI
2144 269 2369 329 OROSII

3645 275 3784 337 ηιξ

479 400 621 450 esse,
656 385 739 442 vel
771 384 1029 443 feminam
1058 386 1286 453 nesciat,
1317 385 1364 442 si
1388 386 1501 458 jam
1535 383 1850 456 plenissima
1871 383 1953 439 sui
1982 398 2079 455 pu—
2106 378 2308 446 A‘neat
2334 385 2400 443 ad
2428 388 2616 455 vitem,
2652 405 2761 446 non
2787 388 2966 447 solum
3002 400 3061 447 ut
3091 390 3289 462 possit,
3316 404 3506 447 verum
3531 390 3694 447 etiam
3724 401 3793 453 ut

482 479 645 534 ritate
674 489 927 550 percepta
953 519 968 547 ,
1014 494 1112 535 nec
1143 477 1354 534 habens
1375 477 1700 533 vestimenta
1732 473 1978 546 sordida,
2010 473 2086 530 si-

482 571 628 626 milis
659 584 742 627 est
764 571 975 643 angelis
1007 572 1124 636 Dei,
1149 581 1204 626 et
1232 573 1276 627 si
1301 570 1412 643 jam
1439 570 1528 625 illa
1559 586 1679 642 qua:
1699 570 1971 643 promissa
2000 578 2087 625 est

483 665 691 719 sanctis
717 663 768 718 in
799 665 1036 733 Speciem
1062 665 1195 720 solis
1224 665 1473 719 claritate
1500 662 1887 729 circumdatur,
1922 662 2085 732 digne

485 753 625 809 hanc
658 754 1045 826 perfectionem
1076 771 1183 810 non
1227 768 1393 820 voce,
1433 755 1529 810 sed
1562 754 1747 810 habitu
1778 752 2080 827 proﬁtezur.

488 845 875 902 Verumtamen
907 848 1261 918 pt'arsumptio
1290 847 1391 903 ista
1417 846 1652 919 perditio
1679 856 1797 903 est:
1829 846 1957 918 quin
1990 861 2084 917 po-

487 941 593 995 tius
635 938 944 1009 hujusmodi
989 939 1195 996 homini
1243 941 1503 1010 expedit,
1548 952 1603 996 ut
1634 957 1739 995 non
1772 957 1927 995 suum
1955 956 2082 1009 cor,

488 1033 581 1088 sed
610 1032 857 1100 Paulum,
878 1034 1196 1103 magistrum
1215 1035 1480 1105 gentium,
1507 1033 1689 1088 audiat
1718 1043 1776 1089 et
1804 1042 2086 1102 sequatur,

493 1127 761 1196 simulque
790 1137 911 1182 oret
942 1142 1064 1180 cum
1096 1141 1183 1192 eo,
1210 1127 1297 1181 cui
1331 1125 1510 1181 oranti
1544 1126 1867 1196 reSpondeat
1906 1124 2087 1178 Domi—

490 1235 593 1275 nus
617 1236 630 1272 :
657 1218 871 1291 Sufficit
900 1220 989 1273 tibi
1009 1219 1182 1290 gratia
1214 1235 1326 1274 mea
1344 1236 1364 1275 :
1392 1220 1552 1274 virtus
1582 1228 1759 1273 autem
1792 1219 1843 1271 iu
1871 1218 2093 1289 inﬁrmi-

494 1320 599 1365 tate
624 1312 891 1385 per/icitur
919 1310 987 1383 (ll
1013 1312 1133 1367 Cor.
1173 1328 1271 1380 xu,
1302 1310 1378 1383 9).

566 1404 661 1461 48.
705 1406 890 1477 Itaque
934 1404 1079 1476 quod
1132 1407 1312 1461 solum
1363 1416 1410 1461 et
1447 1404 1500 1461 in
1544 1422 1651 1478 quo
1695 1404 1813 1462 solo
1862 1398 2093 1462 liberum

494 1499 776 1554 arbitrium
801 1498 1017 1572 proficit
1044 1517 1056 1553 :
1093 1498 1333 1570 praebeat
1359 1514 1419 1555 se
1451 1500 1818 1571 unusquisiiue
1846 1510 2096 1556 nostrum

498 1594 607 1650 Deo
641 1602 843 1649 terram
866 1593 1226 1648 voluntariam
1258 1611 1272 1647 :
1308 1592 1404 1647 Dei
1448 1602 1618 1648 autem
1662 1591 1978 1665 agricultura
2006 1584 2096 1647 su;

495 1705 653 1744 mus:
707 1674 804 1743 Dei
846 1688 1128 1758 aediﬁcatio
1174 1705 1352 1743 sumus
1386 1687 1428 1760 (1
1454 1686 1575 1743 Cor.
1623 1703 1697 1757 tu,
1732 1687 1813 1760 9).
1846 1686 2018 1742 Mittat
2047 1688 2097 1742 in

2188 479 2305 534 sit?
2346 480 2596 554 Alioquin
2624 483 2892 538 excidetur
2921 494 2968 539 et
3008 485 3062 539 in
3092 485 3264 557 ignem
3302 486 3535 540 mittetur
3565 485 3788 557 (Matth.

2187 586 2266 637 ιιι,
2297 570 2409 642 10).
2445 572 2562 629 Non
2588 574 2733 631 enim
2764 575 2997 647 palmes,
3028 575 3122 632 sed
3154 575 3282 632 vitis
3312 586 3528 646 potest:
3562 585 3619 633 et
3645 577 3789 647 quod

2187 665 2314 721 vitis
2336 675 2537 736 potest,
2568 668 2777 739 palmes
2803 668 3065 747 ostendit:
3094 667 3310 726 Sufﬁcit
3338 684 3472 740 ergo
3500 670 3793 741 unicuique

2189 766 2246 813 ut
2273 758 2488 815 habeat.
2519 760 2590 815 At
2616 775 2748 817 vero
2762 761 2915 818 unde
2947 773 3000 818 et
3028 762 3120 819 ubi
3159 761 3356 818 habeat
3380 803 3395 829 ,
3427 771 3483 818 et
3512 760 3795 818 humiliter.

2187 859 2473 919 agnoscat,
2505 861 2559 909 et
2587 852 2861 923 patienter
2903 862 3158 925 expetat:
3195 869 3264 910 ne
3292 853 3422 909 dum
3454 869 3561 910 non
3595 854 3795 923 habet,

2191 953 2245 997 et
2273 940 2477 999 habere
2504 959 2564 999 se
2591 944 2808 1011 credit,
2851 944 3087 1018 idipsum
3119 946 3260 1015 quod
3304 946 3467 1003 habet
3512 946 3797 1011 auferatur,

2192 1036 2261 1093 ab
2304 1051 2391 1092 eo.
2441 1037 2682 1094 Primum
2727 1038 3004 1096 hominem
3052 1051 3372 1111 peccantem
3428 1040 3498 1096 dc
3544 1040 3798 1112 paradiso

2194 1131 2357 1203 eiecit
2386 1132 2523 1188 Deus
2543 1174 2559 1199 ,
2587 1132 2784 1189 deinde
2830 1135 2887 1189 in
2914 1149 3075 1191 cruce
3119 1133 3432 1193 credentem
3479 1136 3716 1205 primum
3745 1136 3799 1191 iu

2198 1225 2507 1299 paradisum
2534 1228 2783 1285 Chrisms
2808 1227 3039 1284 induxit.
3064 1228 3265 1285 Merito
3289 1243 3424 1300 ergo
3448 1229 3715 1299 quamdiu
3746 1229 3801 1285 in

2201 1321 2451 1393 paradiso
2482 1338 2588 1376 non
2620 1336 2772 1387 sum,
2820 1330 2876 1376 et
2905 1320 2960 1376 iu
2997 1333 3136 1378 terra
3176 1321 3632 1392 peregrinationis
3671 1321 3804 1379 Ada

2199 1427 2414 1484 maneo,
2439 1411 2559 1470 sine
2584 1422 2807 1484 peccato
2834 1430 2920 1470 me
2949 1428 3072 1470 esse
3098 1429 3205 1470 non
3234 1413 3421 1470 credo.
3449 1413 3507 1470 Si
3534 1421 3717 1469 autem
3749 1415 3807 1475 iu

2203 1505 2507 1578 paradisum
2529 1505 2699 1578 gratia
2728 1506 2825 1564 Dei
2853 1506 3134 1564 traductus
3158 1506 3346 1564 fuero:
3374 1506 3448 1562 ibi
3468 1506 3810 1579 perfectione

2204 1613 2344 1670 mea,
2371 1608 2425 1655 et
2446 1607 2622 1656 morte
2649 1609 2929 1671 superata,
2956 1610 3290 1672 peccatoque
3313 1599 3515 1665 deleto,
3540 1610 3806 1656 aeternam

2206 1694 2261 1748 in
2287 1701 2582 1764 conspectu
2613 1692 2710 1750 Dei
2757 1693 3014 1765 potentiae
3040 1692 3160 1764 ejus
3198 1693 3432 1764 gloriam
3472 1690 3809 1763 praedicabo.

499 1800 688 1856 agrum
717 1798 873 1840 suum
918 1798 1105 1838 semen
1140 1782 1403 1850 verbum,
1449 1782 1636 1836 credat
1667 1783 1716 1837 in
1749 1782 1915 1837 corde
1935 1826 1948 1850 ,
1985 1783 2100 1853 ipse
2133 1771 2174 1833 Β
2206 1786 2332 1842 llacc
2355 1801 2485 1858 ergo
2515 1796 2573 1842 ut
2594 1786 2764 1857 potui,
2790 1785 3096 1842 beatissimi
3118 1784 3459 1850 sacerdotes,
3488 1799 3654 1840 causa
3683 1782 3809 1861 ﬁdei

500 1879 728 1947 plantet,
763 1878 877 1947 ipse
903 1875 1062 1949 riget,
1092 1876 1208 1947 ipse
1251 1876 1525 1941 fecundat,
1555 1876 1668 1946 ipse
1693 1877 1897 1932 tribuat
1926 1878 2101 1932 incre-

502 1980 767 2039 mentum,
798 1969 889 2041 qni
921 1979 1005 2025 est
1035 1985 1200 2025 verus
1230 1968 1488 2040 agricola.
1522 1968 1673 2037 Quod
1714 1969 1887 2024 solum
1921 1980 2100 2027 tamen

502 2060 554 2115 iu
591 2060 746 2117 nobis
779 2072 959 2131 potest
1004 2059 1311 2116 voluntaria
1340 2062 1589 2129 devotio,
1625 2061 1690 2117 ad
1716 2063 2101 2118 continendam

502 2156 556 2211 in
590 2170 648 2210 se
682 2155 919 2210 radicem
964 2155 1193 2210 seminis
1236 2164 1291 2211 et
1331 2155 1652 2210 nutriendos
1698 2156 1892 2212 uberes
1920 2165 2103 2226 partus

503 2247 734 2303 fideliter
783 2246 1162 2303 subministret
1190 2290 1203 2315 ,
1254 2262 1581 2318 souiperque
1623 2248 1962 2303 orationibus
1993 2249 2105 2305 suis

501 2340 804 2412 agricolam
835 2356 1015 2413 suum,
1052 2358 1119 2398 ne
1147 2341 1407 2397 inimicus
1434 2341 1638 2397 zizania
1663 2328 2106 2413 superseminare

507 2430 698 2505 possit,
728 2434 1044 2490 exsuscitet.
1076 2432 1201 2490 Haec
1228 2436 1297 2490 sit
1332 2435 1450 2506 ejus
1481 2436 1533 2489 in
1567 2450 1737 2504 apere
1785 2434 1881 2490 Dei
1907 2438 2109 2507 coepe-

508 2526 676 2593 ratio,
710 2541 831 2581 cum
880 2540 976 2597 Spe
1005 2541 1111 2584 non
1157 2526 1319 2582 dubia
1349 2538 1403 2583 et
1440 2527 1706 2583 charitate
1750 2528 1985 2591 sincera.
2017 2526 2109 2583 Ait

507 2618 651 2673 enim
691 2619 948 2674 Dominus
977 2616 1166 2676 Jesus:
1195 2618 1310 2691 Ego
1339 2638 1455 2675 sum
1482 2620 1619 2688 vitis,
1657 2638 1744 2676 vos
1775 2622 1896 2676 eatis
1922 2619 2111 2694 palmi-

509 2720 583 2766 tes
615 2708 797 2784 (Joan.
826 2729 913 2780 xv,
947 2711 1003 2785 5)
1031 2730 1045 2770 :
1077 2713 1459 2787 quodcumque
1488 2712 1673 2784 habet,
1697 2707 1765 2771 de
1790 2714 1897 2771 vite
1923 2702 2107 2770 habet.

512 2803 634 2858 Non
665 2804 798 2859 enim
822 2848 837 2872 ,
866 2806 1039 2880 inquit
1084 2805 1377 2877 Apostolus
1396 2849 1411 2875 ,
1444 2815 1501 2863 tu
1529 2804 1758 2862 radicem
1779 2818 1987 2880 portas,
2019 2800 2110 2864 sed

508 2898 664 2954 radiat
691 2913 739 2956 le
768 2901 946 2976 (Rom.
993 2919 1079 2973 ιι,
1116 2905 1227 2976 18).
1274 2903 1412 2977 Quid
1442 2922 1502 2964 se
1539 2921 1672 2978 ergo
1704 2908 1921 2966 extollit
1946 2908 2113 2984 635

513 2996 566 3053 in
599 2997 903 3069 fructibus,
932 3003 1023 3072 qui
1072 3002 1325 3059 videntur
1355 3004 1409 3062 in
1439 3020 1507 3062 eo
1528 3047 1543 3072 ,
1575 3021 1698 3064 cum
1732 3015 1903 3066 totum
1938 3010 2110 3082 perti-

585 3146 610 3173 ε·
652 3138 815 3196 Forte
841 3139 1145 3196 titillantur.
1175 3141 1422 3200 SCIIO’H'.

2205 1890 2260 1936 et
2287 1880 2646 1951 simplicitatis
2670 1880 2918 1950 exposui.
2953 1879 3071 1934 Non
3101 1878 3233 1934 mihi
3278 1889 3683 1944 succenseant,
3716 1877 3812 1948 qui

2208 1975 2496 2045 laeserunt,
2557 1975 2601 2029 si
2664 1974 2950 2044 in-aliquo
3001 1989 3096 2042 per
3150 1972 3591 2043 comparationes
3631 1970 3812 2026 nomi-

2208 2084 2335 2124 num
2362 2076 2387 2105 α
2421 2068 2725 2125 titulantnr.
2756 2066 2832 2124 De
2856 2067 3248 2139 quatsliouibus
3279 2080 3409 2122 vero
3430 2064 3815 2135 atquanimiter

2208 2165 2406 2234 ferant,
2440 2164 2743 2234 magisque,
2776 2159 2822 2216 si
2853 2161 3105 2217 timorem
3139 2159 3233 2215 Dei
3265 2158 3507 2224 habent,
3540 2157 3819 2229 gaudeant

2209 2269 2533 2326 responsum
2564 2255 2735 2311 fuisse
2767 2253 2910 2325 quod
2938 2269 3130 2310 verum
3159 2262 3266 2308 est.
3296 2251 3413 2322 Ego
3437 2292 3452 2318 ,
3504 2259 3644 2306 teste
3687 2249 3817 2306 Jesu

2209 2347 2451 2413 Christo,
2478 2347 2660 2403 odisse
2692 2362 2779 2402 me
2810 2345 2986 2401 fateor
3020 2343 3294 2411 haeresim,
3326 2358 3431 2398 non
3460 2342 3816 2399 harrcticum:

2211 2443 2330 2506 sed,
2357 2442 2498 2496 sicut
2523 2439 2730 2509 justum
2758 2450 2839 2495 cst
2860 2478 2876 2507 ,
2910 2435 3126 2495 interim
3154 2446 3374 2509 propter
3396 2433 3677 2499 bmresim,
3712 2432 3820 2489 hm-

2212 2534 2439 2590 reticum
2471 2533 2624 2588 vito:
2675 2531 2799 2603 quia
2833 2543 2883 2587 et
2916 2528 3166 2600 prohibui
3195 2571 3210 2595 ,
3243 2538 3293 2584 et
3324 2527 3587 2597 corripui.
3623 2525 3814 2581 Detes-

2218 2636 2360 2683 tetur
2380 2635 2437 2682 et
2468 2624 2711 2692 damnet,
2744 2638 2839 2679 ore
2862 2622 3070 2695 pariter
3098 2637 3159 2675 ac
3188 2635 3372 2686 manu,
3397 2628 3453 2675 et
3475 2616 3689 2673 cunctis
3721 2614 3822 2670 fra-

2218 2720 2483 2778 ternitatis
2506 2718 2722 2774 vinculo
2746 2716 3014 2774 hatrebit:
3059 2714 3186 2787 quia
3219 2713 3481 2783 scriptum
3514 2720 3637 2766 est:
3673 2707 3821 2763 Inri-

2215 2833 2323 2873 cem
2362 2831 2520 2872 onera
2560 2823 2731 2869 vestra
2778 2821 3017 2884 portate:
3053 2821 3100 2866 et
3147 2810 3222 2863 sic
3266 2805 3615 2879 adimplebitis
3662 2804 3822 2874 legem

2216 2908 2411 2967 Christi
2439 2906 2659 2980 (Matth.
2691 2921 2807 2974 χιιι,
2838 2903 2952 2975 12).

520 3296 3801 3332 _____________________________________.____

1055 3456 1666 3570 OROSII
1727 3454 1989 3571 ΔΙ)
2039 3446 2108 3571 Δ

2215 3436 3279 3568 D‘GUSTINUM

895 3642 1826 3743 CONSULTATIO
1904 3657 2198 3742 SIVE
2274 3650 3443 3742 COMMONITORIUM

1268 3820 1350 3872 DE
1393 3810 1647 3872 ERROBE
1692 3806 2375 3873 PRISCILLIANISTARUM
2422 3814 2502 3870 ET
2540 3808 3082 3870 DRIGENISTARUM.

518 3947 666 4020 (Non
697 3946 914 4001 habetur
940 3946 995 4001 in
1021 3947 1102 4001 ed.
1132 3944 1486 4017 Ifavercampi
1509 3946 1618 4001 haec
1648 3944 1995 4019 Consultatio,
2016 3963 2174 4019 quam
2200 3947 2551 4020 excerpsimus
2581 3962 2695 4000 cum
2725 3944 2859 3999 uotis
2885 3958 2952 3998 ea:
2978 3939 3250 3998 Gallandii
3275 3941 3525 3999 Biblioth.
3558 3953 3683 3998 tom.
3708 3938 3824 4010 IX.)

2030 4094 2036 4099 ,
2254 4094 2273 4096 _

619 4237 942 4295 Beatissimo
971 4234 1109 4307 patri
1146 4239 1456 4291 AUGUSTINO
1489 4233 1749 4306 episcopo
1774 4232 2030 4290 answs.
2149 4230 2198 4295 C
2230 4240 2405 4302 pater.
2438 4230 2706 4301 malignas
2735 4229 2975 4288 aliorum
3002 4228 3365 4300 plantationes
3391 4226 3478 4282 vel
3504 4225 3829 4283 iusertiones

605 4419 658 4473 1.
697 4418 816 4473 Jam
848 4415 1066 4488 quidem
1108 4428 1489 4486 suggesseram
1534 4411 1809 4470 sanctitati
1839 4421 1984 4475 tute.
2029 4409 2126 4467 sed

526 4509 1016 4565 Commonitorium
1040 4516 1309 4581 Suggestae
1341 4507 1418 4562 rei
1443 4517 1570 4562 tunc
1585 4504 1782 4561 offerre
1801 4504 2126 4575 meditabar,

531 4621 653 4663 cum
687 4615 738 4660 te
764 4602 1080 4676 expeditum
1116 4601 1297 4656 animo
1325 4600 1395 4655 ab
1423 4600 1545 4656 aliis
1597 4597 1838 4675 dictandi
1891 4599 2131 4655 necessi-

531 4698 732 4755 tatibus
775 4712 898 4753 esse
927 4696 1247 4753 sensissem.
1299 4694 1408 4750 Sed
1458 4692 1711 4766 quoniam
1758 4691 1961 4747 domini
1995 4694 2124 4760 mei,

532 4794 629 4851 lilii
660 4793 758 4859 tui,
793 4792 1089 4863 Eutropius
1114 4802 1168 4848 et
1197 4791 1397 4847 Paulus
1421 4789 1684 4861 episcopi,
1719 4788 1910 4845 eadem
1939 4805 2043 4860 qua
2073 4798 2129 4846 et

533 4903 637 4959 ego
674 4897 697 4923 α
731 4902 865 4957 puer
895 4895 1104 4955 vester,
1136 4886 1328 4941 salutis
1369 4886 1610 4941 ontuium
1640 4885 1874 4941 utilitate
1917 4899 2131 4955 permo-

531 4983 596 5050 ti,
625 4983 1106 5039 commonitorium
1125 4982 1238 5052 jam
1260 4981 1526 5038 dederunt
1546 4983 1614 5037 de
1639 4982 1930 5052 aliquantis
1957 4981 2130 5034 hatre-

534 5077 705 5146 sibus,
738 5092 841 5133 nec
873 5086 1050 5132 tamen
1095 5092 1287 5133 omnes
1316 5076 1687 5149 signiﬁcarunt
1719 5093 1734 5143 ;
1764 5092 1990 5133 necesse
2035 5076 2135 5132 fuit

539 5184 627 5225 me
669 5167 924 5224 festinato
969 5168 1134 5224 edere
1170 5177 1228 5224 et
1252 5182 1579 5227 coacervare
1611 5170 1663 5224 iu
1723 5184 1887 5224 unum
1944 5181 2134 5226 umle

540 5263 907 5335 perditionnm
935 5265 1162 5321 arbores
1193 5280 1315 5320 cum
1347 5264 1622 5320 radicibus
1642 5272 1698 5319 et
1726 5264 1893 5319 ramis
1922 5261 2058 5328 suis,
2081 5271 2136 5316 et

543 5356 747 5413 offerre
782 5352 1002 5430 igniculi
1031 5358 1242 5430 spiritui
1274 5367 1391 5426 too,
1419 5366 1479 5414 ut
1502 5367 1556 5413 tu
1601 5359 1715 5412 viso
1743 5357 1958 5430 agmine
2013 5366 2135 5427 per-

541 5462 835 5524 spectaqne
858 5454 1123 5525 nequitia,
1157 5451 1540 5524 permetiarisb
1572 5469 1734 5523 quam
1777 5450 1954 5524 possis
2010 5438 2128 5506 dis-

2227 4340 2360 4381 erue
2386 4333 2548 4394 atque
2578 4323 2825 4390 succide,
2855 4333 2910 4379 et
2937 4338 3122 4380 veram
3149 4336 3345 4392 sparge
3372 4330 3698 4388 sementem,
3731 4338 3830 4375 no-

2229 4415 2312 4473 bis
2344 4416 2411 4472 de
2438 4414 2544 4470 tuis
2574 4414 2813 4471 fontibus
2840 4415 3113 4487 rigaturis.
3136 4415 3247 4486 Ego
3262 4421 3456 4470 testem
3475 4413 3648 4470 Deum
3672 4427 3831 4484 spon-

2230 4509 2355 4573 deo,
2385 4518 2440 4564 et
2472 4508 2866 4564 incrementum
2890 4508 3068 4579 operis
3100 4508 3175 4563 tui
3203 4521 3387 4578 spero,
3419 4505 3540 4575 quia
3576 4517 3720 4562 terra
3742 4507 3828 4561 illa

2232 4618 2349 4673 qua:
2379 4615 2526 4657 nunc
2559 4602 2799 4671 ingratos
2839 4603 3049 4655 fructus
3098 4608 3119 4638 ο
3167 4598 3443 4654 insincere
3498 4598 3648 4652 culta
3691 4597 3831 4661 ubi:

2237 4696 2346 4760 hct,
2379 4695 2576 4750 sicam
2618 4696 2695 4749 de
2731 4709 2931 4748 manna
2978 4693 3070 4747 illo
3117 4690 3399 4746 recondito
3449 4700 3504 4745 tu
3555 4688 3699 4762 apud
3748 4704 3830 4745 me

2233 4786 2546 4848 mandando
2564 4799 2620 4846 et
2646 4788 2905 4861 replendo
2937 4785 3265 4852 visitaveris,
3297 4800 3473 4854 usque
3520 4786 3573 4840 in
3607 4783 3833 4841 centesi-

2236 4903 2381 4941 mum
2433 4888 2668 4942 fructum
2708 4883 2925 4954 pro'usa
2977 4881 3270 4953 aliquando
3323 4881 3551 4937 liberius
3595 4882 3832 4936 ubertate

2242 4979 2508 5051 proﬁciet.
2545 4979 2647 5033 Per
2685 4986 2737 5033 te
2793 4976 3057 5032 Dominus
3085 4975 3228 5031 Deus
3272 4984 3496 5039 noster,
3526 4990 3626 5043 per
3649 4984 3721 5041 te,
3753 4973 3832 5027 in-

2242 5089 2433 5146 quant,
2466 5072 2621 5127 beate
2645 5070 2836 5136 Pater,
2876 5082 3012 5139 quos
3040 5068 3326 5139 castigavit
3357 5068 3409 5122 in
3438 5066 3623 5138 gladio
3657 5080 3834 5122 cmen—

2245 5168 2334 5223 det
2358 5166 2411 5223 iu
2434 5166 2620 5220 verbo.
2663 5163 2741 5218 Ad
2774 5172 2827 5219 te
2856 5177 2949 5232 per
2974 5162 3141 5216 Deum
3177 5163 3374 5215 missus
3395 5176 3514 5215 sum
3539 5175 3555 5224 ;
3579 5160 3649 5215 de
3674 5171 3724 5215 te
3748 5173 3835 5229 per

2244 5279 2366 5319 eum
2399 5276 2585 5331 spero,
2616 5259 2744 5315 dum
2782 5255 3075 5312 considero
3099 5254 3335 5326 qualiter
3360 5266 3540 5309 actum
3564 5262 3672 5320 est,
3698 5249 3833 5322 quod

2246 5354 2351 5410 huc
2381 5353 2644 5408 venirem.
2686 5350 2941 5420 AgndSCn
2978 5350 3075 5403 cui
3119 5346 3359 5401 renerim
3394 5362 3404 5396 :
3438 5343 3560 5399 sine
3603 5344 3835 5397 volunta-

2248 5460 2319 5511 te.
2353 5448 2473 5504 sine
2504 5435 2861 5510 necessitate,
2901 5442 3021 5498 sine
3051 5456 3327 5498 consensu
3359 5434 3427 5494 de
3462 5439 3633 5508 patria
3661 5452 3832 5509 egres‘

543 5551 871 5620 positionem
897 5549 1160 5606 adhibere
1188 5549 1427 5605 virtutis.
1457 5548 1537 5602 Tu
1561 5546 1793 5611 lautttm,
1828 5542 2142 5601 beatissime
2166 5536 2221 5597 D
2245 5557 2339 5598 sus
2380 5558 2524 5608 sum,
2555 5539 2767 5595 occulta
2793 5536 3026 5615 quadam
3069 5538 3119 5590 vi
3153 5545 3309 5590 actus
3330 5577 3347 5602 ,
3378 5532 3562 5588 donec
3606 5536 3660 5588 in
3691 5531 3838 5585 istius

621 5701 645 5729 α
688 5691 854 5745 Forte
876 5729 890 5755 ,
919 5688 1203 5762 presbyter.

624 5761 649 5801 ιι
696 5756 932 5815 Vaticani
958 5763 1200 5825 codices,
1232 5772 1338 5831 qua
1362 5759 1533 5834 possis
1556 5757 1897 5830 dispositione
1923 5756 2148 5812 studium

550 5834 794 5892 adhibere
818 5834 1041 5891 virtutis.

2329 5693 2353 5722 ο
2399 5680 2562 5742 Editi,
2595 5681 2649 5734 in
2674 5682 2882 5734 sincera
2904 5678 3110 5732 cultura
3132 5676 3354 5739 exlzibet,
3379 5674 3424 5728 si
3445 5672 3685 5727 eamdem
3713 5684 3840 5742 am

2251 5753 2348 5808 illo
2370 5752 2636 5808 recondito
2660 5750 2799 5822 apud
2825 5762 2871 5804 te
2900 5748 3216 5822 mandando.
3241 5744 3590 5822 Castigatttur
3609 5741 3841 5800 subsidio

2258 5836 2359 5881 ms.
2397 5817 2840 5895 Sigiramueusis,
2873 5835 2972 5877 seu
3015 5821 3073 5876 ὃ.
3106 5817 3403 5890 Cigiraaui.
