4076 6352
551 350 693 409 m5

1564 346 1909 406 LEPORIUS
1948 346 2321 407 MONACIIUS
2362 348 2449 404 ΕΤ
2493 347 2921 405 PRESBYTER.

3716 344 3856 404 1216

548 482 656 525 ma:
685 475 1066 540 purgarentur,
1106 481 1226 537 qua:
1254 472 1379 521 ante
1412 470 1799 537 peccaverunt.
1844 461 2027 532 Ignem
2059 476 2148 518 sa—
2174 463 2223 525 A
2253 471 2391 519 trem
2419 462 2631 518 veniret
2659 459 3009 517 ascendendo
3057 470 3312 517 tenuasse
3339 480 3351 517 :
3380 460 3451 518 itt
3484 476 3661 533 neque
3691 461 3860 535 depo-

550 575 620 617 ne
642 569 911 617 :eternum
953 575 1060 631 quo
1092 568 1414 629 peccatores
1445 556 1776 628 puniantur,
1805 570 1981 626 neque
2022 570 2145 611 esse

548 652 730 726 ignem
780 669 993 721 verum,
1042 666 1219 723 neque
1264 660 1533 706 aeternum
1564 648 2021 722 prtedicaverunt,
2063 648 2145 705 di-

548 756 761 814 centes,
789 744 992 801 dictum
1033 758 1155 800 esse
1183 742 1387 813 ignem,
1410 740 1649 815 propria:
1679 740 2026 797 conscientize
2049 755 2146 810 pu-

549 829 808 893 nitionem
844 853 857 889 :
888 844 1156 891 :eternum
1181 841 1365 889 autem
1395 832 1547 904 juxta
1571 831 1953 905 etymologiam
1994 830 2148 888 Cra:-

548 944 689 997 cam,
723 943 830 984 non
859 942 980 984 esse
1000 936 1344 999 perpetuum,
1398 925 1561 982 etiam
1591 923 1785 982 Latino
1834 924 2146 982 testimonio

548 1021 764 1092 adjecto
794 1036 809 1086 ;
842 1021 966 1087 quia
992 1020 1192 1076 dietutn
1223 1022 1315 1086 sit,
1344 1018 1399 1074 in
1424 1028 1693 1083 wternum,
1736 1027 1792 1074 et
1818 1018 1872 1074 in
1895 1016 2145 1073 sarculum

544 1113 726 1168 stt-culi
757 1110 932 1187 (Prol.
956 1128 1043 1182 ις,
1066 1110 1122 1178 ϐ,
1151 1123 1197 1167 et
1222 1129 1254 1167 x
1288 1154 1302 1177 ,
1336 1111 1428 1185 16)
1482 1111 1854 1183 postposuerit
1893 1119 2143 1167 :eterno:

546 1219 610 1262 ac
635 1204 714 1261 sic
742 1219 935 1261 omnes
968 1213 1314 1276 peccatorum
1362 1205 1571 1262 animas
1599 1213 1724 1277 post
1763 1206 2144 1277 purgationem

547 1298 907 1354 conscientite
937 1299 990 1354 in
1020 1299 1286 1354 unitatem
1334 1298 1581 1370 corporis
1620 1298 1827 1355 Christi
1848 1314 1972 1355 esse
2001 1299 2146 1356 redi-

546 1399 718 1447 turas.
749 1390 1047 1448 Voluerunt
1075 1393 1239 1449 etiam
1268 1393 1337 1448 de
1362 1392 1586 1450 diabolo
1611 1408 1858 1450 asserere
1877 1440 1889 1464 ,
1917 1394 2012 1451 sed
2036 1408 2143 1451 non

548 1484 958 1557 prmvalnerunt
986 1501 1001 1539 :
1032 1501 1098 1542 eo
1127 1485 1270 1557 quod
1302 1501 1424 1542 cum
1455 1487 1753 1543 substantia
1803 1488 1855 1543 in
1887 1504 1952 1545 eo
2004 1490 2144 1546 bona

544 1576 685 1633 facta
719 1578 894 1647 perire
918 1592 1025 1632 non
1056 1576 1247 1647 possit,
1274 1588 1463 1633 exusta
1488 1577 1541 1634 in
1567 1590 1737 1634 totum
1776 1579 2006 1648 malitia,
2031 1581 2149 1637 dia-

546 1671 658 1729 boli
687 1671 984 1743 aliquando
1013 1671 1331 1727 salvandant
1359 1686 1481 1728 esse
1509 1672 1896 1729 substantiam.
1921 1672 2001 1729 De
2025 1687 2148 1730 eor-

547 1778 681 1835 pore
705 1779 836 1820 vcro
862 1764 1072 1819 Domini
1103 1764 1181 1819 sic
1216 1764 1595 1819 tradiderunt:
1647 1766 1773 1836 quia
1811 1780 1932 1822 cum
1974 1781 2147 1838 usque

2247 555 2411 612 situm
2439 551 2468 592 ι’
2500 569 2755 624 umquam
2788 552 2954 609 fuisse
2981 568 3200 625 corpus,
3241 569 3342 609 nee
3374 554 3426 609 in
3473 568 3707 624 corpore
3742 552 3858 609 ullo

2247 656 2567 720 regnantem
2608 645 2987 705 circumscribi
3036 647 3232 704 Deum.
3272 647 3593 704 Creaturam
3634 662 3857 719 quoque

2246 741 2545 812 subiectam
2573 741 2914 811 corruptionl
2963 741 3143 815 (Rom.
3172 759 3266 798 rm
3290 787 3305 811 ,
3354 744 3471 814 20),
3502 757 3610 799 non
3662 742 3857 799 volen-

2248 842 2381 899 tem,
2418 842 2439 871 ε
2486 831 2893 903 intelligendam
2922 847 3045 888 esse
3090 832 3380 900 dicebant,
3439 833 3611 890 solem
3659 842 3718 889 et
3766 834 3855 889 luo

2248 940 2372 981 nam
2404 933 2459 983 et
2483 924 2676 981 stellas
2706 942 2721 991 ;
2754 934 2807 980 et
2850 924 2967 980 here
2995 940 3103 981 non
3157 926 3546 982 elementarios
3589 941 3716 983 esse
3745 925 3852 982 ιἰιι-

2246 1032 2428 1090 geres,
2469 1017 2563 1073 sed
2610 1016 2902 1073 rationales
2955 1026 3253 1089 poteSIates
3304 1036 3317 1071 :
3371 1018 3616 1089 praebere
3666 1028 3853 1076 autem

2247 1110 2529 1167 servitium
2562 1108 2926 1182 corruptioni,
2975 1122 3201 1182 propter
3252 1126 3378 1166 eum
3401 1111 3494 1183 qui
3529 1110 3770 1182 subjecit
3792 1111 3852 1168 iu

2247 1219 2347 1276 spe
2375 1202 2589 1277 (Ibid.).

2319 1300 2375 1353 I.
2420 1298 2551 1365 Iloc,
2586 1298 2727 1354 sicut
2774 1296 3015 1355 retinere
3045 1299 3220 1369 potui,
3268 1299 3510 1357 breviter
3538 1300 3855 1372 expositum

2248 1400 2355 1459 eSt,
2386 1399 2447 1446 ut
2472 1390 2775 1462 perspectis
2798 1390 3057 1447 omnibus
3092 1392 3299 1447 morbis
3343 1393 3671 1449 medicinam
3699 1394 3863 1450 adhi-

2248 1486 2379 1543 bere
2401 1485 2645 1543 festines.
2668 1487 2763 1542 Est
2784 1487 2989 1543 veritas
3008 1486 3210 1543 Christi
3227 1487 3280 1543 in
3300 1502 3387 1543 me
3406 1487 3476 1561 (Il
3496 1486 3622 1543 Cor.
3646 1503 3723 1554 ιι,
3740 1486 3857 1552 ιοι.

2249 1580 2374 1649 quia
2429 1591 2651 1651 propter
2703 1580 3072 1636 venerabilem
3127 1581 3488 1637 reverentiam
3542 1582 3857 1637 sanctitatis

2252 1681 2356 1728 ιιιω
2379 1686 2499 1727 esse
2525 1671 2813 1741 impudens
2845 1686 2952 1728 non
2995 1671 3274 1739 auderem,
3302 1672 3406 1729 nisi
3431 1672 3676 1729 evidenti
3714 1673 3862 1744 judi-

2250 1760 2336 1817 cio
2357 1773 2412 1819 et
2434 1763 2780 1820 ordinatione
2805 1764 2898 1821 Dei
2930 1763 2997 1819 ad
3041 1765 3180 1819 illius
3210 1766 3345 1821 tanti
3385 1775 3439 1823 et
3470 1766 3598 1821 talis
3643 1767 3859 1838 populi,

548 1857 615 1912 ad
659 1874 757 1912 nos
791 1858 1015 1914 veniens
1045 1858 1214 1913 Filius
1243 1858 1336 1913 Dei
1364 1868 1488 1929 post
1519 1869 1595 1916 tot
1646 1859 1814 1915 millia
1854 1876 2145 1934 annorum,
2178 1876 2226 1937 Β
2250 1855 2339 1911 cvi
2369 1856 2509 1911 sicut
2534 1859 2784 1926 peccanti
2809 1857 2961 1928 plaga
2987 1856 3240 1929 impo.~ita
3263 1869 3368 1924 est,
3390 1859 3469 1912 sic
3492 1869 3614 1929 post
3638 1860 3855 1930 plagam

549 1952 756 2006 otiosus
778 1966 844 2007 eo
874 1966 1046 2023 usque
1069 1967 1177 2008 non
1211 1951 1397 2021 luerit,
1429 1952 1523 2008 sed
1548 1954 1845 2024 praedicans
1870 1956 2145 2013 remissio-

553 2059 674 2102 nem
708 2044 938 2116 angelis,
972 2045 1332 2115 potestatibus
1375 2053 1537 2117 atqne
1583 2046 1854 2102 universis
1892 2048 2144 2120 superio-

551 2139 726 2204 ribus,
758 2155 883 2194 cum
924 2138 1239 2221 qualitatem
1295 2139 1483 2195 Iormze
1503 2156 1693 2196 eorum
1736 2156 1875 2212 quos
1904 2143 2147 2199 visitaret

550 2245 873 2305 assumeret,
898 2253 1071 2309 usque
1114 2239 1181 2293 ad
1237 2238 1663 2311 palpabilitatem
1690 2239 1872 2295 carnis
1900 2252 2150 2311 assumpa

539 2326 717 2399 tionis
745 2327 928 2398 specie
954 2336 980 2365 ι
1016 2328 1330 2385 transivisse
1385 2348 1399 2385 :
1452 2328 1553 2386 hoc
1588 2330 1838 2401 passione
1874 2338 1929 2387 et
1968 2343 2151 2385 resur-

551 2421 794 2478 rectione
822 2420 1222 2491 determinans,
1280 2437 1466 2479 rursus
1509 2423 1687 2481 donec
1723 2438 1892 2495 usque
1935 2421 2004 2478 ad
2046 2421 2150 2478 Pa-

624 2588 650 2615 ⁸
694 2579 839 2655 Edit.
873 2579 1217 2637 Anterbachii
1245 2590 1301 2637 et
1348 2581 1582 2652 Erasmi,
1612 2583 1784 2655 specie
1827 2583 2056 2639 crassius
2089 2597 2144 2637 se

547 2650 647 2706 hac
673 2652 910 2722 passione
927 2694 943 2721 ,
983 2661 1092 2710 etc.

2251 1964 2382 2005 cura
2411 1951 2659 2017 debetur,
2714 1951 2953 2007 remedia
2998 1951 3319 2021 proferenda
3363 1963 3415 2008 te
3449 1954 3681 2008 electum
3710 1995 3728 2019 ,
3770 1968 3861 2007 me

2250 2046 2476 2101 missum
2510 2060 2634 2100 esse
2656 2059 3068 2115 cognoscerem.
3102 2046 3311 2101 Memor
3361 2045 3489 2111 tnei,
3544 2045 3863 2101 beatissime

2250 2138 2434 2204 Pater,
2473 2138 2873 2208 multorumque
2916 2139 3006 2206 qui
3049 2153 3261 2192 meeum
3295 2139 3441 2192 velut
3466 2152 3557 2192 ros
3578 2137 3862 2209 eloquium

2252 2242 2404 2288 tuum
2455 2240 2513 2286 ut
2559 2247 2723 2303 super
2786 2245 2882 2287 eos
2940 2230 3241 2287 descendat
3299 2237 3621 2302 esspectant
3663 2270 3681 2295 ,
3738 2241 3867 2283 esse

2255 2324 2502 2396 dignare.

2324 2581 2353 2622 δ
2395 2580 2640 2637 Vaticani
2675 2574 2805 2638 mss.
2835 2595 2959 2636 cum
2989 2582 3085 2636 Ar.
3124 2589 3180 2636 et
3211 2580 3303 2637 Er.
3337 2623 3355 2650 ,
3409 2598 3631 2651 usquam
3675 2582 3864 2653 fuisse.

2328 2664 2351 2694 ο
2391 2654 2516 2710 Ant.
2539 2662 2597 2710 et
2626 2655 2749 2723 lin,
2780 2653 3099 2710 intellectam
3123 2668 3253 2709 esse.

547 2879 2718 2916 Μ

2098 2874 3859 2916 Μ

1795 3042 1965 3089 ANNO
2014 3042 2247 3089 DOMINI
2291 3040 2606 3087 αοοαιινι
2617 3068 2632 3083 .

1560 3220 2837 3408 LEPORIUS,

1348 3483 2011 3570 MONACHUS
2083 3485 2233 3570 ET
2310 3484 3028 3571 PRESBYTER.

1604 3780 1623 3843 (
1644 3779 1715 3832 Ex
1740 3779 1979 3833 Biblioth.
1998 3780 2131 3834 Yett.
2156 3781 2357 3833 Patrum
2372 3779 2632 3843 Gallandii,
2659 3784 2694 3830 ι.
2717 3779 2840 3841 IX.)

1993 3925 2382 3945 *ιι-

1581 4071 2813 4179 PROLEGOMENA.

634 4271 684 4325 I.
717 4267 976 4340 Leporius
1007 4269 1227 4326 natione
1249 4269 1437 4325 Gallus
1463 4269 1789 4327 monachum
1818 4271 2071 4328 Massiliae
2094 4281 2155 4329 ut
2179 4272 2227 4336 C
2259 4281 2337 4325 ter
2360 4272 2620 4328 interimas
2651 4272 2814 4329 fuerit
2843 4274 3165 4329 recensitos.
3215 4270 3413 4329 Eadem
3445 4280 3708 4340 praeterea
3738 4283 3867 4324 mc-

558 4365 774 4421 videtur
814 4364 1047 4435 prinmm
1092 4365 1236 4436 egit;
1281 4366 1372 4436 qui
1402 4381 1528 4421 cum
1560 4367 1611 4421 in
1645 4382 1711 4423 eo
1741 4368 2041 4423 monastico
2069 4368 2153 4422 in-

559 4457 751 4512 stitnto
779 4456 901 4511 vita:
934 4456 1207 4527 probitate
1237 4472 1559 4529 morumque
1584 4458 1889 4514 innocentia
1913 4458 2156 4530 reliquos

562 4551 951 4616 antecelleret;
981 4561 1131 4607 ratus
1157 4551 1417 4622 deinceps
1439 4551 1655 4607 arbitrio
1678 4562 1877 4607 tantum
1902 4562 1945 4607 et
1968 4565 2156 4608 conatu

562 4645 777 4717 proprio
800 4690 813 4712 ,
848 4661 952 4699 non
985 4643 1082 4699 Dei
1110 4646 1382 4717 adiutorio
1401 4688 1414 4711 ,
1446 4660 1506 4701 se
1533 4644 1700 4700 fuisse
1732 4644 1782 4700 id
1811 4655 2116 4700 assecutum
2137 4688 2152 4714 ,

562 4738 911 4809 Pelagianam
942 4737 1137 4809 dogma
1172 4737 1413 4807 proﬁteri
1442 4740 1625 4808 cmpit.
1651 4738 1727 4794 Ita
1749 4738 1816 4794 de
1837 4755 1903 4793 eo
1929 4747 2155 4794 testatur

559 4829 870 4886 Gennadius
897 4829 997 4903 (τι).
1030 4830 1125 4887 llis
1152 4845 1391 4886 consona
1426 4830 1589 4887 tradit
1613 4830 1903 4887 Cassianus
1929 4831 2024 4901 (ὁ).
2051 4830 2159 4887 Ne-

557 4941 665 4997 que
692 4941 823 4982 vero
850 4927 1008 4982 unius
1037 4925 1237 4997 Pelagii
1270 4935 1599 4982 sectatorem
1631 4942 1691 4982 se
1723 4927 1954 4997 praebuit
1976 4925 2154 4997 Lepo-

557 5019 703 5086 rius;
746 5019 841 5074 sed
876 5019 1100 5076 u‘lerius
1122 5033 1474 5091 progressus,
1520 5020 1571 5074 in
1602 5019 1933 5090 impietatem
1964 5019 2155 5075 incidit

555 5128 718 5183 quam
754 5121 939 5184 postea
973 5110 1259 5167 Nestorius
1289 5112 1341 5167 in
1368 5109 1592 5167 Oriente
1615 5112 1776 5166 latius
1798 5111 2149 5183 propagavit:

557 5208 695 5264 adeo
724 5218 778 5263 ut
798 5250 812 5274 ,
838 5207 1031 5263 eodem
1052 5205 1317 5262 Cassiano
1339 5214 1479 5262 teste
1508 5206 1585 5278 (ε)
1603 5248 1617 5271 ,
1645 5206 1966 5276 poSIerioris
1992 5204 2153 5274 hujus

555 5303 828 5359 hzercseos
863 5311 1103 5359 assertor
1140 5300 1284 5374 apud
1326 5301 1532 5359 Gallias
1562 5302 1698 5357 inter
1726 5302 1924 5373 primos
1951 5310 2042 5357 aut
2073 5303 2155 5358 in—

626 5525 704 5598 (a)
733 5525 974 5582 Gennad.
1008 5526 1101 5583 lib.
1129 5525 1200 5583 de
1233 5524 1348 5598 \fir.
1381 5524 1579 5582 illustr.
1614 5539 1735 5596 cap.
1768 5524 1857 5583 59.

625 5594 700 5670 (ιι)
732 5599 970 5671 (Iussian.
997 5599 1091 5655 lib.
1119 5615 1133 5655 ι
1154 5599 1222 5655 de
1247 5596 1459 5655 lnearn.
1487 5612 1607 5670 cap.
1631 5594 1695 5664 μ
1723 5612 1843 5671 pag.
1864 5596 1992 5662 908,
2014 5594 2145 5653 edit.

550 5668 727 5727 Paris.
757 5669 917 5727 1642.

624 5740 697 5811 (c)
732 5739 820 5811 Id.
856 5741 987 5798 ibid.

626 5815 708 5884 (at)
745 5810 1110 5890 Facund._lih.
1148 5816 1195 5890 t,’
1221 5829 1341 5887 cap.
1374 5814 1404 5870 tl
1431 5857 1443 5884 ,
1474 5830 1593 5890 pag.
1624 5813 1729 5871 4‘22
1753 5858 1766 5881 ,
1801 5813 1931 5870 edit.
1971 5811 2139 5869 Paris.

550 5893 685 5945 tom.
716 5900 751 5941 II
782 5900 911 5959 opp.
941 5884 1217 5945 Sirmond.

2260 4368 2449 4421 moria:
2489 4368 2833 4439 consignavit
2875 4357 3163 4426 EJcnndus
3192 4360 3603 4422 Ilermiancnsis
3645 4365 3874 4434 episco-

2260 4472 2359 4529 pus
2384 4458 2487 4529 (ιι).
2533 4461 2730 4516 Scribit
2776 4470 2957 4516 autent
2997 4461 3158 4517 modo
3193 4460 3440 4516 laudatus
3486 4459 3869 4514 Collationum

2259 4560 2447 4607 auctor
2475 4551 2576 4624 (e),
2609 4553 2915 4609 istiusmodi
2946 4569 3274 4611 vettenosatn
3307 4563 3512 4625 pestem
3557 4562 3717 4608 :etate
3757 4569 3869 4607 sua

2259 4647 2553 4703 emersisse
2579 4657 2629 4702 et
2656 4650 2885 4705 maxime
2905 4649 3203 4723 Beligarum
3233 4650 3379 4715 urbe,
3402 4651 3518 4704 sive
3542 4649 3724 4703 utalia
3756 4648 3875 4705 fert

2262 4741 2449 4806 lectio,
2487 4756 2550 4795 ex
2577 4743 2807 4796 maxima
2844 4740 3145 4815 Veligorttm
3171 4743 3296 4797 urbe
3318 4758 3337 4797 :
3364 4752 3420 4796 ut
3454 4752 3742 4812 propterea
3780 4741 3877 4797 itt-

2267 4841 2477 4889 certum
2514 4835 2579 4889 sit
2614 4850 2681 4889 an
2707 4835 2943 4891 Bt-licam
2974 4835 3041 4890 ad
3074 4834 3395 4890 Rhodanum
3423 4834 3476 4888 in
3509 4834 3762 4899 Bressia,
3801 4849 3878 4889 an

2264 4942 2398 4983 vero
2427 4928 2725 4997 Augustam
2750 4927 3101 4984 Trevirorum
3134 4927 3423 4996 designare
3453 4926 3706 4981 voluerit.
3749 4923 3880 4981 Sir-

2264 5023 2496 5077 mondus
2526 5021 2545 5080 (
2561 5025 2617 5094 f)
2657 5031 2712 5077 et
2738 5021 3039 5078 Carnerius
3067 5021 3146 5093 (g)
3187 5018 3479 5092 posteriori
3512 5018 3737 5074 lectioni
3771 5021 3880 5073 ad—

2262 5114 2571 5183 Ita-rentes,
2623 5115 2810 5171 urbem
2856 5115 3239 5171 Trevirensetn
3286 5113 3640 5183 intelligunt:
3683 5127 3878 5180 neque

2258 5212 2445 5267 ahnuit
2474 5210 2856 5268 Tillemontius
2887 5210 2989 5282 (Ιι).
3044 5209 3120 5265 Ea
3152 5210 3205 5264 in
3238 5209 3371 5265 urbe
3397 5207 3603 5263 scilicet
3641 5220 3880 5262 errores

2260 5318 2388 5360 suos
2436 5302 2679 5361 hauserit
2727 5304 2963 5376 primum
3008 5300 3325 5358 docttcritve
3373 5298 3671 5370 Leporius,
3717 5311 3877 5369 quos

2328 5526 2405 5596 (e)
2433 5525 2669 5583 Cassian.
2703 5526 2743 5583 l.
2771 5541 2821 5581 c.
2855 5541 2975 5593 cap.
3006 5525 3085 5596 2.7
3102 5539 3226 5595 pag.
3255 5524 3384 5596 902.

2330 5594 2414 5669 (Γ)
2448 5598 2715 5655 Sirmond.
2748 5612 2878 5669 opp.
2907 5605 3040 5652 tom.
3073 5594 3281 5669 lppag‘.
3311 5594 3435 5669 1145,
3464 5602 3578 5669 not.
3611 5611 3668 5669 rt.

2443 5670 2669 5743 Garuer.
2697 5665 2918 5743 Dissert.
2961 5670 2997 5723 ‘2
3037 5670 3105 5724 ad
3138 5667 3271 5723 Mar.
3313 5665 3476 5721 Merc.
3519 5666 3571 5719 in
3602 5666 3872 5739 Append,

2177 5741 2229 5802 Ι)
2258 5741 2481 5808 August.
2506 5758 2627 5812 pag.
2652 5741 2776 5798 145.

2256 5887 2299 5941 Δ
2328 5806 2408 5883 (Ιι)
2435 5806 2642 5940 Tit/ein.
2678 5823 2811 5869 tom.
2845 5809 2998 5882 XIII,
3044 5826 3165 5883 pag.
3200 5808 3365 5875 1040,
3406 5816 3522 5866 not.
3556 5806 3625 5863 86
3667 5823 3767 5867 sur
3808 5811 3871 5866 S.

2306 5900 2545 5941 u2u5tn.

2306 5900 2545 5957 ugusun.
