4076 6352
231 291 366 347 1217

1594 284 2120 345 PROLEGOMENA
2134 320 2150 341 .

3376 282 3517 344 1218

219 400 564 470 postmodum
596 398 652 458 in
689 401 1033 461 Provinciam
1058 418 1337 477 regressus
1365 403 1595 473 quadam
1620 403 1673 459 in
1695 402 1815 471 epi-
1845 402 1893 462 Α
1921 400 2150 457 dicenda
2197 400 2267 456 sit
2317 400 2585 455 sententia
2635 398 2704 457 ile
2756 397 2921 456 libelli
2953 397 3243 471 Leporiani
3293 408 3515 456 auctore

219 495 362 547 stola
393 494 704 563 evolgavit,
735 512 855 564 qua:
881 514 1037 567 graue
1064 497 1367 552 scandalum
1402 497 1614 567 peperit
1653 504 1701 551 et
1734 498 1814 567 of-

219 586 541 656 fendiculum
564 586 856 654 cltaritatis,
884 598 937 641 ut
965 589 1188 658 ipsemet
1216 589 1266 643 in
1291 604 1393 645 suo
1416 588 1596 645 libello
1621 588 1821 644 Emen-

216 679 460 735 dationis
511 680 716 736 fatetur
764 681 867 751 (a).
916 681 1020 751 Qui
1068 692 1277 750 tamen,
1329 683 1456 740 licet
1487 698 1517 737 a
1554 680 1817 738 Cassiano

216 773 450 845 aliisque
478 773 774 831 Gallicanis
795 776 1114 832 doctoribus
1141 784 1199 833 ut
1219 777 1553 847 impietatem
1577 777 1819 846 ejurarct

215 865 562 933 admonitus,
593 866 811 922 salubre
853 868 1140 925 consilium
1178 869 1402 940 insuper
1446 868 1687 934 habens,
1720 882 1818 939 pro

226 957 311 1013 sui
350 957 568 1014 demum
612 960 820 1016 erroris
851 961 1274 1031 prtesumptione
1306 961 1500 1018 metito
1525 977 1553 1014 a
1587 961 1818 1017 Proculo

217 1059 277 1107 et
303 1051 540 1125 Cylliuio
566 1052 860 1110 Gallicanis
901 1055 1169 1126 episcopis
1206 1071 1272 1111 ex
1304 1056 1543 1112 Eiclesia
1576 1056 1673 1111 fuit
1701 1054 1815 1124 eje-

214 1154 359 1202 ctus.
387 1145 544 1214 Quod
575 1146 793 1217 quidem
824 1147 992 1217 liquet
1015 1163 1081 1203 ex
1104 1148 1335 1219 epistola
1367 1157 1577 1218 patrum
1604 1149 1814 1202 Africa-

215 1253 411 1295 norum
461 1239 530 1296 ad
575 1239 796 1299 eosdem
846 1243 1173 1315 episcenos,
1218 1258 1340 1314 quae
1373 1242 1592 1314 Leporii
1631 1242 1816 1299 libello

212 1329 527 1402 subjicitur.
628 1368 631 1369 ν

287 1424 342 1479 2.
377 1426 475 1484 Ille
511 1442 639 1483 vero
679 1427 748 1485 ab
783 1429 903 1485 solo
944 1430 1124 1500 patrio
1161 1430 1428 1497 extorris,
1456 1445 1578 1487 cum
1608 1431 1817 1502 aliquot

213 1533 332 1573 sua:
360 1520 641 1590 pravitatis
670 1522 998 1595 sequacibus
1042 1522 1096 1578 in
1130 1522 1371 1581 Africam
1413 1526 1811 1583 transfretavit:

214 1610 304 1666 ubi
338 1612 512 1683 gratia
546 1613 639 1670 Dei
664 1616 979 1686 aSpirante,
1022 1608 1405 1676 Africanorum
1450 1618 1811 1689 quorumdam

212 1704 535 1773 praesulum,
566 1706 665 1763 sed
696 1707 983 1779 Augustini
1014 1709 1341 1779 praesertim,
1365 1711 1542 1766 studio
1567 1727 1811 1767 errorem

1923 494 2245 565 Augustino.
2275 493 2409 549 Nam
2441 493 2582 565 quod
2630 494 2830 551 attinet
2855 492 2924 550 ad
2954 493 3242 551 concilium
3285 494 3516 551 Chalce-

1922 586 2193 651 doneuse,
2238 584 2426 644 eadem
2481 586 2722 643 Leonina
2759 586 2991 659 epistola
3024 587 3077 643 in
3121 601 3188 643 eo
3230 589 3517 644 recitatur.

1923 679 2284 736 Tbeodoritus
2331 689 2512 736 autem
2535 720 2551 746 ,
2599 694 2723 735 cum
2762 678 2957 736 eadem
2993 679 3158 736 verba
3191 679 3245 738 in
3276 678 3513 735 medium

1924 773 2164 843 proferat
2187 814 2204 841 ,
2240 773 2326 828 illa
2354 787 2484 829 vero
2511 788 2576 828 ex
2605 771 2795 828 eadem
2821 771 3026 832 Leonis
3047 772 3275 843 epistola
3310 772 3519 828 exscri-

1923 854 2095 933 psisse
2117 862 2731 936 intelligitur.C:eterutn
2747 878 2974 936 magnus
2996 863 3086 920 ille
3109 862 3346 934 pontifex
3372 860 3515 919 haud

1921 957 2084 1013 aliam
2108 956 2340 1013 fortasse
2363 958 2433 1013 ob
2454 972 2672 1013 causam
2700 958 3021 1028 opusculum
3053 957 3185 1013 illud
3211 957 3515 1028 Augustino

1923 1049 2190 1118 tribuerit,
2214 1064 2377 1131 quam
2401 1050 2525 1121 quia
2549 1051 2758 1106 noverit
2784 1050 2949 1108 fuisse
2978 1051 3048 1106 ab
3068 1066 3137 1109 co
3156 1051 3515 1122 approbatum

1920 1156 2124 1212 suaque
2152 1142 2559 1212 subscriptione
2588 1147 2877 1199 monitum.
2908 1144 3139 1200 Constat
3164 1144 3308 1201 enim
3333 1160 3363 1199 a
3390 1160 3517 1216 qua-

1922 1246 2046 1291 tuor
2081 1236 2352 1306 episcoliis
2381 1236 2527 1293 Afris
2564 1252 2706 1309 quos
2741 1238 2880 1294 inter
2910 1238 3117 1294 eminet
3156 1238 3512 1311 Augustinus,

1921 1326 2088 1385 fuisse
2103 1328 2724 1400 subscriptumlibellum
2751 1348 2768 1388 :
2794 1330 2884 1402 qui
2908 1339 3171 1402 praeterea
3197 1338 3517 1389 eaoccasio-

1921 1435 1990 1475 ne
2020 1419 2251 1475 Proculo
2286 1429 2343 1476 et
2370 1420 2638 1493 Cyllinuio
2667 1422 2940 1493 episcupis
2968 1422 3136 1480 Gallis
3164 1438 3513 1481 communem

1918 1514 2222 1569 scribentes
2251 1515 2561 1584 epistolam,
2597 1515 2740 1573 inter
2788 1527 2986 1573 cratera
3017 1517 3134 1574 htec
3163 1517 3363 1576 habent
3400 1536 3521 1583 nia-,

1919 1605 2063 1662 xime
2093 1607 2568 1664 animadvertenda
2601 1606 2699 1681 (l):
2730 1607 2905 1680 Sicut,
2936 1610 3220 1681 inquiunt,
3251 1628 3342 1684 per
3368 1629 3516 1668 suam

1920 1701 2246 1770 prwsentiam
2289 1710 2563 1776 susceptus
2585 1711 2661 1757 est
2691 1718 2721 1755 a
2754 1701 2900 1757 nobis
2938 1701 3255 1775 (Leporius)
3276 1748 3290 1773 ,
3321 1706 3398 1760 sic
3427 1723 3520 1776 per

210 1799 434 1868 agnovit
453 1798 833 1873 deposuitque,
856 1817 922 1856 ac
945 1817 1132 1858 sanam
1160 1801 1462 1858 doctrinam
1494 1813 1579 1860 est
1606 1806 1813 1874 proles-

1921 1806 2070 1844 suaut
2108 1791 2384 1860 epistolam
2409 1793 2725 1865 suscipiatur
2746 1811 2780 1849 a
2823 1795 2983 1850 vobis.
3016 1795 3113 1851 Cui
3139 1798 3347 1869 quidem
3375 1800 3518 1869 epis-

210 1904 330 1946 sus.
365 1890 566 1947 Verum
594 1908 716 1948 cum
748 1894 800 1948 in
833 1893 1023 1950 Galliis
1052 1894 1368 1950 scandalum
1400 1896 1646 1967 pluribus
1675 1898 1815 1953 intu-

210 1982 366 2039 lisset
385 2024 399 2048 ,
427 1982 715 2052 epistolam
748 1985 898 2041 dedit
920 2001 1034 2041 suae
1062 1985 1187 2042 ﬁdei
1219 1995 1410 2044 teSIcm
1435 1988 1500 2044 ad
1524 1989 1811 2046 Proculum

209 2083 270 2131 et
288 2074 587 2148 Cyllinium
610 2078 855 2149 aliosque
877 2077 1175 2134 Galliarum
1199 2081 1508 2151 episcopos,
1528 2097 1687 2153 quam
1714 2083 1815 2141 hac

209 2170 620 2241 subscriptione
666 2170 904 2226 ﬁrmavit
943 2170 1020 2240 (ὁ)
1058 2191 1073 2228 :
1115 2171 1232 2245 Ego
1280 2171 1533 2242 Leporius
1577 2174 1814 2231 libellum

210 2276 326 2315 meo
354 2278 508 2317 sensu
537 2262 807 2327 dictatum,
838 2264 895 2319 in
921 2281 1025 2336 quo
1049 2265 1206 2335 ﬁdem
1233 2281 1420 2333 meam,
1451 2266 1557 2323 Deo
1587 2269 1808 2338 volente,

208 2353 265 2407 in
307 2354 468 2423 ﬁnem
508 2372 670 2427 usque
707 2357 911 2424 tenebo,
962 2357 1264 2415 medullitus
1301 2360 1595 2430 exprimere
1636 2361 1813 2417 volens

209 2462 392 2501 coram
427 2449 620 2504 sanctis
663 2451 922 2521 cpiscopis
960 2451 1014 2504 in
1044 2453 1259 2506 ecclesia
1287 2451 1705 2525 Carthaginiensi
1730 2472 1813 2509 re-

208 2540 376 2594 latum
394 2539 699 2613 subscripsi.
724 2541 842 2609 Quo
862 2543 927 2598 de
944 2542 1152 2600 Libello
1168 2543 1382 2615 Leporii
1400 2546 1688 2602 Cassianus
1702 2546 1775 2620 (c)
1794 2567 1806 2601 :

207 2629 331 2699 Ita,
357 2631 561 2704 inquit,
595 2634 730 2688 male
770 2646 1071 2707 conceptam
1108 2639 1493 2709 persuasionem
1541 2640 1814 2710 magniﬁce

210 2726 613 2795 condemnavit;
643 2737 695 2781 ut
719 2745 824 2782 non
856 2731 1025 2784 minus
1055 2746 1184 2802 pene
1210 2731 1523 2786 admiranda
1551 2734 1618 2786 sit
1640 2749 1813 2788 corre-

208 2819 317 2872 ctio
345 2818 510 2887 illius,
541 2836 698 2890 quam
730 2819 899 2876 illtcsa
930 2823 1215 2876 multorum
1241 2824 1408 2894 ﬁdes:
1434 2825 1558 2894 quia
1585 2826 1812 2896 primum

204 2921 319 2979 est,
355 2928 584 2967 errorem
625 2918 832 2985 penitus
869 2932 972 2970 non
1010 2916 1309 2983 incurrere;
1333 2922 1650 2986 secundum,
1687 2920 1813 2976 bene

208 3004 505 3071 repudiare.
537 3005 874 3079 Subditque:
907 3006 966 3063 1s
995 3025 1117 3081 ergo
1146 3010 1201 3065 in
1225 3026 1278 3065 se
1304 3026 1557 3079 reuersus,
1591 3028 1695 3068 non
1718 3030 1810 3068 so-

206 3097 323 3151 lunt
348 3098 403 3152 in
431 3097 612 3167 Africa
634 3143 649 3168 ,
684 3101 766 3154 ubi
797 3108 921 3155 tunc
949 3111 1057 3157 erat
1085 3110 1131 3157 et
1162 3119 1298 3157 nunc
1322 3112 1427 3168 est,
1457 3112 1563 3159 tant
1585 3090 1811 3161 errorem

1919 1885 2038 1941 tela:
2085 1896 2261 1942 nostra
2307 1888 2466 1943 etiam
2508 1904 2665 1944 manu
2704 1889 3135 1945 subscribendum
3183 1892 3515 1963 putavimus,

1878 1982 1887 1995 ’
1918 1995 2081 2036 nosnos
2106 1995 2233 2036 esse
2257 1997 2587 2038 resumes.
2613 1982 2890 2052 Ejusmodi
2911 1992 3092 2040 autem
3124 1993 3341 2054 patrum
3371 1985 3517 2040 Afri-

1916 2087 2176 2128 canorum
2199 2072 2639 2146 epistola,inquit
2665 2073 2988 2132 Sirmondus
3010 2074 3248 2150 (m),etsi
3279 2086 3512 2150 quatuor

1915 2163 2302 2236 episcoporum
2344 2167 2563 2221 nomine
2590 2166 2789 2238 scripta
2818 2175 2901 2222 est
2927 2209 2942 2235 ,
2984 2168 3064 2225 sic
3080 2178 3271 2225 tamen
3302 2168 3518 2227 redolet

1915 2257 2114 2327 stylum
2146 2266 2308 2329 atque
2336 2257 2614 2329 ingenium
2646 2259 2955 2331 Augustini,
2977 2271 3035 2315 ut
3066 2259 3136 2317 ab
3163 2276 3229 2317 eo
3257 2261 3514 2319 dictatam

1916 2347 2086 2405 fuisse
2106 2348 2333 2405 dubium
2356 2366 2463 2405 nou
2498 2349 2762 2407 videatur.
2789 2353 2994 2423 Estque
3010 2368 3143 2410 sane
3163 2354 3306 2412 inter
3331 2356 3514 2427 Augu-

1913 2441 2174 2498 stiuianas
2194 2443 2463 2500 recensita
2495 2442 2595 2515 (η).
2619 2443 2725 2501 Sed
2750 2443 2849 2501 hac
2863 2444 2930 2502 de
2958 2460 3019 2502 re
3047 2446 3335 2504 consulere
3355 2447 3515 2518 juve-

1914 2535 2243 2594 riteruditos
2265 2536 2518 2593 Historia:
2535 2538 2813 2595 litteraria:
2845 2539 3065 2597 Gallica:
3086 2542 3384 2615 scriptores
3405 2543 3508 2615 (0),

1913 2633 2022 2702 qui“
2058 2631 2283 2703 Leporii
2336 2632 2507 2690 fetum
2564 2649 2687 2691 esse
2744 2635 3064 2706 opusculum
3119 2634 3240 2706 ejus
3291 2634 3514 2692 nomine

1914 2724 2232 2795 inscriptum
2259 2724 2456 2781 acriter
2485 2725 2795 2782 adstruunt.

1983 2820 2038 2873 4.
2067 2816 2311 2888 Magnam
2341 2816 2510 2901 fuisse
2549 2819 2695 2889 apud
2726 2826 2940 2875 veteres
2988 2817 3152 2891 hujus
3182 2817 3353 2877 libelli
3381 2835 3510 2877 aue—

1915 2911 2227 2979 toritatem,
2269 2910 2549 2984 ipsiusque
2597 2922 2879 2983 parentem
2919 2912 3214 2985 Leporium
3264 2912 3512 2971 habitum

1913 3007 2057 3063 inter
2084 3005 2211 3063 ﬁdei
2247 3004 2532 3064 catholica:
2563 3017 2994 3079 propugnatores
3024 3007 3284 3064 adversus
3313 3007 3513 3064 Nesto-

1915 3100 2054 3155 rium
2084 3098 2470 3169 comperimus.
2502 3097 2559 3154 Id
2590 3113 2722 3155 vero
2739 3107 2955 3154 constat
2982 3097 3037 3153 iu
3065 3099 3255 3171 primis
3282 3115 3349 3156 ex
3372 3098 3510 3156 Cas-

205 3206 365 3245 suum
385 3206 503 3244 cum
530 3190 731 3260 dolore,
761 3209 920 3264 quant
948 3194 1058 3248 sine
1077 3196 1276 3266 pudore
1297 3198 1567 3268 confessus
1586 3207 1701 3264 est;
1725 3196 1813 3253 sed
1838 3194 1886 3258 Ω
1918 3194 2073 3252 siano
2089 3194 2183 3267 qui
2207 3205 2488 3267 postquam
2516 3195 2799 3265 complura
2818 3209 2887 3250 ex
2903 3193 3094 3251 eodem
3118 3192 3301 3251 libello
3328 3209 3512 3251 excer-

206 3286 366 3341 etiam
387 3283 458 3340 ad
478 3301 654 3340 omnes
675 3287 961 3342 admodum
984 3287 1175 3343 Gallia:
1191 3289 1440 3357 civitates,
1465 3290 1660 3362 ﬂebiles
1686 3307 1809 3346 con-

207 3378 452 3452 fessionis
478 3394 541 3434 ac
568 3378 806 3451 planctus
834 3381 917 3434 sui
944 3379 1142 3436 litteras
1170 3380 1356 3437 dedit:
1392 3381 1589 3438 scilicet
1626 3392 1682 3437 ut
1722 3382 1812 3437 ubi

208 3471 435 3526 deuiatio
460 3472 574 3542 ejus
602 3470 749 3542 prius
776 3472 982 3545 cOgnita
1010 3481 1121 3527 erat
1144 3517 1158 3540 ,
1198 3474 1310 3529 illic
1341 3475 1495 3530 etiam
1521 3475 1811 3532 emendatio

209 3573 545 3633 nosceretur;
571 3573 620 3622 et
654 3567 748 3638 qui
784 3575 933 3622 testes
972 3568 1161 3624 erroris
1192 3577 1347 3625 antea
1375 3570 1620 3642 fuerant,
1653 3570 1811 3625 iidem

209 3669 394 3731 postea
425 3659 757 3715 correctionis
784 3671 971 3718 essent.

284 3756 342 3809 5.
384 3752 555 3810 Porro
581 3753 891 3826 lmjusmodi
938 3757 1295 3830 Leporianum
1326 3759 1571 3818 libellum
1598 3761 1667 3819 ab
1696 3761 1812 3817 Au-

210 3844 429 3916 gustino
479 3848 646 3904 fuisse
691 3850 1063 3921 conscriptum
1089 3893 1106 3920 ,
1151 3868 1274 3909 cum
1318 3869 1387 3910 ex
1423 3854 1566 3927 stylo
1598 3866 1707 3911 tum
1746 3870 1815 3912 ex

212 3938 470 4009 loquendi
510 3939 761 3998 formulis
794 3943 1038 4000 nonnulli
1072 3945 1173 4001 viri
1216 3945 1365 4003 docti
1405 3947 1810 4027 existimarunt,

212 4031 516 4088 Garnerius
549 4033 650 4105 (ά),
671 4033 1021 4102 Quesnellins
1043 4036 1527 4110 (e),Tillemontius
1554 4041 1625 4113 (Ῑ)
1651 4050 1815 4114 atque

212 4141 442 4197 operum
468 4126 876 4185 Norisianorum
902 4131 1141 4190 editores
1168 4133 1267 4207 (g):
1298 4134 1364 4191 iis
1393 4135 1657 4207 impritnis
1690 4152 1816 4207 per-

214 4220 348 4275 moti
396 4220 694 4277 rationibus
715 4265 728 4289 ,
762 4223 908 4294 quod
957 4224 1099 4282 inter
1129 4228 1438 4283 testimonia
1479 4229 1722 4300 cpistola:
1751 4229 1810 4286 S.

213 4311 415 4368 Leonis
464 4312 565 4371 I65
609 4314 854 4385 subjecta
898 4316 973 4390 (Ii)
1020 4316 1238 4389 Leporii
1276 4319 1493 4378 libellus
1527 4322 1816 4395 Augustini

217 4406 440 4462 nomine
487 4406 821 4463 inscribitur.
872 4409 1022 4466 Idem
1075 4409 1418 4479 factitatum,
1454 4414 1727 4487 inquiunt,
1760 4417 1816 4473 in

222 4497 441 4554 actione
494 4504 532 4553 ιι
565 4500 782 4556 concilii
829 4499 1291 4561 Chalcedonensis
1323 4505 1410 4579 (ὅ).
1444 4507 1630 4580 Neque
1657 4509 1818 4565 aliter

1918 3291 2088 3360 pscrit
2112 3288 2250 3353 loca,
2267 3303 2421 3344 suam
2443 3288 2528 3345 his
2548 3286 2730 3345 verbis
2755 3287 3081 3344 sententiam
3100 3287 3375 3345 concludit
3391 3285 3470 3359 (ρ)
3497 3303 3513 3342 :

1917 3379 2071 3436 Hanc
2091 3397 2215 3455 ergo
2253 3382 2366 3454 ejus
2395 3380 2664 3454 (Leporii)
2685 3381 3061 3453 confessionem
3079 3424 3093 3449 ,
3119 3380 3174 3434 id
3204 3387 3278 3436 est
3300 3420 3315 3447 ,
3337 3377 3516 3435 catho-

1916 3477 2136 3534 licorum
2174 3475 2409 3531 omnium
2447 3474 2640 3546 ﬁdem,
2685 3485 2734 3531 et
2776 3490 2957 3531 omnes
3008 3473 3244 3544 Africani
3289 3472 3520 3545 cpiscOpi
3577 3552 3584 3559 ο

1916 3573 2053 3629 unde
2078 3572 2367 3642 scribebat,
2411 3582 2459 3628 et
2487 3588 2660 3628 omnes
2687 3571 2954 3629 Gallicani
2981 3572 3051 3627 ad
3083 3590 3213 3643 quos
3239 3572 3516 3644 scribebat,

1915 3665 2402 3733 comprobaverunt.
2440 3665 2621 3736 Neque
2658 3664 2802 3721 ullus
2844 3664 3018 3721 adhuc
3060 3666 3272 3721 omnino
3299 3665 3518 3734 exstitit,

1915 3761 2002 3814 cui
2022 3759 2152 3829 ﬁdes
2174 3759 2284 3813 lucc
2306 3765 2419 3813 sine
2441 3757 2771 3827 inﬁdelitatis
2800 3757 3017 3813 crimine
3036 3756 3368 3827 displiceret:
3391 3757 3519 3830 quia

1916 3853 2170 3927 professio
2200 3851 2480 3924 impietatis
2507 3859 2602 3920 est,
2643 3850 2914 3925 probatam
2942 3867 3133 3923 negare
3158 3852 3335 3922 ﬁdem.
3365 3853 3519 3917 Prae:

1921 3954 2069 4003 terea
2097 3945 2338 4002 Joannes
2380 3944 2421 4000 Il
2473 3960 2610 4017 papa
2654 3960 2722 4001 ex
2752 3944 2944 4001 eodem
2995 3945 3301 4016 Leporiano
3328 3946 3517 4003 libello

1918 4037 2290 4096 testimonium
2319 4039 2531 4109 accepit
2550 4052 2657 4109 quo
2684 4036 2806 4093 lidei
2836 4036 3033 4108 dogma
3060 4037 3522 4106 lirmaret,simul—

1918 4150 2024 4206 que
2054 4132 2297 4190 libellum
2339 4130 2491 4187 illum
2530 4129 2742 4203 synodo
2787 4128 3062 4186 Africana:
3103 4130 3517 4201 comprobatum

1920 4228 2173 4294 asseruit;
2193 4227 2392 4297 quippe
2415 4225 2504 4297 qui
2520 4225 2957 4280 videlicetcoram
2977 4225 3168 4278 sanctis
3181 4223 3434 4295 episcOpis
3462 4223 3521 4277 iu

1920 4321 2135 4377 ecclesia
2162 4317 2578 4390 Carthaginiensi
2606 4317 2823 4373 rilectus
2856 4317 3038 4385 fuerit,
3070 4328 3126 4372 ut
3155 4316 3345 4373 scribit
3372 4317 3517 4373 idem

1922 4411 2186 4485 chorius
2215 4410 2537 4486 (q).Accipe
2564 4410 2763 4467 laudati
2809 4409 3040 4466 Romani
3071 4409 3339 4480 pontiﬁcis
3384 4425 3511 4466 vcr-

1923 4508 1988 4563 ba
2004 4507 2074 4580 (r)
2091 4524 2106 4565 :
2124 4505 2397 4580 Leporius,
2415 4503 2607 4577 inquit,
2630 4505 2683 4560 in
2701 4505 2921 4577 epistola
2938 4522 3092 4577 quam
3113 4503 3356 4561 Aurelius
3371 4506 3511 4579 epis-

221 4590 422 4663 legitur
440 4591 582 4662 apud
604 4592 993 4652 Theodoritum
1028 4596 1124 4670 (j).
1158 4597 1229 4655 At
1258 4615 1390 4656 vero
1414 4599 1502 4657 hic
1525 4602 1813 4659 adverten-
1841 4592 1890 4655 Ι)
1916 4616 2075 4671 copus
2110 4599 2556 4671 Carthaginiensis
2583 4607 2633 4654 et
2655 4599 2835 4653 beatas
2860 4597 3180 4671 Augustinus
3204 4608 3253 4654 et
3277 4599 3506 4672 synodus

221 4684 378 4753 dum,
401 4701 566 4743 unum
590 4686 949 4760 eamdemque
969 4702 1091 4745 esse
1117 4690 1293 4746 locum
1311 4706 1377 4748 es
1391 4692 1611 4764 Leporii
1635 4694 1819 4751 libello

220 4776 569 4852 desumptum
601 4779 702 4852 (lt),
730 4783 822 4853 qui
848 4783 993 4853 apud
1023 4783 1275 4841 laudatos
1302 4787 1598 4857 scriptorcs
1626 4803 1818 4845 occur-

213 4870 330 4927 rit:
384 4879 446 4928 ut
484 4882 768 4947 propterea
813 4890 879 4933 ex
928 4891 1029 4933 una
1063 4876 1262 4935 Leonis
1292 4878 1522 4951 epistola
1564 4896 1818 4941 manasse

290 5098 393 5171 (a)
424 5096 614 5171 Lepor.
647 5096 841 5154 Libell.
879 5097 1110 5160 Emend.
1142 5103 1171 5176 δ
1201 5103 1259 5172 2,
1289 5103 1452 5162 infra.

291 5170 385 5241 (b)
416 5168 504 5241 ζα.
535 5170 665 5226 ibid.

291 5174 385 5314 εἴ
742 5257 793 5298 c.
823 5258 943 5317 cap.
973 5247 1006 5301 lt
1030 5290 1045 5316 ,
1079 5263 1199 5329 pag.
1230 5247 1359 5305 908.

291 5313 388 5392 (ά)
418 5311 643 5392 Garuer.
677 5329 733 5392 in
766 5316 1020 5392 Appengd.
1041 5327 1143 5392 cit.
1167 5335 1291 5392 pag.
1324 5319 1452 5387 I45,
1477 5327 1598 5377 not.
1626 5319 1664 5374 2

297 5388 395 5465 μ)
426 5386 617 5465 Queen.
660 5386 727 5465 a_d
752 5386 913 5465 cpiast.
948 5390 1007 5446 S.
1037 5386 1211 5448 Leon.
1241 5386 1396 5460 ⁷154,
1429 5386 1562 5448 tom.
1598 5392 1663 5461 Il,
1694 5408 1818 5465 pag.

223 5456 359 5522 508,
372 5458 519 5529 pedit.
552 5456 725 5529 Lugd.
760 5458 920 5515 1700.

336 5527 389 5605 Ι)
414 5526 621 5605 71".?“-
642 5526 789 5605 1"."3_-
816 5530 960 5605 XIII.
992 5547 1117 5605 ras-
1144 5533 1278 5605 885,-

336 5528 365 5600 f
414 5528 621 5583 Tillem.
657 5539 789 5583 tum.
816 5530 960 5599 XIII,
992 5547 1117 5605 pag.
1144 5533 1278 5591 885.

299 5528 391 5677 ig;
418 5597 617 5677 [fallen
647 5597 717 5655 ad
741 5599 922 5658 Neris.
938 5620 1072 5677 opp.
1107 5615 1215 5661 tom
1246 5604 1339 5672 IV,
1368 5620 1490 5677 pag.
1515 5607 1645 5663 889.

294 5669 389 5748 (ii)
416 5669 739 5748 Qeon._opp.
773 5682 907 5748 tom.
935 5669 1135 5748 Εὐας.
1161 5669 1333 5747 1592.
1352 5669 1485 5734 edi}.
1514 5678 1711 5735 Baller.

335 5742 384 5819 i)
411 5742 627 5819 C_oncil_.
658 5754 790 5819 tum.
826 5745 917 5819 IV,
953 5742 1271 5819 ρξὶέλῖὂι.

335 5753 350 5797 t
411 5753 627 5799 Couctl.
658 5754 790 5798 tum.
826 5753 917 5810 IV,
953 5762 1075 5819 pag.
1109 5753 1271 5805 1254.

295 5753 386 5891 ω
427 5812 694 5872 Theodor.
724 5814 861 5873 Dial.
890 5833 950 5888 tt,
986 5834 1116 5892 opp.
1149 5829 1283 5878 tom.
1316 5818 1407 5891 IV,
1439 5836 1563 5894 pag.
1591 5820 1718 5891 I08,
1740 5817 1801 5880 2.

1927 4693 2175 4764 Africana
2202 4693 2444 4762 ﬁrmarit,
2478 4701 2582 4748 etc.
2613 4690 2727 4748 lluc
2747 4691 2977 4760 accedit,
3007 4691 3150 4764 quod
3175 4693 3227 4747 in
3250 4693 3523 4764 supplica-

1926 4790 2071 4846 tione
2119 4787 2303 4844 Basilii
2350 4784 2567 4843 diaconi
2605 4794 2661 4844 et
2706 4786 3145 4844 archimandrita:
3183 4787 3521 4860 aliorumque

1926 4881 2318 4940 monachorum
2351 4921 2368 4949 ,
2449 4895 2596 4938 anno
2650 4880 2759 4938 450
2819 4880 3129 4940 Theodosio
3205 4880 3522 4953 imperatori

2004 5105 2100 5181 (lt)
2120 5106 2318 5181 lepor.
2351 5106 2545 5181 Libell.
2579 5107 2813 5181 Emend,
2847 5107 2876 5181 §
2909 5107 2964 5181 5,
2986 5108 3154 5181 inira.

2001 5179 2091 5251 (l)
2118 5179 2296 5308 Εὲἰδι.
2323 5180 2493 5251 episc.
2522 5180 2642 5236 Afr.
2665 5179 2809 5235 infra
2838 5179 2947 5236 col.
2976 5180 3139 5238 1251.

2001 5250 2020 5308 l
2040 5250 2124 5308 in)
2196 5251 2426 5307 irmond.
2455 5250 2523 5307 ad
2553 5249 2752 5308 Lenor.
2775 5251 2829 5307 in
2851 5267 2981 5308 onp.
3013 5261 3139 5308 tom.

1999 5249 2124 5335 (in)
2153 5249 2752 5335 Sirmond._ad_£.990r.
2775 5251 2829 5307 in
2851 5267 2981 5323 opp.
3013 5261 3148 5308 tom.
3169 5253 3213 5325 I,
3242 5270 3363 5329 pag.
3387 5256 3520 5329 557,

1930 5331 2043 5377 not.
2077 5338 2133 5389 a,
2155 5322 2289 5378 edit.
2321 5322 2497 5380 Paris.
2522 5322 2684 5380 1696.

1996 5393 2101 5538 (np
2131 5393 2270 5477 Aug.
2293 5396 2463 5477 epist.
2492 5396 2622 5460 219.
2645 5410 2773 5522 opp.
2805 5404 2938 5451 tom.
2967 5393 3034 5460 II,
3059 5411 3188 5526 pop.
3219 5399 3346 5457 8t0.

1996 5463 2061 5537 (ο
2127 5465 2267 5522 Hist.
2298 5464 2465 5523 littér.
2496 5466 2568 5524 de
2595 5467 2646 5523 la
2722 5481 2908 5535 rauce,
2957 5474 3092 5523 tom.
3160 5470 3199 5538 l,
3247 5486 3346 5538 pag

1994 5463 2094 5538 (ο)
2127 5463 2267 5522 Hist.
2298 5463 2465 5523 littér.
2496 5466 2568 5524 de
2595 5467 2646 5523 la
2680 5463 2908 5535 France,
2957 5463 3092 5523 toni.
3131 5463 3199 5541 Il,
3247 5486 3371 5544 pag.
3418 5472 3527 5532 175

1929 5549 2077 5678 δθίῖρ
2093 5607 2114 5748 ἰ
2145 5607 2385 5665 Cassian.
2413 5608 2497 5692 .de
2525 5608 2743 5667 Iucarn.
2770 5609 2866 5667 uti.
2898 5623 2939 5677 I,
2966 5625 3092 5695 cap.
3118 5611 3175 5682 6,
3202 5628 3326 5688 pag.
3357 5616 3488 5675 tua.

2004 5680 2078 5748 (q
2141 5679 2331 5748 Lepor.
2364 5680 2564 5738 Libell.
2597 5682 2830 5739 Emend.
2863 5680 2895 5748 §
2925 5682 2995 5739 10
3016 5683 3176 5741 intra.

1916 5820 1923 5825 ι
2003 5679 2566 5837 ξῗξῇιὲίῇῗέίῖ
2588 5680 3240 5837 ὲθιέἓιῘἻῖἓιὶο.
3268 5764 3402 5818 ιοω.
3442 5759 3484 5818 v
3505 5806 3523 5837 ,

1934 5835 2057 5894 pag.
2088 5822 2224 5896 898,
2250 5823 2388 5883 edit.
2424 5822 2559 5884 .Ven.
2588 5823 2763 5884 Labb.

3489 6020 3495 6025 .
3510 6002 3525 6029 \
