4076 6352
512 302 534 356 1
547 302 651 360 2'25

1769 298 2041 363 LEPORII
2082 299 2523 361 PRESBYTER]

3684 298 3827 356 κει

501 434 623 472 cum
670 418 961 475 multorum
1006 418 1264 476 seandalo
1295 418 1431 474 lucri
1460 427 1687 474 conatus
1716 435 1877 486 sum,
1930 418 2096 489 quod,
2129 422 2175 481 Λ
2203 416 2367 472 credo
2388 414 2517 485 quia
2550 411 2728 485 potuit
2754 428 2769 468 :
2797 411 3055 494 quoniam
3078 419 3250 466 status
3284 411 3376 468 Dei
3402 411 3607 468 nullum
3645 421 3828 481 ro'est

500 512 638 567 sicut
669 528 813 568 nunc
844 514 962 571 luce
997 512 1199 569 clarius
1231 512 1641 577 manifestatur,
1694 528 1880 568 errOre
1912 513 2099 566 huma-

506 605 560 660 ni
591 620 783 661 sensus
814 608 1017 678 magis,
1059 620 1219 677 quam
1249 606 1460 661 ratione
1494 604 1619 659 lidei
1650 619 2097 674 pnesutnpseram

504 697 932 755 defendendum.
988 706 1014 735 l‘
1043 698 1150 754 Sed
1194 697 1319 769 quia
1364 696 1512 751 aliud
1556 696 1672 751 fieri
1720 713 1824 751 non
1859 705 2100 766 poterat,

507 797 613 852 nisi
647 805 706 851 ut
731 794 949 868 propria
984 793 1215 850 stultitia
1247 793 1300 847 in
1329 808 1415 847 me
1460 792 1705 857 viveret,
1752 792 1967 862 quatulo
2001 805 2103 862 ego

505 890 636 946 mihi
660 888 961 960 discipulus
990 887 1287 944 habueram
1312 902 1400 944 me
1428 887 1741 959 magistrum
1769 904 1783 941 :
1817 896 1866 942 et
1896 886 2099 940 u-inatu

507 980 991 1054 prtesumptionem
1019 996 1196 1037 meam
1224 996 1387 1051 quam
1419 981 1755 1037 animaverat
1792 980 2100 1046 inscientia,

504 1076 762 1148 fregisset
794 1075 1100 1131 humilitas.
1144 1074 1253 1132 Sed
1287 1074 1389 1130 heu
1422 1073 1592 1141 mihi,
1634 1074 1756 1144 quia
1788 1074 1839 1127 in
1872 1082 2103 1142 utroque

506 1173 762 1227 inventus
786 1185 942 1237 sum,
989 1169 1428 1235 ctlemerarins,
1478 1176 1534 1223 et
1560 1168 1847 1235 superbus.
1899 1166 1966 1220 At
1992 1165 2102 1232 jzun

507 1265 617 1322 ista
658 1265 818 1321 venia
856 1273 1035 1321 vestra
1068 1264 1393 1335 prtetervolo
1418 1304 1432 1328 ,
1485 1274 1540 1319 et
1572 1262 1716 1332 quod
1746 1275 1888 1315 nunc
1916 1261 2101 1324 inSt-tt,

504 1373 670 1430 agere
696 1373 802 1413 non
833 1357 1107 1413 morabor.
1140 1355 1432 1411 Festinabo
1462 1355 1743 1409 vulnerata
1773 1366 1986 1414 curare,
2013 1351 2103 1419 qui

503 1464 634 1507 sana
686 1449 969 1506 transfudi.
1024 1449 1139 1504 Non
1188 1450 1296 1503 erit
1341 1449 1393 1503 in
1440 1446 1784 1515 sustipienda
1835 1444 2104 1501 medicina

503 1544 795 1611 confusio,
825 1543 917 1616 qui
967 1543 1018 1598 in
1069 1540 1425 1598 custodienda
1496 1539 1801 1594 valetudine
1852 1553 1961 1592 non
2008 1536 2108 1591 fuit

503 1647 661 1695 cauta
685 1637 943 1710 provisio.
985 1634 1140 1694 Unde
1170 1645 1294 1690 nata
1319 1642 1402 1690 cst
1424 1631 1720 1698 discordia,
1743 1644 1848 1701 pax
1874 1628 2001 1684 inde
2028 1627 2108 1698 gi-

504 1740 722 1803 gnatur.

574 1826 631 1881 Ξ.
672 1824 913 1896 Epistola
956 1823 1168 1894 itaque,
1219 1827 1410 1876 auctor
1444 1816 1686 1875 scandali
1722 1826 1774 1872 et
1807 1812 2102 1871 oﬂ‘endieu-
2135 1806 2182 1867 B

508 1919 620 1976 lum
661 1917 945 1976 charitatis
970 1958 985 1985 ,
1035 1931 1065 1971 a
1106 1931 1193 1971 me
1226 1911 1498 1985 quondam
1541 1909 1860 1980 simpliciter
1898 1907 2101 1977 scripta

508 2012 728 2086 quidem
752 2053 767 2079 ,
799 2010 895 2067 sed
925 2012 977 2066 in
1009 2008 1333 2081 quihusdam
1357 2049 1372 2075 ,
1408 2015 1467 2061 ut
1494 2019 1730 2077 agnosco
1757 2049 1772 2072 ,
1817 2001 2107 2057 infideliter

508 2106 779 2174 ordinata,
812 2118 1000 2176 quaeso
1022 2102 1321 2159 secundum
1350 2099 1508 2169 hujus
1535 2096 1779 2170 epismlae
1808 2094 2103 2166 professio-

509 2216 631 2257 nem
669 2208 725 2255 et
753 2179 1130 2254 sanctimonia:
1173 2205 1367 2250 vestra:
1407 2194 1819 2256 auctoritatem,
1869 2200 1927 2244 ιιι
1954 2188 2008 2245 in
2042 2202 2103 2244 ca

509 2295 718 2366 pagina:
748 2301 900 2364 parte
920 2332 936 2358 ,
964 2291 1048 2346 vt-l
1077 2305 1237 2346 causa
1260 2330 1276 2357 ,
1318 2289 1370 2343 in
1404 2287 1697 2344 abolitione
1723 2283 1978 2340 calcanda
2008 2282 2108 2337 du-

508 2394 684 2457 catur,
719 2384 772 2440 in
805 2399 907 2457 qua
931 2391 1119 2440 contra
1145 2381 1427 2438 veritatem
1458 2395 1551 2450 per
1575 2378 1928 2450 ignorantiam
1963 2375 2106 2432 edita

511 2480 930 2551 comprobatur:
962 2487 1020 2533 nt
1049 2478 1260 2533 cunctis
1283 2475 1592 2531 innotescat
1618 2484 1673 2529 et
1701 2480 1911 2544 pateat,
1958 2470 2107 2540 justo

504 2574 712 2647 judicio
746 2571 879 2629 illud
924 2570 1068 2643 quod
1108 2578 1228 2627 erat
1271 2569 1523 2624 aemulum
1555 2567 1678 2623 lidei
1707 2608 1722 2633 ,
1773 2564 2105 2621 contrarium

510 2666 722 2724 veritati
748 2709 762 2733 ,
804 2664 873 2722 de
899 2680 1137 2734 corpore
1159 2663 1403 2733 ejusdem
1440 2662 1686 2732 epistola:
1727 2674 1850 2716 cum
1881 2658 2110 2714 damna-

508 2759 655 2815 tione
685 2773 805 2815 essc
836 2756 1102 2813 decisum.
1144 2754 1172 2793 ι)
1198 2753 1389 2809 Clamo
1415 2794 1430 2820 ,
1474 2767 1660 2809 verum
1696 2751 1869 2807 fateor
1888 2792 1904 2818 ,
1953 2763 1987 2805 ο
2011 2748 2110 2804 do-

507 2850 639 2907 mini
670 2850 775 2906 mci
803 2867 816 2904 :
870 2849 1090 2920 quidam
1123 2846 1315 2903 fratres
1347 2845 1544 2901 melius
1576 2843 1834 2900 interiora
1875 2854 2110 2898 cernen-

508 2955 612 3014 tes,
639 2944 735 3002 sed
763 2958 863 2999 nos
887 2944 1057 2999 multo
1085 2941 1365 2998 exteriora
1390 2939 1732 3012 palpavimus
1757 2954 1772 3005 ;
1820 2945 1877 2995 et
1901 2937 1952 2992 itt
1980 2950 2109 3009 pro-

508 3039 625 3109 pria
654 3038 887 3109 caligine
919 3034 1224 3102 constituti,
1255 3035 1361 3090 illis
1388 3033 1481 3105 qui
1513 3032 1732 3105 pr0pius
1754 3032 2107 3088 intuebantur

507 3131 881 3202 repntavimus
906 3129 1233 3186 caecitatem.
1264 3128 1332 3184 At
1374 3141 1518 3183 nunc
1539 3168 1554 3195 ,
1604 3128 1820 3184 favente
1848 3126 2101 3192 Domino,

504 3224 707 3297 apertis
748 3223 1075 3296 quandoque
1118 3222 1294 3279 oculis
1321 3263 1337 3288 ,
1385 3236 1507 3277 cum
1548 3220 1657 3276 illis
1700 3234 1891 3277 verum
1920 3219 2102 3277 lumen

502 3319 823 3390 aspicimus,
854 3328 1016 3389 atque
1042 3317 1097 3371 in
1128 3315 1317 3372 eadem
1346 3314 1484 3371 lucis
1507 3314 1706 3386 gratia,
1733 3314 1913 3385 posito
1944 3312 2102 3370 nobis

505 3427 537 3467 a
566 3427 701 3467 vero
733 3410 945 3467 medico
970 3408 1219 3466 sanitatis
1245 3409 1359 3464 luto
1393 3424 1558 3478 super
1596 3407 1784 3464 oculos
1810 3448 1825 3475 ,
1878 3422 2108 3464 revoca-

506 3521 627 3561 mus
653 3511 974 3576 aspectum;
1018 3511 1076 3559 et
1098 3502 1283 3559 Jesum
1310 3500 1588 3558 Chri-tum
1622 3500 1941 3570 Dominum,
1994 3516 2101 3557 non

504 3607 564 3654 ut
593 3609 750 3654 antea
783 3595 1103 3654 fallebamur
1129 3636 1145 3663 ,
1176 3594 1272 3652 sed
1303 3593 1445 3651 sicut
1471 3603 1557 3650 est
1581 3595 1809 3659 veritas,
1840 3592 2100 3650 sinceris-

502 3690 645 3748 simo
674 3691 948 3747 intuemur
978 3689 1173 3746 obtutu
1200 3705 1214 3743 :
1261 3696 1424 3759 atque
1448 3686 1600 3759 juxta
1632 3686 1865 3760 symboli
1903 3687 2102 3742 verita-

506 3795 648 3855 tem,
701 3783 753 3840 id
793 3783 941 3855 quod
970 3782 1271 3841 secundum
1309 3784 1547 3854 priorem
1586 3781 1959 3838 definitionem
2005 3797 2102 3837 no-

503 3886 707 3946 stram,
748 3876 840 3934 ubi
872 3893 979 3933 non
1004 3877 1283 3947 impietate
1310 3876 1485 3946 aliqua
1515 3917 1530 3940 ,
1578 3874 1677 3932 sed
1706 3874 2103 3931 seducebamur

500 3985 729 4040 errore,
776 3969 960 4027 dicere
996 3968 1322 4026 verebamur
1368 3967 1437 4024 de
1478 3967 1644 4023 Maria
1672 3966 1841 4023 Deum
1888 3976 2098 4033 natum,

501 4081 645 4123 nunc
666 4064 1107 4121 constantissime
1127 4062 1468 4120 confitemur.
1500 4071 1522 4101 ο
1550 4061 1756 4118 Tamen
1778 4059 1923 4132 quod
1944 4058 2101 4116 Chri-

499 4170 645 4217 stum
674 4158 870 4215 Filinm
898 4156 994 4215 Dei
1025 4165 1154 4214 tunc
1190 4157 1354 4213 etiam
1386 4166 1571 4212 natum
1612 4153 1681 4210 de
1717 4164 1902 4210 sancta
1934 4153 2099 4209 Maria

499 4267 827 4326 negaremus
851 4291 868 4320 ,
908 4261 1000 4321 et,
1038 4250 1179 4306 sicut
1209 4257 1266 4306 et
1295 4248 1394 4320 ipsi
1424 4245 1825 4312 recordamini,
1868 4243 1966 4302 sed
1996 4243 2099 4301 uti-

502 4345 651 4403 nime
692 4345 1039 4402 attendentes
1077 4341 1147 4398 ad
1190 4341 1508 4415 mysterium
1544 4338 1671 4396 lidei
1698 4379 1713 4405 ,
1761 4354 1868 4396 non
1918 4339 2094 4409 ipsum

503 4440 672 4497 Deum
700 4438 974 4494 hominem
1002 4444 1188 4492 natum
1208 4475 1225 4503 ,
1255 4433 1355 4490 sed
1380 4433 1679 4503 perfrctum
1709 4447 1833 4488 cum
1862 4430 1975 4488 Deo
2001 4446 2100 4487 na-

501 4542 616 4589 tum
660 4532 938 4589 hominem
970 4530 1324 4588 dicebamus:
1371 4528 1825 4599 pertimescentes
1861 4525 2091 4595 scilicet,

2205 514 2510 586 periculum
2537 512 2836 569 sustinere.
2868 510 2979 567 Nec
3027 510 3195 565 homo
3226 518 3446 581 propter
3493 526 3594 565 nos
3624 510 3821 574 factus,

2202 616 2263 663 ut
2281 606 2540 663 ederetur
2574 621 2641 661 ex
2687 604 2910 660 homine
2959 603 3241 676 indignum
3294 603 3525 658 habuit:
3558 601 3688 675 quia
3720 618 3828 659 nec

2202 700 2375 772 ipsam
2420 699 2697 756 hominem
2739 698 2919 756 facere
2974 698 3045 753 de
3099 696 3423 769 qna'homo
3481 705 3825 761 nasceretur,

2202 797 2357 854 duxit
2386 798 2688 867 indignum.
2724 805 2747 833 ε
2776 795 2834 852 Si
2868 810 3001 866 ergo
3025 792 3253 849 minime
3284 791 3655 864 pereipientes
3684 792 3830 849 hanc

2202 890 2500 957 potentiam
2546 890 2663 955 Dei,
2708 903 2872 944 sensu
2915 897 3105 943 nostro
3150 894 3209 942 et
3244 885 3463 957 propria
3492 883 3705 942 ratione
3732 901 3826 941 sa-

2205 984 2435 1052 pientes,
2467 999 2536 1038 ne
2568 980 2723 1051 quasi
2755 981 3014 1037 inferiora
3058 994 3118 1035 se
3144 979 3291 1036 Dens
3332 994 3495 1050 agere
3541 979 3829 1047 videatur,

2205 1076 2582 1133 ita‘hominem
2612 1091 2738 1131 cum
2770 1074 2885 1131 Deo
2912 1085 3103 1131 natum
3134 1088 3257 1129 esse
3284 1070 3557 1136 dicamus,
3582 1081 3640 1127 ut
3666 1086 3827 1129 seor-

2204 1186 2324 1227 sum
2354 1186 2476 1240 qua:
2500 1168 2598 1226 Dei
2628 1177 2758 1225 sunt
2787 1167 2893 1223 Soli
2922 1167 3039 1223 Deo
3066 1165 3280 1234 demus,
3311 1173 3369 1222 et
3400 1179 3653 1221 seorsum
3697 1180 3827 1236 qua:

2205 1262 2585 1321 sunthoutinis
2614 1262 2716 1318 soli
2741 1261 2945 1317 homini
2979 1269 3334 1331 reputemus;
3365 1268 3618 1331 quartam
3647 1257 3829 1315 mani-

2208 1356 2502 1413 festissime
2550 1354 2858 1411 inducimus
2910 1352 2964 1410 in
3012 1353 3283 1409 Trinitate
3327 1366 3619 1422 personam
3664 1358 3725 1408 ct
3753 1350 3830 1406 de

2209 1465 2315 1505 uno
2349 1449 2460 1504 tilio
2492 1448 2585 1503 Ι)ιοὶ
2618 1462 2723 1504 non
2752 1462 2944 1512 unum,
2976 1445 3074 1503 sed
3118 1445 3298 1502 facere
3343 1445 3635 1515 incipimus
3685 1446 3827 1501 duos

2207 1542 2453 1599 Christos
2486 1559 2498 1594 :
2532 1542 2674 1611 quod
2703 1557 2732 1595 a
2783 1540 2943 1597 nobis
2990 1540 3107 1612 ipse
3128 1538 3240 1610 jam
3291 1539 3556 1595 Dominus
3582 1550 3639 1594 et
3683 1538 3832 1595 Deus

2205 1635 2458 1692 Chrisnts
2515 1644 2752 1690 avertat.
2818 1635 2961 1703 Ergo
3023 1634 3356 1690 confitentur
3406 1633 3696 1690 Dominum
3760 1649 3832 1690 ac

2213 1729 2376 1785 Deum
2406 1738 2645 1785 nostrum
2667 1727 2763 1784 Jes
2784 1744 2858 1784 tm
2885 1727 3191 1800 Christum,
3226 1727 3444 1784 unicum
3478 1726 3677 1783 Filium
3703 1727 3826 1795 Dei,

2208 1823 2297 1894 qui
2328 1830 2454 1877 ante
2488 1823 2686 1879 sarcula
2731 1832 2890 1878 natus
2918 1837 2986 1878 ex
3026 1831 3179 1893 patre
3209 1828 3314 1891 est,
3347 1820 3641 1878 novissimo
3687 1830 3833 1877 tem-

2209 1932 2345 1987 pore
2374 1915 2443 1973 de
2479 1916 2681 1988 Spiritu
2712 1928 2905 1973 sancto
2933 1924 2991 1972 et
3033 1914 3199 1972 Maria
3247 1929 3466 1984 semper
3504 1915 3718 1987 virgine
3747 1914 3831 1970 fa-

2208 2019 2353 2064 ctum
2396 2007 2669 2063 hominem
2704 2008 2870 2063 Deunt
2897 2015 3082 2062 natum
3112 2024 3127 2061 :
3169 2013 3228 2063 et
3247 2006 3578 2063 confitentes
3614 2016 3831 2064 utram-

2207 2117 2316 2173 que
2344 2101 2720 2167 substantiam,
2765 2101 2937 2157 Denm
2976 2111 3138 2172 atque
3169 2099 3445 2155 hominem
3476 2099 3827 2170 inseparabi—

2210 2194 2313 2251 lem
2365 2197 2450 2268 pia
2499 2196 2973 2253 ﬁdeicrcdulitate
3019 2194 3367 2266 suscipimus,
3398 2206 3547 2253 etex
3579 2206 3833 2268 tempore

2209 2299 2477 2359 StlSCcplt‘e
2518 2287 2726 2357 carnis,
2761 2287 2839 2344 sic
2883 2287 3068 2344 omnia
3116 2287 3349 2344 dicimus
3382 2304 3502 2360 qua:
3531 2297 3691 2345 erant
3728 2287 3829 2344 Dei

2211 2382 2469 2438 transisse
2497 2381 2549 2437 in
2582 2381 2879 2449 hominem,
2912 2390 2974 2437 ut
3000 2380 3179 2437 omnia
3223 2396 3347 2452 qua:
3377 2390 3533 2436 erant
3584 2379 3831 2436 hominis

2211 2476 2262 2531 in
2298 2477 2463 2532 Deum
2497 2477 2749 2534 venirent
2780 2496 2794 2532 :
2829 2488 2884 2533 et
2916 2478 3017 2533 hac
3064 2477 3424 2549 intelligentia
3471 2477 3713 2534 Verbum
3747 2477 3832 2532 fa-

2208 2580 2353 2627 ctum
2388 2570 2460 2627 sit
2487 2586 2637 2636 caro,
2690 2586 2795 2627 non
2829 2580 2887 2628 ut
2922 2570 3283 2628 conversione
3328 2581 3421 2628 aut
3463 2572 3831 2628 mutabilitate

2207 2664 2387 2736 aliqua
2414 2665 2640 2735 coeperit
2673 2680 2797 2722 esse
2836 2666 2979 2735 quod
3011 2681 3120 2721 non
3150 2675 3291 2733 erat,
3335 2665 3433 2723 sed
3477 2674 3537 2721 ut
3579 2666 3829 2737 potentia

2209 2757 2406 2813 dirime
2454 2757 2878 2829 dispensationis
2922 2757 3161 2817 Verbum
3205 2757 3399 2829 patris,
3449 2773 3746 2830 numquam
3793 2773 3828 2814 a

2211 2861 2361 2922 patre
2394 2851 2705 2922 discedens,
2754 2850 2920 2907 homo
2948 2852 3168 2924 proprie
3195 2851 3312 2909 fieri
3354 2852 3699 2924 dignaretur,
3734 2854 3823 2910 in-

2208 2954 2577 3018 carnatusque
2592 2945 2993 3017 situnigenitus
3020 2955 3238 3001 secreto
3268 2944 3361 3001 illo
3390 2945 3650 3017 mysterio
3677 2945 3827 3016 quod

2210 3039 2325 3111 ipse
2379 3041 2532 3094 novit
2577 3056 2590 3093 :
2646 3046 2895 3096 nostrum
2951 3053 3184 3110 namque
3235 3046 3322 3095 est
3369 3038 3620 3107 credere,
3673 3038 3827 3096 illius
3898 3055 3905 3062 ·

2209 3148 2392 3191 nosse.
2428 3138 2507 3190 Ac
2537 3132 2617 3191 sic
2646 3144 2701 3189 ut
2725 3135 2840 3207 ipse.
2864 3133 3011 3190 Deus
3031 3133 3289 3201 Verbum,
3324 3144 3491 3191 totum
3513 3135 3832 3207 suscipiens

2207 3229 2352 3301 quod
2395 3237 2482 3285 est
2523 3228 2777 3294 hominis,
2826 3228 2992 3285 homo
3041 3229 3143 3295 sit;
3176 3237 3231 3285 et
3287 3238 3599 3301 assumptus
3623 3229 3817 3296 homo,
3881 3251 3886 3255 ·

2212 3332 2384 3379 totum
2415 3322 2741 3393 accipiendo
2788 3321 2933 3394 quod
2991 3330 3077 3378 est
3105 3322 3225 3387 Dei,
3269 3323 3422 3380 aliud
3472 3338 3635 3395 quam
3678 3323 3828 3379 Deus

2205 3430 2327 3472 esse
2358 3430 2465 3471 non
2491 3414 2681 3486 possit.
2708 3413 2827 3471 Non
2870 3423 3074 3480 tamen,
3114 3414 3241 3485 quia
3275 3416 3595 3473 incarnatus
3621 3415 3828 3471 dicitur

2206 3517 2260 3565 et
2303 3507 2617 3574 immixtus,
2646 3506 2940 3561 diminutio
2968 3504 3088 3576 ejus
3116 3514 3200 3561 est
3224 3504 3544 3577 accipienda
3571 3506 3826 3563 substan-

2206 3601 2316 3659 tiae.
2348 3599 2509 3656 Novit
2544 3600 2690 3654 enim
2739 3599 2885 3655 Deus
2910 3599 3031 3655 sine
3069 3599 3151 3655 sui
3188 3600 3546 3671 corruptione
3573 3600 3820 3669 misceri,

2203 3705 2260 3752 et
2304 3705 2487 3752 tamen
2536 3694 2587 3749 iu
2622 3694 2856 3751 veritate
2893 3694 3151 3751 misceri:
3195 3693 3343 3749 novit
3374 3692 3430 3750 in
3463 3708 3525 3751 se
3579 3694 3652 3750 ita
3695 3709 3826 3751 sus-

2203 3788 2408 3860 cipere,
2439 3796 2501 3844 ut
2524 3787 2657 3843 nihil
2689 3787 2740 3843 ei
2782 3797 2996 3843 crescat
3032 3788 3330 3859 augmenti,
3373 3789 3464 3859 qui
3493 3802 3556 3844 se
3586 3789 3701 3859 ipse
3727 3796 3823 3845 to-

2205 3892 2316 3939 tum
2348 3882 2499 3939 novit
2529 3882 2836 3950 infundere,
2870 3891 2926 3937 ttt
2953 3883 3086 3938 nihil
3119 3883 3331 3939 accidat
3364 3883 3705 3940 detrimenti.

2274 3977 2330 4032 4.
2374 3975 2491 4032 Νοη
2536 3990 2670 4048 ergo
2718 3976 2784 4032 ad
2843 3975 3255 4047 intelligentiam
3298 3975 3691 4033 imbecillitatis
3718 3992 3825 4033 no-

2202 4081 2351 4138 strze,
2382 4070 2683 4128 secundum
2704 4057 3208 4142 experimentorum
3242 4069 3483 4126 visibilia
3510 4069 3824 4127 documen-

2204 4173 2256 4220 ta
2289 4163 2550 4221 facientes
2573 4163 2945 4235 conjecturam
2969 4162 3036 4219 dc
3057 4163 3358 4235 aequalibus
3382 4177 3444 4220 se
3470 4163 3703 4219 invicem
3731 4162 3824 4220 in-

2200 4256 2578 4329 gredientihus
2605 4257 2890 4321 creaturis,
2930 4264 3183 4324 putemus
3217 4256 3385 4312 Deum
3419 4256 3820 4328 hominemque

2201 4349 2577 4416 commixtum,
2601 4357 2656 4404 et
2683 4347 2775 4403 tali
2803 4348 3128 4405 confusione
3154 4349 3334 4403 carnis
3370 4358 3424 4403 et
3449 4347 3618 4404 Verbi
3649 4349 3818 4420 quasi

2200 4442 2418 4515 aliquod
2448 4456 2648 4513 corpus
2670 4440 2949 4498 effectum.
2977 4440 3135 4497 Ab~it
3162 4441 3235 4496 ita
3264 4440 3539 4498 credere:
3588 4449 3649 4495 nt
3675 4456 3818 4498 con-

2202 4537 2354 4595 ﬂatili
2377 4536 2612 4609 quodam
2641 4551 2840 4608 genere
2869 4535 3006 4592 duas
3035 4543 3258 4591 naturas
3300 4535 3354 4589 itt
3385 4550 3552 4591 unam
3578 4535 3821 4593 arbitre-

498 4641 570 4683 ne
610 4623 881 4682 divinitati
923 4622 1290 4680 conditionem
1320 4622 1727 4691 assignaremus
1757 4619 2049 4675 humanam
2077 4635 2091 4674 :
2121 4601 2178 4663 Ῑ)
2202 4647 2325 4688 mur
2345 4601 2593 4687 ria-damas
2613 4601 2734 4686 εξεθ
2755 4628 3134 4686 substantiam,
3153 4628 3637 4701 unjusmodienim
3659 4646 3818 4686 com-

497 4734 533 4775 o
561 4717 730 4775 stulta
759 4715 1022 4789 sapientia
1049 4715 1063 4769 ι
1096 4715 1285 4786 quasi,
1331 4712 1380 4769 si
1409 4727 1534 4770 cunt
1566 4711 1787 4769 homine
1814 4711 1965 4768 Deus
1992 4726 2094 4768 na-

497 4812 583 4871 sci
610 4827 717 4869 non
747 4819 1159 4884 aspernaretur,
1188 4808 1305 4881 ipse
1335 4806 1661 4880 praeiudicio
1686 4816 1860 4864 status
1887 4807 1971 4864 sui
2001 4823 2099 4863 na-

496 4904 577 4962 sci
609 4905 773 4961 homo
811 4903 1237 4975 dedignaretur:
1289 4910 1383 4957 aut
1412 4900 1543 4957 illud
1589 4908 1822 4973 poterat,
1863 4901 1958 4957 sed
1989 4904 2094 4958 hoc

497 4997 640 5056 forte
670 5013 779 5054 non
811 5005 1044 5069 poterat.

566 5094 622 5149 5.
656 5089 684 5129 ά
706 5090 887 5149 Credo
916 5090 1073 5161 plane
1103 5089 1271 5146 Deum
1317 5087 1420 5144 hoc
1451 5103 1560 5143 non
1599 5101 1783 5159 posse,
1813 5087 1956 5160 quod
1985 5103 2092 5144 non

495 5186 631 5244 vult.
681 5187 739 5244 Si
795 5185 945 5244 nasci
989 5185 1183 5252 voluit,
1229 5199 1349 5257 qua:
1394 5183 1539 5241 Deus
1567 5183 1756 5251 voluit,
1785 5183 2097 5242 certissime

570 5332 597 5362 ⁸
636 5321 1090 5393 Carneriuslegit,
1106 5320 1197 5393 sed
1216 5321 1344 5393 quid
1363 5320 1510 5375 aliud
1530 5320 1643 5389 ﬁeri
1671 5321 2084 5393 poteratmwn.

572 5393 602 5434 δ
622 5394 919 5452 Garnerius
941 5390 1089 5464 legit,
1103 5390 1487 5463 Clontaverunt,
1504 5390 1690 5463 fateor,
1706 5409 1737 5448 ο
1749 5392 1948 5450 domini
1964 5396 2084 5462 mei,

497 5468 707 5540 quidam
734 5467 953 5540 fratres,
975 5463 1080 5540 etc.
1113 5463 1190 5540 ῃ».
1478 5535 1488 5540 _
1838 5534 1870 5540 _
1914 5536 1925 5540 Δ
1962 5493 1969 5498 .

571 5550 594 5578 ε
624 5532 920 5594 Carnerius
943 5538 1092 5609 legit,
1118 5535 1345 5609 Tametsi
1363 5532 1627 5590 Christum
1646 5533 1815 5605 ﬁlium
1830 5534 1947 5601 Dei,
1969 5547 2088 5609 tunc

494 5609 650 5666 etiam
671 5625 851 5665 natum
870 5610 934 5666 de
956 5607 1137 5680 soncla
1164 5607 1336 5663 Maria
1356 5623 1459 5680 non
1481 5622 1807 5678 negaremus,
1834 5610 1965 5664 sicut
1986 5608 2091 5680 ipsi

494 5682 883 5738 recordamini:
910 5679 1001 5736 sed
1024 5680 1256 5746 minime,
1286 5688 1396 5735 etc.
1438 5678 1516 5734 In.

563 5752 593 5791 τι
631 5752 931 5810 Garnerius
975 5751 1124 5823 legit,
1162 5750 1330 5808 Credo
1381 5749 1540 5823 plane
1578 5749 1743 5807 Deum
1779 5751 1875 5808 hoc
1930 5768 2091 5809 unum

494 5841 595 5883 non
625 5840 798 5898 posse,
819 5835 930 5882 etc.
988 5821 1066 5879 In.

2206 4721 2397 4778 mixtio
2426 4721 2599 4793 partis
2629 4723 2912 4793 utriusque
2942 4722 3222 4793 corruptio
3271 4732 3378 4779 est.
3440 4720 3587 4779 Deus
3632 4724 3809 4789 enim,

2205 4814 2295 4885 qui
2316 4828 2486 4885 capax
2518 4823 2604 4871 est
2625 4829 2729 4871 non
2758 4812 3047 4883 capahilis,
3088 4821 3383 4885 penetrans
3412 4830 3525 4870 non
3557 4825 3817 4887 penetra-

2204 4905 2349 4973 bilis,
2382 4907 2614 4979 implens
2641 4921 2747 4962 non
2784 4904 3096 4978 itnplebilis,
3129 4905 3224 4976 qui
3264 4906 3467 4977 ubique
3507 4906 3674 4962 simul
3719 4914 3815 4963 to-

2206 5008 2292 5057 tus
2329 5009 2387 5058 et
2430 4999 2634 5073 ubique
2658 4997 2889 5057 diffusus
2925 5008 3015 5056 est
3039 5014 3137 5072 per
3166 4998 3497 5056 inlusionem
3546 4999 3816 5072 potentiae

2202 5107 2334 5164 suae,
2366 5093 2794 5150 misericorditer
2823 5102 3040 5149 natura:
3067 5091 3269 5148 mixtus
3284 5102 3371 5149 est
3398 5095 3673 5161 humanm,
3696 5110 3812 5151 non

2203 5186 2435 5243 humana
2466 5196 2661 5243 natura
2692 5196 2898 5245 natura:
2917 5196 3004 5244 est
3029 5186 3195 5243 mixta
3217 5186 3439 5244 divitum.
3469 5184 3613 5243 Caro
3643 5186 3817 5258 igitur

2271 5336 2307 5400 °_
2343 5323 2544 5400 Locum
2579 5325 2721 5400 hunc
2745 5325 3038 5400 exscripsit
3065 5326 3360 5384 Cassianus
3385 5328 3453 5383 ad
3501 5328 3603 5384 ista
3626 5343 3815 5400 usque

2195 5397 2405 5453 verba:
2460 5395 2868 5453 Misericorditer
2921 5395 3129 5454 natura:
3165 5401 3361 5455 mixtus
3407 5410 3485 5455 est
3534 5395 3807 5457 humanas.

2195 5466 2298 5543 [lbi
2347 5477 2471 5522 nota
2514 5470 2785 5543 variantes
2838 5469 3144 5528 lectiones:
3176 5472 3328 5543 quasi
3352 5473 3429 5543 _in
3456 5471 3712 5541 inferiora
3747 5489 3813 5527 se

2194 5536 2334 5593 Deus
2380 5555 2534 5615 agere
2575 5540 2916 5615 videatur,_ct
2948 5556 3039 5609 pro
3065 5556 3170 5595 uno
3188 5536 3310 5615 ﬁlio
3341 5541 3469 5609 Deo,
3500 5536 3549 5597 et
3584 5544 3674 5615 qui
3701 5543 3813 5599 sibi

2193 5619 2313 5665 ante
2342 5608 2535 5666 stecnla
2553 5621 2710 5684 natus
2738 5628 2801 5665 ex
2825 5608 2981 5667 Patre
3008 5623 3107 5681 est,
3136 5608 3281 5673 nobis
3307 5631 3340 5668 o
3367 5608 3618 5684 tempore,
3650 5625 3767 5670 etc.
3786 5656 3807 5679 ,

2192 5698 2393 5755 semper
2414 5698 2509 5754 pro
2529 5682 2675 5752 ﬁdei,
2705 5692 2838 5747 etc.,
2871 5685 3008 5737 sicut
3030 5700 3089 5755 se
3125 5684 3295 5753 ipsum
3350 5682 3512 5740 totum
3554 5687 3696 5740 novit
3719 5686 3810 5743 in-

2195 5754 2435 5826 fundere,
2460 5763 2597 5825 etc.,
2623 5755 2878 5827 con/lutili
2899 5754 3287 5826 quodammodo
3311 5772 3518 5831 genere.
3545 5756 3724 5815 Cana.
