4076 6352
286 333 425 392 19.25

1483 329 1822 393 LIBELLUS
1856 329 2387 394 EMENDATIONIS.

3432 342 3572 400 1226

286 454 504 528 proﬁcit
528 453 580 510 in
602 453 860 519 Verbum,
885 467 992 508 non
1015 451 1253 510 Verbum
1281 452 1507 522 prol‘ecit
1534 454 1588 509 in
1621 469 1872 510 carnem:
1900 448 1956 512 Α
1980 467 2219 523 semper,
2249 453 2480 524 geminae
2502 452 2818 510 substantiae
2845 453 3007 510 etiam
3032 452 3302 525 gigantem
3325 457 3575 514 nomina-

281 560 338 607 et
365 560 540 607 tamen
573 549 860 606 verissime
881 547 1121 605 Verbum
1148 561 1278 604 caro
1304 547 1503 605 factum
1532 557 1636 605 est.
1663 547 1792 615 Sed,
1821 556 1878 603 ut

284 645 541 712 diximus,
575 645 750 700 solum
794 644 1014 714 proprie
1053 643 1436 715 personaliter,
1477 658 1585 698 non
1617 657 1738 697 cum
1785 657 1879 712 pa-

284 748 366 794 tre
389 748 481 794 aut
511 753 634 794 cum
663 735 869 807 Spiritu
911 746 1099 793 sancto
1137 738 1460 794 naturaliter
1487 754 1502 791 :
1535 737 1659 807 quia
1693 737 1878 808 unige-

281 831 428 886 nitus
472 831 639 898 Deus,
685 830 831 887 Deus
871 845 1054 898 verus,
1089 831 1179 900 qui
1225 845 1347 886 cum
1374 839 1530 903 patre
1573 838 1629 884 et
1669 828 1876 897 Spiritu

277 936 468 982 sancto
496 942 632 980 unus
662 938 747 982 εει
777 926 829 980 in
865 935 1080 992 natura,
1110 927 1249 982 alter
1270 935 1355 982 est
1380 926 1435 980 in
1467 940 1726 995 persona.
1759 924 1876 980 Non

279 1020 424 1076 enim
456 1021 632 1089 ipsum
659 1029 864 1090 patrem
896 1020 1132 1077 dicimus
1163 1036 1306 1088 esse,
1340 1036 1502 1092 quem
1529 1020 1698 1075 lilium
1734 1037 1748 1074 :
1781 1034 1880 1076 nec

279 1114 476 1170 iterum
503 1113 756 1170 eumdem
791 1115 957 1170 ﬁlium
994 1113 1228 1170 dicimus
1266 1129 1408 1180 esse,
1436 1130 1600 1188 quem
1628 1124 1836 1186 patrem
1866 1132 1879 1169 :

275 1215 369 1262 aut
408 1221 597 1263 rursus
622 1207 881 1277 Spiritum
913 1217 1160 1262 sanctum
1198 1215 1407 1279 patrem
1429 1207 1513 1263 vel
1539 1207 1710 1262 ﬁlium
1742 1223 1880 1262 nun-

273 1315 536 1371 cupamus
568 1302 701 1356 :sed
735 1301 1131 1372 distinguentes
1161 1315 1425 1371 personas
1471 1300 1527 1356 in
1579 1299 1695 1357 suis
1745 1315 1876 1371 pro-

273 1393 622 1463 prietatibus,
659 1403 866 1462 patrem
909 1393 1078 1450 Deum
1127 1403 1339 1464 patrem
1376 1392 1598 1465 proprie
1641 1394 1882 1449 nomina.

268 1503 412 1554 mus,
437 1497 492 1544 et
518 1487 687 1544 ﬁlium
717 1488 886 1544 Deum
918 1488 1088 1543 ﬁlium
1120 1491 1344 1560 proprie
1381 1489 1638 1557 dicimus,
1673 1497 1730 1545 et
1754 1488 1879 1558 Spi-

266 1584 432 1640 ritum
475 1592 726 1640 sauctum
787 1584 981 1672 Deum,
1035 1585 1304 1657 Spiritum
1355 1594 1600 1642 sanctum
1662 1585 1884 1657 pr0prie

265 1676 594 1732 conﬁtemur
626 1694 638 1729 :
674 1685 729 1732 et
760 1691 883 1733 cum
937 1687 1020 1733 ter
1066 1693 1297 1733 numero
1326 1677 1559 1734 dicimus
1606 1677 1799 1748 Deum,
1829 1688 1884 1735 et

267 1769 461 1834 Deum,
487 1776 542 1824 et
561 1769 757 1839 Deum,
784 1785 893 1825 non
924 1779 1039 1826 tres
1082 1770 1358 1827 credimus
1391 1771 1557 1839 Deos,
1590 1771 1688 1828 sed
1717 1787 1882 1828 unum

266 1862 320 1916 in
361 1861 778 1932 omnipotentiae
800 1877 914 1917 suae
939 1863 1202 1918 Trinitate
1232 1864 1554 1934 perfectum.

338 1960 394 2014 5.
437 1968 464 1996 α
495 1957 747 2014 Nascitur
774 1974 905 2030 ergo
926 1959 1086 2014 nobis
1113 1958 1330 2030 proprie
1350 1959 1420 2016 de
1452 1960 1660 2031 Spiritu
1680 1970 1872 2017 sancto

265 2063 320 2110 et
350 2054 521 2110 Maria
549 2071 767 2125 semper
793 2055 1028 2128 virgine,
1057 2056 1393 2125 Deushomo
1420 2057 1579 2114 Jesus
1622 2057 1873 2115 Christus

270 2147 425 2204 ﬁlius
449 2148 544 2203 Dei
571 2166 585 2204 :
619 2165 684 2205 ac
705 2151 785 2204 sic
815 2151 868 2204 in
898 2151 1222 2206 alterutrum
1267 2166 1434 2207 unum
1464 2152 1522 2207 ﬁt
1547 2150 1788 2209 Verbum
1819 2161 1876 2209 et

269 2256 420 2308 caro,
450 2249 510 2296 ut
539 2252 798 2298 manente
820 2243 877 2296 in
901 2257 998 2299 sua
1024 2243 1362 2314 perfectione
1390 2245 1709 2301 naturaliter
1731 2256 1876 2301 utra-

273 2349 382 2404 que
409 2334 734 2404 substantia,
777 2336 896 2392 sine
941 2337 1025 2392 sui
1070 2338 1408 2408 praeiudicio,
1453 2347 1509 2394 et
1554 2338 1876 2396 humanitati

282 2426 460 2482 divina
506 2427 932 2493 communicent,
972 2436 1031 2484 et
1067 2429 1334 2486 divinitati
1381 2430 1614 2486 humana
1659 2432 1879 2502 partici-

280 2529 451 2590 perit:
507 2535 609 2576 nec
656 2521 794 2576 alter
847 2522 990 2577 Deus
1036 2522 1179 2579 alter
1218 2523 1420 2592 homo;
1448 2524 1544 2580 sed
1584 2525 1725 2581 idem
1764 2525 1880 2596 ipse

276 2610 420 2667 Deus
464 2613 559 2682 qui
605 2620 664 2668 et
705 2612 899 2677 homo;
932 2611 960 2651 ι)
999 2621 1056 2668 et
1078 2614 1317 2670 vicissim
1350 2616 1515 2670 homo
1544 2614 1638 2686 qui
1661 2624 1718 2672 et
1737 2617 1882 2672 Deus

273 2705 434 2762 .lesus
462 2705 739 2774 Christus,
767 2721 907 2762 unus
933 2707 1030 2763 Dei
1053 2707 1194 2764 ﬁlius
1222 2715 1279 2764 et
1303 2721 1648 2780 nuncupetur
1671 2719 1728 2766 et
1751 2725 1884 2767 vere

273 2799 367 2854 sit.
400 2799 466 2854 Et
515 2799 637 2855 ideo
666 2801 932 2870 agendum
962 2800 1122 2857 nobis
1149 2817 1370 2873 semper
1416 2811 1502 2859 est
1548 2813 1604 2859 et
1651 2803 1886 2860 creden-

275 2890 425 2957 dum,
463 2902 518 2948 ut
547 2893 844 2948 Dominum
873 2893 1062 2950 Jesum
1085 2893 1366 2953 Christum
1391 2897 1560 2953 ﬁlium
1591 2899 1686 2954 Dei
1715 2899 1884 2956 Deum

277 3000 494 3056 verum,
525 3003 688 3058 quem
716 3004 838 3044 cum
879 2999 1034 3060 patre
1076 3004 1294 3060 semper
1323 3001 1380 3048 et
1429 2994 1695 3064 aequalem
1745 2996 1886 3066 patri

277 3090 410 3135 ante
437 3083 634 3136 sarcula
665 3083 1012 3150 conﬁtemur,
1059 3087 1314 3142 eumdem
1355 3102 1388 3142 a
1420 3096 1662 3159 tempore
1703 3103 1888 3147 susce-

278 3181 389 3241 ptae
415 3175 614 3241 carnis,
643 3174 842 3231 factum
873 3177 1044 3232 Deum
1073 3177 1355 3235 hominem
1411 3195 1520 3235 non
1581 3197 1841 3253 negemus
1869 3198 1886 3237 :

280 3279 384 3320 nec
412 3268 567 3338 quasi
619 3283 717 3339 per
751 3268 951 3339 gradus
1001 3279 1058 3326 et
1114 3259 1360 3342 tempora
1407 3272 1780 3342 proﬁcientem
1832 3273 1889 3331 in

279 3355 474 3426 Deum,
502 3362 729 3417 alterius
765 3371 939 3418 status
967 3371 1096 3419 ante
1135 3367 1615 3435 resurrectionem,
1661 3368 1890 3425 alterius

279 3461 399 3520 post
429 3455 885 3510 resurrectionem
911 3470 1034 3511 eum
1067 3456 1238 3513 fuisse
1273 3459 1594 3528 credamus;
1627 3461 1724 3518 sed
1743 3461 1891 3532 ejus-

277 3543 404 3599 dem
427 3560 645 3616 semper
668 3547 1025 3614 plenitudinis
1050 3559 1213 3620 atque
1240 3553 1483 3608 virtutis.

351 3637 406 3693 6.
452 3641 517 3693 Et
545 3641 668 3711 quia
701 3656 894 3696 omnes
923 3643 1269 3702 inﬁrmitates
1301 3658 1542 3717 nostras,
1576 3649 1630 3705 id
1673 3660 1758 3706 est
1794 3667 1890 3707 na-

281 3741 416 3786 tura:
447 3742 673 3800 nostrae,
723 3735 984 3804 portavit,
1037 3745 1095 3792 et
1135 3751 1267 3794 vere
1317 3742 1616 3797 secundum
1667 3758 1887 3800 carnem

277 3823 801 3902 suscipiensjnse
850 3826 1077 3885 affectus
1130 3840 1372 3899 nostros,
1413 3834 1480 3889 ad
1515 3834 1888 3904 probationem

282 3919 402 3974 veri
428 3917 692 3989 hominis,
726 3931 988 3978 currente
1014 3923 1068 3978 in
1106 3924 1302 3980 eodem
1343 3926 1701 3984 nihilominus
1724 3944 1888 3987 cursu

281 4021 489 4068 nostra:
516 4015 889 4083 mortalitatis,
935 4026 1206 4087 potestate
1233 4019 1467 4090 scilicet,
1509 4038 1616 4078 non
1651 4026 1890 4080 necessi-

285 4113 418 4171 tate,
459 4115 621 4164 tetate
663 4117 718 4164 et
747 4109 1038 4180 sapientia,
1087 4112 1438 4183 Evangelista
1478 4115 1698 4174 dicente
1730 4117 1887 4190 (Luc.

284 4213 352 4264 ιι,
386 4200 482 4271 52)
514 4220 525 4252 :
561 4201 809 4272 profecit,
833 4206 1078 4272 esurivit,
1124 4207 1315 4278 sitivit,
1367 4209 1624 4282 fatigatus
1662 4222 1768 4280 est,
1799 4213 1891 4269 ﬁa-

282 4292 515 4362 gellatus
544 4304 648 4366 est,
678 4297 975 4354 cruciﬁxus
1007 4308 1112 4369 est,
1148 4311 1399 4359 mortuus
1427 4315 1533 4372 est,
1559 4308 1886 4364 resurrexit.

279 4382 398 4440 Non
427 4385 550 4442 ideo
580 4403 611 4441 a
638 4387 941 4445 divinitatis
963 4401 1156 4447 natura
1183 4405 1423 4452 mutatus
1445 4408 1530 4454 est
1558 4415 1574 4454 :
1602 4400 1887 4458 inconver-

282 4476 494 4535 tibilem
516 4481 688 4546 enim,
715 4492 770 4538 et
815 4483 1342 4556 incommutabilem,
1399 4498 1457 4546 et
1497 4490 1886 4564 impassibilem

289 4579 541 4628 naturam
588 4572 888 4631 divinitatis
935 4577 1045 4645 jam
1097 4579 1348 4650 superius
1395 4583 1626 4653 professi
1678 4603 1888 4644 sumus.

1980 557 2116 615 tum,
2145 549 2198 604 in
2227 549 2421 606 diebus
2451 550 2630 606 carnis
2654 565 2793 618 suae,
2839 559 2896 605 et
2922 565 3052 606 vere
3092 566 3309 620 semper
3336 553 3574 622 gessisse

1979 644 2158 697 omnia
2206 658 2327 714 quae
2377 653 2504 700 sunt
2550 644 2808 710 hominis,
2858 653 2912 700 et
2941 659 3070 700 vere
3126 659 3346 713 semper
3388 660 3579 716 posse-

1979 734 2124 791 disse
2151 750 2272 806 qum
2308 735 2403 791 Dei
2434 746 2599 792 sunt:
2651 737 2908 807 quoniam
2946 738 3041 792 etsi
3087 738 3370 806 cruci/imus
3399 749 3474 793 est
3513 755 3578 794 ea:

1979 829 2301 906 inﬁrmitate,
2348 831 2438 886 sed
2483 831 2604 886 vivit
2627 847 2690 886 ea:
2715 831 2905 886 uirtute
2959 830 3057 885 Dei
3089 829 3297 902 (llCor.
3330 847 3423 885 xm
3445 876 3460 902 _.
3493 831 3576 902 li).

1980 921 2320 995 Quapropter
2344 923 2456 994 jam
2505 941 2612 978 non
2641 923 2669 959 ά
2697 923 3134 994 pertimescimus
3156 924 3359 991 dicere,
3382 940 3581 980 secun-

1981 1014 2108 1070 dum
2132 1014 2326 1082 Deum,
2378 1025 2433 1072 et
2480 1031 2547 1072 ex
2581 1017 2802 1072 homine
2830 1025 3014 1070 natum
3061 1017 3250 1083 Deum,
3277 1018 3578 1074 secundum

1981 1107 2281 1175 hominem,
2313 1109 2482 1165 Deum
2515 1125 2755 1181 passum,
2783 1109 2954 1166 Deum
2981 1121 3275 1176 mortuum,
3320 1118 3373 1164 et
3417 1120 3584 1164 caste-

1981 1217 2065 1257 ra.
2091 1201 2200 1258 Sed
2243 1202 2538 1273 gloriamur
2562 1203 2746 1258 dicere
2789 1203 2955 1258 Deum
2985 1211 3192 1267 natum,
3224 1202 3584 1270 eumdcmque

1984 1296 2280 1352 secundum
2331 1295 2607 1353 hominem
2637 1296 2804 1352 Deum
2844 1310 3090 1367 passum.
3137 1294 3266 1350 Non
3303 1296 3437 1350 enim
3466 1311 3588 1349 eru-

1984 1389 2131 1446 besco
2175 1390 2518 1463 evangelium,
2561 1391 2858 1462 Apostolus
2887 1390 3062 1447 dicit:
3106 1393 3269 1446 uirtus
3322 1393 3459 1446 enim
3487 1389 3589 1445 Dei

1983 1494 2079 1552 est,
2112 1485 2166 1539 in
2193 1485 2363 1540 salute
2392 1485 2535 1540 omni
2563 1486 2795 1540 credenti
2815 1484 2995 1554 (Rom.
3037 1501 3087 1553 1,
3124 1483 3234 1556 16).
3270 1483 3469 1555 Utique
3492 1482 3590 1539 Dei

1987 1580 2161 1635 virtus
2173 1589 2256 1636 est
2269 1580 2322 1634 in
2338 1580 2538 1646 salute,
2555 1579 2860 1636 secundum
2883 1579 3160 1635 hominem
3174 1578 3399 1635 credere
3413 1578 3587 1634 Deum

1988 1689 2229 1745 passum.
2260 1673 2379 1730 Non
2417 1673 2664 1730 credenti
2699 1685 2904 1738 autem,
2934 1672 3030 1728 Dei
3057 1671 3398 1728 existimatur
3441 1670 3593 1726 inﬁr-

1990 1771 2173 1838 mitas,
2223 1770 2276 1824 in
2309 1769 2634 1840 perditione,
2680 1769 2850 1850 Deum
2889 1767 3185 1825 secundum
3228 1781 3447 1822 carnem
3480 1780 3594 1821 non

1898 1853 1947 1914 Β
1977 1863 2203 1920 credere
2250 1863 2595 1918 crucifixum.
2629 1860 2786 1918 Unde
2818 1863 3016 1918 iterum
3048 1860 3198 1916 idem
3249 1859 3548 1930 Apostolus
3574 1875 3590 1910 ε

1982 1956 2092 2013 Nos
2117 1967 2292 2012 autem
2317 1958 2662 2030 prwdicamus
2695 1955 2976 2022 Christum,
2998 1965 3045 2009 et
3069 1954 3100 2007 Il
3111 1970 3210 2008 unc
3232 1953 3546 2022 cruci/intum
3564 1963 3591 2005 :

1979 2051 2165 2120 utique
2195 2049 2298 2105 Dei
2338 2052 2603 2115 virtutem,
2657 2059 2704 2104 et
2751 2047 2848 2104 Dei
2893 2047 3236 2120 sapientiam;
3284 2047 3410 2117 quia
3453 2044 3591 2116 quod

1979 2145 2196 2199 stultum
2222 2153 2296 2198 est
2341 2142 2462 2210 Dei,
2497 2145 2782 2215 sapientius
2813 2152 2888 2198 est
2916 2143 3240 2206 hominibus;
3263 2151 3312 2196 et
3339 2141 3482 2212 quod
3512 2141 3597 2195 in-

1981 2235 2191 2300 ﬁrmum
2217 2245 2293 2290 est
2317 2232 2439 2302 Dei,
2458 2237 2646 2307 fortius
2662 2246 2736 2290 est
2758 2235 3050 2290 hominibus
3076 2234 3121 2304 (Ι
3144 2234 3266 2290 Cor.
3291 2250 3345 2298 t,
3365 2231 3589 2304 23-25).

1981 2328 2119 2398 Quid
2144 2329 2289 2385 enim
2322 2339 2428 2384 tam
2455 2329 2684 2386 stultum
2713 2338 2770 2384 et
2797 2338 2902 2383 tam
2946 2327 3218 2383 inﬁrmum
3243 2327 3460 2384 videtur
3489 2326 3596 2381 ho-

1984 2423 2222 2479 minibus
2268 2422 2586 2490 incredulis,
2633 2439 2792 2494 quam
2841 2438 2964 2480 cum
3001 2422 3227 2478 audiunt
3269 2421 3441 2478 Deum
3497 2420 3598 2478 Dei

1983 2517 2154 2573 ﬁlium
2209 2519 2568 2574 cruciﬁxum?
2622 2517 2732 2575 Sed
2788 2516 2985 2590 placuit
3032 2517 3142 2572 Deo
3183 2534 3274 2588 per
3317 2515 3600 2571 stultitiam

1985 2612 2372 2682 praedicationis
2393 2611 2562 2666 salvos
2590 2616 2765 2682 facere
2793 2613 3055 2666 credentes
3077 2611 3132 2682 (1
3141 2611 3274 2679 bid.,
3300 2611 3393 2680 21)
3416 2629 3429 2665 :
3463 2610 3591 2680 quia

1987 2704 2042 2761 in
2075 2705 2178 2761 hoc
2217 2705 2454 2760 maxime
2485 2704 2622 2761 ﬁdes
2662 2716 2852 2761 nostra
2901 2705 3175 2772 consistit,
3210 2713 3268 2760 ut
3307 2703 3598 2760 credamus

1990 2801 2210 2856 unicum
2251 2799 2422 2856 ﬁlium
2452 2799 2571 2870 Dei,
2605 2814 2717 2856 non
2766 2798 3104 2869 adoptivum,
3137 2798 3235 2855 sed
3266 2798 3548 2870 proprium
3577 2814 3596 2854 :

1990 2909 2098 2950 non
2154 2892 2580 2964 phantasticum,
2611 2891 2708 2950 sed
2752 2908 2982 2949 verum:
3029 2907 3141 2948 non
3172 2891 3594 2962 temporarium,

1991 2985 2086 3043 sed
2138 2994 2429 3055 aeternum,
2456 3001 2552 3058 pro
2571 2985 2744 3056 nobis
2791 2986 2976 3040 omnia
3020 2985 3319 3042 secundum
3374 2999 3600 3040 carnem

1991 3078 2160 3134 fuisse
2185 3093 2538 3149 perpessum:
2573 3088 2631 3135 et
2649 3092 2757 3134 non
2787 3078 2890 3134 sibi
2910 3077 3253 3150 agonizasse,
3281 3078 3375 3134 sed
3403 3077 3594 3147 nobis;

1994 3187 2096 3228 nec
2124 3182 2350 3244 propter
2375 3187 2459 3240 se,
2488 3172 2584 3229 sed
2608 3183 2833 3244 propter
2855 3187 2976 3241 nos,
3011 3173 3136 3244 quia
3163 3173 3500 3243 jacebamus,
3530 3173 3601 3229 il-

1917 3254 1963 3319 C
1995 3265 2106 3321 lum
2134 3266 2202 3322 ab
2218 3265 2452 3322 excelsis
2474 3265 2908 3322 misericorditer
2936 3265 3004 3322 ad
3035 3267 3141 3321 ima
3159 3265 3376 3322 venisse
3399 3282 3415 3333 ;
3437 3266 3600 3338 quia,

1991 3361 2132 3418 sicut
2153 3359 2448 3431 Apostolus
2476 3359 2610 3415 dicit
2645 3377 2659 3416 :
2706 3359 2838 3414 Cum
2884 3361 2940 3414 in
2968 3360 3141 3428 forma
3169 3359 3266 3414 Dei
3308 3370 3457 3426 esset,
3496 3377 3601 3415 non

1991 3455 2234 3528 rapinam
2285 3454 2564 3508 arbitratus
2614 3460 2691 3508 est
2732 3470 2841 3509 esse
2885 3454 3101 3527 aqualis
3131 3451 3266 3522 Deo,
3293 3455 3384 3509 sed
3414 3462 3603 3510 semet-

1991 3549 2164 3620 ipsum
2207 3548 2511 3616 exinanivit,
2560 3548 2785 3619 formam
2809 3549 2942 3604 servi
2980 3549 3258 3621 accipiens,
3289 3557 3343 3605 et
3387 3548 3605 3621 reliqua

1991 3641 2256 3715 (Philipp.
2288 3659 2358 3711 lt,
2390 3642 2448 3708 6,
2476 3643 2632 3714 etc.).

2064 3736 2118 3790 7.
2159 3734 2300 3802 Quid
2348 3747 2453 3790 tam
2504 3744 2777 3806 apertum,
2825 3751 2987 3807 quam
3033 3751 3101 3792 ex
3151 3736 3256 3792 hoc
3283 3738 3600 3796 testimonio

1991 3830 2312 3904 mysterium
2344 3839 2510 3886 tanta:
2557 3830 2984 3903 dispensationis
3025 3835 3366 3904 agnoscere?
3394 3832 3452 3888 lu
3493 3834 3598 3890 for-
3638 3857 3640 3864 ·

1991 3939 2080 3980 ma
2110 3924 2255 3980 enim
2277 3922 2377 3980 Dei
2396 3923 2520 3995 quis
2548 3925 2652 3978 nisi
2684 3924 2828 3982 Deus
2858 3925 2976 3981 est?
2994 3924 3064 3980 Et
3083 3927 3377 3996 quomodo,
3403 3927 3598 3984 videa-

1991 4033 2150 4084 mus,
2211 4017 2332 4072 fous
2416 4017 2773 4088 plenitudinis
2836 4017 3138 4074 exinanivit
3207 4020 3603 4090 semetipsum?

1990 4111 2184 4169 Nonne
2215 4112 2340 4168 dum
2374 4113 2548 4168 forma
2580 4112 2696 4168 Dei-
2732 4113 2963 4169 formam
3011 4114 3225 4185 accepit
3251 4116 3433 4171 servi?
3463 4115 3596 4171 dum

1992 4207 2366 4277 principaliter
2393 4205 2660 4262 Dominus
2683 4221 2747 4262 ea
2782 4223 2903 4277 quae
2930 4216 3059 4262 sunt
3086 4206 3279 4264 famuli
3305 4196 3603 4280 dignanter

1992 4299 2261 4355 assumit?
2301 4299 2535 4370 dumque
2589 4314 2690 4369 pro
2735 4299 3071 4370 indulgentia
3129 4310 3183 4356 et
3236 4301 3596 4359 miseratione

1992 4391 2188 4462 nostri,
2230 4391 2475 4465 gerendo
2530 4392 2788 4449 inferiora
2839 4407 2900 4449 se
2938 4392 3194 4449 videlicet
3221 4394 3306 4451 vel
3361 4394 3634 4466 agendo,‘

1994 4485 2234 4542 Verbum
2261 4501 2390 4543 caro
2428 4485 2635 4543 factum
2663 4496 2891 4543 evacuat
2934 4487 2987 4543 in
3022 4501 3253 4558 persona
3294 4489 3440 4560 quod
3471 4505 3598 4561 pos-

1993 4579 2138 4637 sidet
2177 4583 2232 4634 in
2273 4587 2493 4647 natura,
2543 4587 2600 4635 et
2633 4580 2687 4635 in
2733 4595 2868 4636 vero
2910 4578 3265 4637 humanitatis
3296 4581 3485 4638 habitu
3513 4583 3599 4638 fa-

295 4671 318 4700 ο
350 4663 459 4720 Sed
481 4665 608 4736 quia
631 4665 870 4724 Verbum
904 4669 1046 4726 Deus
1074 4671 1127 4726 in
1152 4651 1431 4730 hominem
1476 4675 1766 4750 dignanter
1788 4684 1891 4738 ho-
1915 4651 1973 4716 Ῑ)
1997 4685 2116 4733 ctus
2139 4675 2398 4732 obediens
2420 4675 2473 4730 in
2503 4673 2746 4744 homine,
2778 4674 2913 4730 illud
2940 4674 2996 4730 in
3026 4691 3087 4732 se
3106 4691 3204 4746 per
3232 4675 3599 4735 humilitatem

294 4757 496 4811 minem
532 4758 880 4830 suscipiendo
912 4760 1214 4832 descendit,
1263 4775 1319 4820 et
1357 4781 1455 4836 per
1484 4772 1887 4842 susceptionem

298 4849 394 4904 Dei
434 4851 598 4907 homo
626 4853 870 4908 ascendit
911 4854 964 4909 in
1018 4855 1188 4911 Deum
1237 4856 1514 4926 Verbum;
1575 4872 1720 4921 totus
1746 4867 1892 4924 Deus

299 4943 536 5000 Verbum
566 4945 740 5003 factus
761 4958 846 5004 est
871 4957 1016 5004 totus
1041 4949 1224 5006 homo.
1256 4949 1374 5006 Non
1390 4955 1550 5009 'enim
1573 4955 1717 5014 Deus
1739 4970 1894 5030 pater

296 5035 464 5094 homo
493 5040 668 5096 factus
708 5051 811 5108 est,
845 5057 949 5098 nec
975 5042 1210 5116 Spiritus
1240 5055 1485 5118 sanctus,
1517 5051 1612 5106 sed
1645 5054 1893 5126 unigeni-

298 5138 385 5186 tus
415 5133 608 5202 patris.
635 5131 874 5206 ideoque
903 5149 1008 5190 una
1037 5153 1273 5207 persona
1292 5141 1607 5212 accipienda
1645 5154 1730 5201 est
1764 5163 1890 5220 car-

297 5231 384 5284 nis
414 5239 470 5286 et
493 5230 684 5298 Verbi,
710 5242 768 5287 ut
798 5233 1032 5290 ﬁdeliter
1051 5233 1171 5291 sine
1196 5235 1377 5307 aliqua
1406 5237 1746 5300 dubitatione
1766 5261 1889 5304 cre-

303 5323 516 5392 damus,
544 5341 710 5382 unum
748 5327 1110 5400 eumdemque
1149 5328 1246 5386 Dei
1275 5329 1446 5388 ﬁlium
1474 5332 1896 5407 inseparabilem

381 5538 408 5566 δ
445 5527 600 5587 llunc
650 5527 830 5586 locum
872 5529 1158 5586 laudarunt
1189 5530 1500 5599 Cassianus,
1541 5532 1776 5596 Joannes
1806 5557 1893 5600 se-

305 5602 515 5683 cundus
545 5604 597 5657 in
626 5603 728 5683 Ep.
756 5602 823 5657 ad
842 5602 1129 5673 Avienum,
1156 5603 1440 5660 Faeundus
1465 5605 1893 5683 Hermianensis,

306 5674 404 5729 lib.
438 5690 484 5738 ι,
510 5689 630 5744 cap.
663 5674 732 5740 4,
755 5690 862 5730 ηοη
894 5682 1074 5748 tamen
1094 5691 1297 5748 omnes
1319 5691 1474 5746 aeque
1505 5680 1743 5748 prolixe.
1778 5674 1898 5742 Pri;

303 5761 445 5800 mam
477 5755 684 5802 tantum
722 5746 1048 5802 sententiam
1079 5747 1318 5804 Joannes
1348 5746 1651 5808 secundus:
1684 5754 1900 5814 Cassia-

301 5832 404 5872 nus
430 5817 516 5892 Vatl
559 5822 676 5892 haec
697 5819 883 5887 verba,
911 5819 1274 5891 plenitudinis,
1304 5829 1457 5892 atque
1494 5822 1696 5880 virtutis
1721 5845 1741 5884 :
1792 5829 1898 5887 Fa-

297 5891 505 5947 euudus
531 5890 598 5947 ad
620 5890 720 5946 ista
749 5890 977 5961 tantum,
1002 5901 1352 5964 nuncupetur,
1374 5890 1427 5948 et
1450 5907 1563 5951 vere
1586 5897 1676 5954 sit.
1723 5899 1800 5958 In.

571 5983 850 6046 Rumon.
914 5983 1159 6048 XXXI.

1997 4783 2053 4830 et
2079 4773 2446 4830 obedientiam
2471 4781 2683 4826 naturae
2721 4778 2924 4826 nostra:
2982 4772 3241 4838 restituit,
3295 4775 3442 4842 quod
3501 4788 3601 4844 per

1996 4867 2424 4926 inobedientiam
2455 4867 2698 4938 perierat
2726 4865 2779 4920 in
2818 4865 3014 4933 Adam,
3050 4864 3186 4920 etin
3233 4880 3400 4921 carne
3454 4880 3602 4921 mor-

1997 4972 2121 5019 tuus
2176 4977 2395 5033 semper
2425 4960 2578 5028 vivit,
2629 4958 2686 5014 in
2735 4958 2926 5029 spiritu
2968 4958 3250 5015 viviﬁcans
3283 4974 3404 5014 cum
3448 4969 3604 5030 patre

1997 5057 2180 5113 omnia
2213 5073 2227 5110 :
2247 5055 2360 5126 jam
2388 5068 2682 5124 numquam
2716 5052 2785 5108 de
2812 5061 3014 5108 caetero
3053 5053 3372 5122 moriturus,
3404 5055 3601 5111 eadem

1997 5167 2030 5207 a
2057 5160 2211 5222 patre
2236 5149 2525 5204 suscitatus
2557 5146 2611 5202 in
2635 5161 2818 5202 carne.
2849 5145 2916 5201 Et
2944 5146 3006 5201 ﬁt
3032 5147 3192 5203 nobis
3227 5147 3605 5222 primogenitus

1996 5261 2062 5300 ea:
2088 5243 2302 5299 mortuis
2329 5240 2560 5312 (Coloss.
2597 5255 2647 5309 ι,
2681 5238 2795 5311 18),
2829 5237 2920 5310 qui
2947 5249 3035 5295 est
3062 5239 3373 5311 unigenitus
3403 5240 3500 5297 Dei
3523 5240 3604 5296 vi-

2001 5339 2076 5408 vi,
2109 5351 2173 5393 ac
2201 5335 2390 5392 vivens
2419 5340 2549 5388 ante
2594 5330 2834 5388 saecula:
2890 5339 3111 5403 propter
3159 5345 3262 5387 nos
3311 5346 3516 5402 pauper
3544 5332 3604 5388 in

2072 5543 2102 5584 b
2139 5535 2436 5596 Garnerius
2465 5533 2616 5605 legit,
2647 5533 2873 5605 uicissim
2900 5533 3036 5587 idem
3077 5533 3188 5604 ipse
3215 5531 3392 5589 homo.
3428 5533 3604 5591 BAUN.

2079 5619 2101 5646 ο
2144 5611 2216 5666 Ει
2241 5608 2334 5666 hic
2352 5604 2697 5664 etiam’locus
2745 5622 2773 5659 a
2812 5604 3075 5661 Cassiano
3109 5605 3354 5673 prolatus
3397 5619 3485 5664 est
3531 5609 3603 5664 ad

2001 5686 2103 5741 ista
2137 5697 2309 5750 usque
2339 5680 2527 5745 verba,
2555 5695 2618 5750 ex
2645 5679 2834 5732 uirtute
2864 5676 2984 5732 Dei.
3060 5676 3233 5750 GARN.

2075 5752 2101 5788 ά
2143 5748 2446 5811 Garnerius
2479 5748 2627 5821 legit,
2671 5750 3072 5819 pertimescimus
3099 5749 3268 5806 dicere
3306 5768 3370 5806 ea:
3398 5749 3606 5809 homine

2007 5837 2186 5883 natum
2216 5826 2381 5881 Deum
2408 5833 2455 5880 et
2478 5821 2759 5878 secundum
2787 5821 3065 5891 hominem,
3103 5830 3206 5879 etc.
3286 5823 3456 5881 Baun.

3090 5991 3168 6053 39
