4076 6352
527 331 669 390 122⁸1

1819 334 2089 397 ιεροκιι
2126 333 2563 402 PRESBYTERI

3700 359 3854 417 1228

525 457 796 522 tempore,
825 460 880 506 et
907 449 1156 523 indigens
1184 449 1237 506 in
1268 450 1511 520 homine,
1541 451 1697 506 nobis
1722 453 1949 524 accepit,
1981 454 2127 524 quod
2149 439 2209 517 Ἀ
2235 459 2441 515 habens
2467 461 2702 517 animam
2729 475 2880 519 suam
2913 477 3135 537 ponere,
3170 477 3226 526 et
3269 479 3594 542 potestatem
3627 475 3852 534 habens

524 545 812 602 abundans
841 546 943 602 sibi
971 561 1191 618 semper
1218 547 1379 602 habet
1410 547 1463 601 in
1499 555 1674 617 patre.
1711 549 1756 604 0
1790 550 2018 603 altitudo
2047 549 2132 604 di-

527 640 770 693 vitiarum
791 640 1063 710 sapientia:
1091 649 1140 694 et
1166 639 1394 693 scicntia:
1418 637 1550 693 Dei!
1579 657 1732 708 quam
1768 642 2132 697 inscrutabilia

523 742 647 786 sunt
668 732 875 800 judicia
905 737 1038 805 ejus,
1084 743 1132 787 et
1161 734 1536 806 investigabiles
1561 735 1657 789 vite
1686 737 1798 805 ejus
1827 734 2008 808 (Rom.
2040 751 2126 802 ιι,

524 824 660 896 '55)!
694 826 931 882 Donatur
954 826 1030 881 illi
1059 837 1282 896 pr0pter
1310 842 1409 883 nos
1443 839 1468 866 ει
1501 843 1701 884 nomen
1735 830 1987 898 accepit:
2023 827 2131 885 lar-

522 919 672 988 gitur
713 931 894 975 autem
945 919 1219 988 omnibus,
1269 923 1395 991 quia
1446 921 1671 993 largitor
1711 922 1954 978 omnium
1988 922 2130 979 Deus

525 1015 698 1070 Deum
727 1029 786 1070 se
819 1016 872 1070 in
897 1014 1153 1071 donando
1198 1016 1497 1087 cognoscit,
1550 1017 1827 1073 hominem
1878 1017 1932 1072 in
1983 1017 2130 1074 acci-

521 1107 726 1178 piendo
755 1123 814 1164 se
844 1110 992 1164 novit
1019 1128 1030 1162 :
1060 1119 1115 1164 ut
1146 1112 1200 1162 in
1228 1111 1434 1165 nomine
1457 1108 1585 1165 Jesu
1615 1127 1766 1166 omne
1793 1127 1926 1185 genu
1947 1115 2129 1183 [lecta-

521 1211 608 1256 tur
627 1203 928 1271 ctelestium,
966 1213 1013 1258 et
1055 1207 1397 1270 terrestrium,
1434 1216 1483 1262 et
1509 1209 1865 1277 infernarum:
1889 1219 1936 1262 et
1963 1210 2129 1264 omnis

521 1297 705 1371 lingua
748 1301 1080 1368 conﬁteatur,
1111 1301 1234 1369 quia
1274 1300 1530 1355 Dominus
1559 1301 1716 1357 Jesus
1755 1303 1809 1357 in
1836 1303 2009 1374 gloria
2056 1314 2132 1358 est

530 1391 630 1446 Dei
655 1393 821 1463 patris
848 1391 1114 1465 (Philipp.
1148 1411 1186 1450 ll
1206 1437 1220 1459 ,
1249 1395 1337 1462 ll),
1380 1395 1492 1464 li).
1527 1395 1654 1451 llaec
1677 1395 1816 1452 ﬁdes
1845 1407 2052 1464 nostra,
2075 1407 2130 1454 et

517 1486 631 1542 lucc
660 1491 880 1544 mutatio
917 1490 1148 1545 dexterae
1199 1488 1408 1546 Επειδὶ
1437 1489 1612 1564 (Psal.
1668 1507 1855 1560 LXXVI,
1906 1491 2021 1563 Η),
2074 1493 2127 1548 in

519 1583 905 1638 emendatione
936 1584 1172 1640 meliori.
1222 1586 1314 1641 Sic
1357 1585 1654 1652 credimus,
1703 1587 1783 1642 sic
1828 1596 2122 1642 tenemus:

520 1677 690 1728 ethoc
718 1692 822 1730 non
847 1692 908 1731 ea:
950 1676 1094 1732 nobis
1125 1677 1348 1750 (Ephes.
1386 1694 1456 1746 ll,
1505 1679 1598 1750 8);
1638 1677 1736 1734 Dei
1767 1681 1903 1733 enim
1933 1680 2128 1735 donum

517 1778 636 1822 est:
670 1785 776 1825 non
806 1786 871 1827 ex
930 1772 1125 1827 merito
1153 1775 1386 1842 propria:
1416 1773 1721 1842 sapientia,
1772 1783 1830 1829 ut
1873 1790 1978 1830 non
2010 1775 2128 1844 glo-

2233 553 2428 610 iterum
2485 572 2704 617 sumere
2738 561 2908 632 illam,
2956 565 3246 637 dignanter
3286 573 3526 644 suscepit
3558 569 3853 632 voluntate

2234 652 2417 721 (Joan.
2451 667 2508 718 ι,
2539 653 2652 724 18).

2303 743 2356 797 9.
2405 743 2536 801 Illud
2571 757 2592 784 ε
2625 747 2788 804 etiam
2816 749 3039 808 minime
3069 753 3411 812 reticendum
3436 773 3657 825 censeo,
3690 760 3852 830 quod

2231 837 2285 893 in
2328 839 2521 896 eadem
2563 841 2791 913 epistola
2821 845 2987 902 simili
3035 847 3265 906 devians
3321 867 3510 908 errore
3554 855 3849 926 subjunxi,

2229 935 2509 992 Christum
2542 937 2830 1018 Dominum
2879 951 3123 999 nostrum
3179 945 3260 1002 sic
3305 949 3488 1003 omnia
3519 964 3640 1021 qua:
3689 962 3858 1006 erant

2233 1028 2546 1104 passionum
2572 1033 2907 1104 implevisse,
2933 1045 2992 1091 ut
3046 1036 3098 1092 in
3148 1037 3302 1096 nullo
3345 1043 3502 1112 quasi
3565 1044 3854 1112 perfectus

2231 1124 2398 1182 homo
2423 1141 2453 1181 a
2479 1128 2781 1187 divinitatis
2809 1133 3019 1190 auxilio
3045 1135 3333 1206 juvaretur
3368 1155 3382 1192 :
3411 1139 3603 1194 volens
3626 1137 3850 1194 scilicet

2231 1218 2302 1271 ita
2336 1218 2389 1272 in
2419 1219 2639 1276 Christo
2671 1222 2945 1280 hominem
2976 1227 3257 1298 assignare
3296 1230 3621 1301 perlectum,
3653 1247 3767 1301 quo
3798 1240 3851 1284 et

2215 1311 2467 1368 alienum
2511 1315 2696 1371 abhis
2730 1320 3080 1389 passionibus
3119 1321 3358 1379 Verbum
3407 1325 3578 1396 patris
3627 1340 3852 1380 assere-

2231 1421 2384 1474 rem;
2417 1419 2472 1464 et
2501 1411 2676 1466 solum
2711 1427 2810 1482 per
2856 1429 2917 1470 se
2949 1413 3223 1472 hominem
3275 1419 3456 1490 egisse
3498 1418 3620 1474 hac
3660 1419 3840 1473 omnia

2231 1501 2591 1570 possibilitate
2639 1513 2846 1560 natur-.e
2893 1507 3160 1575 mortalis,
3215 1511 3330 1567 sine
3381 1511 3573 1583 aliquo
3623 1508 3840 1566 deitatis

2229 1594 2520 1664 adjutorio,
2557 1597 2790 1668 probare
2819 1600 3064 1656 conabar
3097 1619 3108 1656 :
3141 1616 3496 1671 vere-camus,
3528 1601 3623 1673 qui
3660 1617 3848 1657 susce-

2232 1699 2384 1756 ptum
2417 1687 2469 1742 in
2501 1688 2615 1744 Deo
2667 1689 2943 1748 hominem
2975 1692 3299 1765 conﬁtebar,
3327 1708 3527 1767 etquae
3557 1706 3722 1752 erant
3769 1696 3854 1766 ip-

2233 1782 2346 1836 sius
2370 1781 2604 1838 hominis
2633 1783 2884 1840 nolebam
2939 1787 2992 1841 in
3023 1788 3136 1843 Deo
3165 1803 3287 1844 esse
3315 1797 3590 1861 suscepta.
3638 1791 3698 1845 ln
3732 1794 3843 1846 hoc

518 1862 728 1918 riemur
755 1864 808 1918 in
836 1864 993 1919 nobis
1022 1883 1034 1917 :
1066 1865 1231 1935 ipsius
1258 1867 1392 1919 enim
1413 1866 1617 1935 Iactura
1643 1883 1840 1932 sumus,
1863 1866 1979 1938 jam
2014 1867 2128 1937 pri-
2156 1851 2203 1914 Β
2233 1876 2417 1946 utique
2447 1876 2589 1931 haud
2617 1876 2781 1934 dubie
2811 1880 2866 1934 in
2895 1893 2954 1936 se
2996 1894 3316 1954 susceperat
3349 1851 3523 1939 totum
3559 1884 3852 1940 hominem

519 1954 646 2010 dem
676 1955 894 2026 quidem
947 1959 1112 2012 creati
1140 1959 1192 2012 in
1237 1958 1439 2014 Christo
1465 1957 1631 2030 (Ibid.
1655 2005 1670 2028 ,
1702 1960 1791 2032 10)
1825 1978 1836 2012 :
1880 1969 1937 2015 at
1982 1976 2128 2016 nunc

515 2047 713 2104 iterum
744 2051 1176 2120 parturientibus
1225 2068 1324 2106 nos
1370 2055 1422 2107 in
1471 2054 1590 2109 luce
1617 2054 1934 2123 aposwlicis
1957 2056 2116 2122 viris,

519 2141 576 2197 in
605 2142 796 2198 eodem
829 2147 1090 2215 reparati.
1121 2146 1228 2216 Ipsi
1249 2162 1380 2218 ergo
1405 2149 1582 2204 honor
1609 2162 1828 2219 semper
1848 2158 1902 2204 et
1929 2150 2121 2220 gloria.

591 2233 647 2290 8.
693 2234 768 2290 De
791 2252 859 2292 eo
889 2247 1070 2292 autem
1113 2239 1257 2308 quod
1300 2240 1620 2296 stultissime
1665 2242 1718 2296 in
1765 2242 1990 2311 epistola
2037 2243 2125 2298 illa

518 2327 929 2397 proposuimus,
963 2329 1063 2384 sed
1111 2330 1448 2399 ignoranter,
1481 2331 1733 2404 quodque
1780 2348 1925 2388 nunc
1969 2348 2126 2390 exse-

520 2419 728 2476 crabile
777 2421 1127 2488 conﬁtemur,
1184 2422 1238 2478 id
1294 2432 1378 2479 est
1427 2427 1680 2494 aptantes
1727 2426 1798 2480 atl
1847 2424 2123 2482 Christum

517 2511 788 2582 laborem,
817 2515 1186 2582 devotionem,
1223 2519 1498 2581 meritum,
1557 2519 1743 2588 ﬁdem,
1799 2522 1851 2576 in
1911 2531 2120 2577 tantum

516 2604 962 2664 inconvenientia
995 2616 1112 2664 meo
1144 2610 1238 2665 Dei
1267 2611 1384 2666 ﬁlio
1426 2611 1754 2682 iudicamus,
1808 2623 1866 2668 ut
1901 2614 2123 2669 remini-

515 2711 737 2758 scentes
762 2703 969 2758 dictum
1003 2721 1031 2757 a
1066 2705 1244 2770 nobis,
1278 2721 1546 2762 summam
1574 2711 1877 2764 ctecitatem
1921 2721 2121 2768 nostra:

517 2795 850 2868 insipientia:
880 2807 1219 2870 reputemus,
1252 2810 1307 2856 et
1333 2816 1398 2856 ex
1417 2810 1609 2871 aperto
1623 2817 2119 2874 cernamus,quam

516 2906 647 2948 vera
675 2893 894 2964 quidam
939 2897 1048 2950 sint
1077 2896 1366 2958 adversum
1423 2912 1522 2954 nos
1575 2899 1788 2956 ratione
1817 2903 2116 2967 commoti;

515 2989 607 3060 qui
643 2999 914 3059 tamquam
949 2992 1240 3061 unicuique
1281 3001 1618 3058 sanctorum,
1674 2994 1803 3050 licet
1829 2995 1934 3052 hoc
1966 3012 2122 3050 num-

517 3097 681 3154 quam
710 3083 1061 3140 habuerimus
1091 3085 1145 3140 iu
1180 3087 1368 3153 corde,
1399 3102 1540 3157 pene
1575 3087 1855 3144 Christum
1883 3090 2116 3146 similem

515 3176 828 3240 fecerimus,
859 3188 912 3234 et
945 3180 1018 3233 illi
1050 3180 1140 3251 qui
1169 3195 1324 3251 super
1346 3197 1522 3234 omnes
1553 3191 1626 3236 est
1653 3182 1793 3237 Deus
1822 3181 2001 3253 (Rom.
2037 3198 2113 3253 ις,

2231 1968 2395 2036 Deus,
2429 1978 2488 2024 ttt
2518 1969 2634 2026 huic
2660 1985 2780 2041 qua:
2810 1987 2911 2029 nos
2946 1981 3222 2046 tamquam
3253 1977 3369 2033 Deo
3399 1987 3651 2047 putamus
3692 1978 3852 2033 indi-

2227 2077 2352 2133 gna,
2389 2077 2496 2117 non
2529 2079 2628 2134 per
2655 2079 2716 2119 se
2740 2065 2889 2120 solus
2927 2065 3093 2122 homo
3123 2079 3314 2139 ageret
3342 2069 3550 2139 judicio
3579 2069 3850 2136 naturali,

2225 2156 2322 2211 sed
2354 2155 2496 2210 Deus
2525 2171 2623 2226 per
2650 2156 2952 2228 hominem,
2984 2167 3148 2231 atque
3173 2162 3224 2216 in
3253 2161 3493 2229 homine,
3528 2163 3638 2232 ipse
3662 2163 3846 2217 homo

2228 2251 2383 2305 nobis
2411 2249 2612 2318 lactus,
2656 2262 2922 2322 potestate
2946 2261 3000 2310 et
3023 2256 3289 2327 mysterio
3321 2255 3514 2311 divina:
3542 2255 3841 2326 dispensa-

2227 2342 2393 2398 tionis
2425 2343 2704 2412 impleret.
2736 2343 2966 2412 Dehinc,
3009 2363 3078 2402 ne
3104 2349 3233 2416 quid
3266 2349 3590 2419 insipientis:
3614 2348 3851 2404 deesset

2225 2449 2383 2503 mete,
2433 2435 2785 2492 doctissimus
2829 2438 3008 2493 scriba
3040 2439 3109 2495 de
3141 2455 3246 2496 non
3289 2441 3580 2497 intellectis
3610 2455 3718 2496 non
3757 2441 3854 2496 in-

2223 2528 2443 2584 tellecta
2473 2529 2829 2597 conﬁrmans,
2881 2531 2998 2586 hac
3047 2534 3118 2586 ita
3163 2533 3370 2589 debere
3411 2533 3664 2604 intelligi,
3721 2548 3850 2604 qua:

2223 2637 2386 2692 supra
2418 2622 2699 2692 posuimus
2742 2612 3075 2692 arbitrabar,
3120 2635 3178 2680 ut
3223 2628 3547 2682 testimonio
3595 2625 3692 2682 illo
3736 2641 3848 2697 quo

2221 2716 2482 2784 scriptum
2535 2724 2652 2782 est,
2707 2713 2886 2786 Deus,
2943 2716 3082 2771 Deus
3133 2733 3313 2786 meus,
3360 2735 3525 2789 quare
3544 2718 3848 2790 intendere-

2223 2808 2419 2879 liquisti
2447 2807 2624 2881 (Psal.
2693 2823 2818 2875 ut,
2871 2810 2972 2881 l)?
3019 2810 3122 2866 hoc
3168 2810 3344 2881 ipsum
3386 2811 3633 2868 eniterer
3685 2813 3836 2868 assi-

2221 2916 2431 2972 gnare:
2485 2913 2541 2957 et
2597 2901 2806 2958 idcirco
2839 2902 3129 2959 Dominum
3174 2905 3362 2975 gloria:
3395 2906 3452 2961 in
3486 2921 3647 2962 cruce
3690 2905 3838 2961 hunc

2220 2994 2479 3050 clamoris
2535 2995 2784 3052 emisisse
2832 3009 3184 3064 sermonem,
3231 2998 3376 3067 quod
3444 2999 3682 3068 perfecta
3733 2999 3832 3053 bo-

2223 3086 2386 3142 minis
2451 3087 2757 3157 patientia,
2823 3089 3049 3143 minime
3117 3088 3409 3159 adiuvante
3483 3091 3724 3154 Deitate,
3773 3091 3833 3145 in
3907 3087 3914 3092 ’

2221 3180 2386 3236 tantis
2424 3180 2708 3237 doloribus
2749 3181 3092 3250 probaretur.
3130 3182 3274 3253 Ergo
3299 3183 3344 3237 si
3390 3197 3550 3239 causa
3603 3183 3840 3253 proban-

518 3270 596 3342 5),
627 3272 739 3328 haec
763 3289 883 3343 quae
907 3244 1072 3328 habet
1101 3244 1332 3344 simplex
1372 3285 1427 3330 et
1460 3275 1599 3329 nuda
1634 3244 1938 3331 mortalitas
1983 3244 2122 3332 assi—
2147 3244 2194 3307 Ο
2225 3274 2308 3330 dte
2363 3275 2614 3330 humana:
2686 3277 2961 3344 patientia:
3013 3277 3152 3332 hanc
3207 3293 3399 3333 vocem
3440 3281 3495 3331 in
3542 3277 3844 3334 doloribus

515 3375 767 3436 gnantes,
801 3368 941 3420 inter
958 3375 1188 3422 caeteros
1210 3367 1614 3436 quodammodo
1641 3384 1764 3423 eum
1781 3370 2122 3438 posuerimus

513 3461 846 3516 innumero.
879 3460 1033 3518 Licet
1063 3471 1225 3532 caput
1251 3463 1499 3532 corporis
1524 3462 1732 3517 dicatur
1783 3461 2002 3535 (Eplies.
2054 3478 2118 3532 v,

512 3557 589 3610 εὖ
608 3573 628 3622 ;
649 3555 850 3612 Coloss.
877 3572 929 3624 t,
963 3556 1077 3627 18),
1103 3565 1157 3612 et
1187 3571 1313 3612 vere
1353 3557 1425 3610 sit
1457 3557 1721 3614 Ecclesia:
1748 3559 1997 3628 corporis
2029 3571 2121 3613 ca-

514 3659 632 3719 put,
665 3659 827 3719 atque
856 3664 923 3704 ex
954 3649 1147 3704 eadem
1193 3664 1370 3704 massa
1401 3663 1503 3719 qua
1535 3663 1699 3705 omne
1729 3665 1901 3721 genus
1945 3651 2121 3706 homi-

515 3755 648 3797 num
681 3740 962 3796 descendit
1006 3739 1305 3796 secundum
1351 3753 1597 3806 carnem,
1647 3741 1854 3812 absque
1897 3753 2120 3813 peccato

514 3835 702 3889 venire
736 3843 990 3889 noscatur
1018 3853 1031 3890 :
1064 3848 1168 3887 non
1196 3842 1376 3889 tamen
1398 3834 1490 3904 qui
1518 3833 1810 3904 singularis
1832 3845 1936 3901 est,
1977 3836 2118 3892 inter

514 3936 750 3984 cmteros
779 3927 1178 3997 computandus
1197 3937 1281 3983 est
1309 3945 1320 3979 :
1363 3943 1465 3983 nec
1495 3928 1586 3982 illa
1617 3929 1684 3983 ad
1735 3929 1909 3998 ipsum
1964 3930 2114 3986 relc-

512 4022 682 4078 renda
718 4032 862 4087 sunt,
894 4037 1016 4093 qua:
1044 4031 1274 4092 possunt
1305 4021 1504 4078 habere
1531 4037 1862 4088 mensuram,
1893 4025 2018 4095 quia
2047 4026 2116 4081 ad

514 4118 691 4188 ipsum
719 4115 920 4171 dictum
945 4126 1026 4171 est
1060 4133 1074 4170 :
1107 4114 1232 4170 Non
1260 4116 1394 4170 enim
1432 4119 1501 4170 at!
1530 4133 1823 4172 mensuram
1853 4120 1944 4174 dot
1974 4118 2115 4177 Deus

512 4213 749 4285 spiritum
776 4207 957 4283 (Jaau.
992 4226 1060 4275 tt,
1084 4209 1198 4281 54).
1241 4209 1341 4267 Ubi
1391 4213 1536 4266 enim
1587 4212 1870 4283 plenitudo
1896 4214 2114 4272 deitatis

513 4317 622 4374 est,
649 4306 759 4361 illic
784 4321 883 4360 nec
909 4319 1181 4371 mensura,
1216 4320 1316 4360 nec
1337 4305 1531 4361 modus
1551 4316 1654 4361 est.
1690 4306 1872 4362 Nescit
1901 4309 2110 4374 labore,

515 4399 826 4465 devotione,
855 4396 980 4462 ﬁde,
1013 4399 1232 4463 merito,
1262 4396 1424 4453 ﬁnem
1455 4398 1868 4468 apprehendere
1894 4401 2114 4457 merito-

515 4509 663 4564 rum,
713 4497 802 4566 qui
835 4494 1077 4550 inﬁnitus
1106 4503 1161 4550 et
1191 4496 1310 4549 sine
1337 4495 1584 4549 terminis
1613 4497 1722 4565 agit
1742 4498 1922 4550 omnia
1954 4508 2106 4568 pote-

515 4596 677 4642 state.
709 4585 738 4626 ι’
771 4587 902 4643 Fide
927 4587 1142 4658 quidem
1176 4585 1339 4642 homo
1360 4629 1374 4651 ,
1423 4596 1475 4640 et
1503 4601 1633 4641 vere
1662 4588 1958 4642 secundum
1991 4603 2111 4643 car-

514 4693 641 4736 nem
673 4681 835 4735 homo
873 4681 1151 4745 nascitur;
1178 4678 1274 4734 sed
1306 4680 1448 4735 Deus
1478 4694 1601 4734 esse
1632 4695 1738 4734 non
1767 4679 1998 4735 desinit:
2019 4697 2112 4737 nu-

505 4777 695 4839 tritur,
721 4773 955 4844 proﬁcit,
979 4773 1198 4839 crescit,
1225 4771 1508 4835 adolescit,
1529 4781 1578 4826 et
1599 4771 1728 4825 sicut
1750 4789 1914 4842 agnus
1933 4788 2108 4828 coram

512 4874 756 4930 tondente
790 4882 964 4926 mutus
1008 4869 1190 4943 (Isai.,
1222 4884 1348 4938 Llll,
1385 4868 1462 4939 7),
1488 4869 1733 4924 convicia
1764 4870 2022 4936 sustinet,
2053 4880 2109 4927 et

511 4967 832 5040 ﬂagellatur,
851 4976 902 5022 et
924 4963 1264 5020 maledictum
1282 4973 1512 5018 mortem
1537 4974 1727 5018 auctor
1745 4963 1867 5018 vita:
1887 4964 2112 5022 veniens

505 5063 565 5120 in
590 5079 809 5118 carnem
842 5076 946 5115 non
974 5058 1205 5128 respuit.
1232 5057 1337 5112 Sed
1366 5057 1481 5113 haec
1511 5057 1715 5125 omnia,
1750 5073 1856 5114 non
1886 5069 1945 5114 ut
1966 5075 2108 5116 unus

503 5174 573 5216 ex
623 5159 780 5214 nobis
824 5155 1148 5212 necessitate
1183 5161 1524 5208 consummat
1569 5169 1585 5210 :
1637 5151 1733 5208 sed
1780 5162 2106 5224 potestatem

2223 3369 2558 3426 constitutus
2600 3368 2806 3434 emisit,
2851 3369 3039 3424 debuit
3067 3369 3234 3424 etiam
3277 3379 3334 3425 et
3372 3378 3493 3425 tunc
3521 3369 3590 3424 ad
3629 3371 3844 3440 proba-

2221 3465 2422 3519 tionem
2460 3463 2709 3533 ejusdem
2751 3463 3024 3532 patientiai
3067 3463 3276 3519 eisdem
3326 3465 3666 3519 sermonibus
3708 3464 3828 3521 hoc

2221 3557 2484 3623 clamare,
2518 3571 2640 3610 cum
2670 3570 2846 3612 caesus
2874 3565 2992 3612 est:
3023 3555 3213 3612 debuit
3231 3565 3288 3612 et
3311 3566 3436 3612 tunc
3458 3557 3644 3612 eadem
3663 3558 3837 3612 verba

2223 3649 2498 3718 proferre,
2530 3663 2654 3702 cum
2699 3648 2795 3703 illa
2839 3648 3124 3717 multiplici
3158 3648 3442 3702 vulnerum
3480 3664 3703 3716 corona,
3737 3651 3833 3704 ubi

2222 3752 2301 3796 tot
2326 3742 2481 3797 fuere
2510 3756 2704 3812 poenae,
2735 3753 2867 3812 quot
2898 3743 3083 3811 spinas
3107 3742 3300 3797 illusus
3331 3743 3564 3812 accepit.
3589 3743 3697 3797 Aut
3718 3741 3834 3796 ior-

2217 3834 2360 3888 sitan
2390 3834 2605 3890 Christo
2638 3836 2856 3890 luerunt
2893 3834 2998 3889 ista
3027 3835 3251 3900 leviora,
3289 3835 3376 3889 illa
3404 3837 3684 3905 graviora.
3717 3837 3824 3890 Ar-

2220 3929 2392 3984 bitror
2420 3929 2564 4000 quod
2589 3928 2681 3999 qui
2712 3942 2876 3982 unam
2898 3927 2966 3982 ad
2988 3927 3336 3998 suscipienda
3368 3928 3490 3984 haec
3521 3929 3702 3983 omnia
3729 3927 3829 3983 ba-

2220 4026 2346 4079 bere
2365 4023 2616 4095 dignatus
2646 4033 2728 4077 est
2746 4025 3102 4092 voluntatem,
3138 4039 3295 4079 unam
3321 4023 3693 4094 eamdemque
3727 4023 3824 4076 ba-

2219 4117 2332 4172 buit
2352 4116 2418 4173 ad
2443 4118 2557 4171 haec
2583 4115 2764 4170 omnia
2786 4115 3038 4187 patienda
3073 4117 3346 4172 virtutem.
3371 4115 3646 4172 Clamavit
3667 4131 3822 4187 ergo,

2215 4211 2360 4267 sicut
2396 4212 2659 4281 scriptum
2691 4221 2800 4277 est,
2829 4220 2886 4265 et
2916 4211 2968 4264 in
3004 4211 3152 4280 ligno
3181 4211 3360 4266 crucis
3400 4209 3651 4280 pendens
3679 4209 3831 4264 hanc

2216 4322 2406 4363 vocem
2437 4305 2612 4377 primo
2635 4305 2796 4361 morti
2823 4305 3004 4361 etnisit
3029 4320 3170 4361 :non
3204 4314 3261 4359 ut
3295 4305 3583 4361 humanam
3614 4303 3818 4375 perfe-

2213 4411 2470 4470 ctamque
2511 4400 2562 4453 in
2600 4413 2661 4454 se
2703 4399 3020 4469 patientiam
3066 4387 3496 4463 demonstraret,
3525 4410 3646 4468 qua
3693 4396 3826 4453 sine

2215 4492 2530 4548 testimonio
2563 4494 2714 4546 vocis
2752 4491 2934 4547 causis
2974 4491 3108 4560 ipsis
3151 4499 3207 4546 et
3251 4490 3422 4546 rebus
3471 4489 3822 4546 evidentibus

2217 4589 2537 4657 probaretur
2564 4604 2577 4639 :
2610 4586 2705 4641 sed
2736 4594 2793 4639 ut
2832 4600 2961 4640 vere
2990 4585 3392 4655 manifesteque
3427 4585 3575 4642 ﬁlius
3605 4585 3704 4640 Dei
3731 4598 3826 4640 se-

2214 4678 2454 4734 cundum
2485 4692 2709 4733 carnem
2741 4692 2802 4732 se
2837 4678 3154 4734 ostenderet
3199 4679 3548 4747 moriturum,
3581 4689 3638 4734 et
3668 4678 3816 4733 velut

2213 4774 2396 4830 carnis
2419 4774 2586 4843 ipsius
2615 4786 2753 4828 voce
2784 4781 2960 4840 utens,
3000 4788 3207 4842 ponens
3235 4775 3568 4843 praeteritum
3600 4787 3708 4841 pro
3733 4771 3820 4825 lu-

2213 4880 2337 4926 turo
2367 4871 2490 4940 quia
2535 4883 2631 4937 per
2668 4877 2903 4923 mortem
2955 4869 3135 4922 crucis
3175 4867 3482 4924 necessario
3529 4877 3820 4924 terrenum

2209 4965 2234 5004 α
2253 4979 2450 5035 corpus
2479 4973 2598 5020 erat
2621 4978 2652 5018 a
2683 4961 2794 5017 Deo
2825 4977 2923 5032 pro
2948 4972 3189 5030 tempore
3231 4961 3670 5032 relinquendum,
3700 4977 3820 5018 non

2210 5061 2384 5115 solum
2426 5073 2454 5111 a
2489 5058 2620 5124 Deo,
2668 5070 2853 5110 verum
2896 5037 3059 5109 etiam
3095 5055 3165 5108 ab
3203 5057 3382 5110 anima
3417 5071 3512 5110 sua
3541 5071 3662 5126 qua:
3690 5066 3822 5110 erat

2211 5155 2358 5210 unita
2386 5167 2509 5208 cum
2541 5152 2674 5218 Deo,
2717 5149 2821 5205 hoc
2849 5150 3026 5221 ipsum
3064 5149 3213 5220 prius
3246 5165 3408 5220 quam
3441 5147 3612 5216 ﬁeret,
3645 5147 3820 5204 nobis

2205 5345 2294 5398 tte,
2325 5335 2616 5402 nimimque
2649 5333 2804 5388 liberi
2837 5331 3048 5388 arbitrii
3091 5330 3286 5400 laudis,
3328 5339 3496 5402 atque
3523 5330 3813 5386 societatis

2203 5422 2323 5462 cum
2363 5405 2686 5473 Pelagianis.
2762 5404 2934 5461 Gann.

2278 5479 2302 5515 ά
2345 5477 2513 5532 Caute
2548 5478 2804 5548 legendus
2839 5479 2924 5530 hic
2963 5476 3146 5540 locus;
3188 5473 3804 5548 quamquamnonnulli

2207 5561 2408 5619 patres.
2454 5560 2508 5603 et
2557 5546 2667 5603 tres
2697 5549 2913 5619 quidem
2948 5548 3123 5615 magni
3159 5548 3414 5611 nominis,
3468 5546 3717 5602 relictum
3771 5560 3806 5600 ει

2203 5624 2486 5676 divinitate
2505 5635 2727 5687 corpus,
2756 5621 2935 5673 triduo
2961 5633 3067 5680 quo
3086 5619 3254 5687 jacuit
3297 5619 3352 5672 in
3380 5620 3659 5684 sepulcro,
3684 5619 3810 5686 opi-

2205 5695 2317 5749 nati
2348 5697 2473 5759 sint,
2509 5691 2848 5763 Epiphanius
2881 5691 3086 5744 Haeres.
3115 5689 3184 5743 10
3205 5701 3260 5744 et
3291 5691 3384 5763 tit).
3412 5690 3651 5763 Hilarius
3673 5704 3805 5743 can.

2197 5766 2268 5820 55
2299 5768 2348 5820 in
2379 5762 2569 5821 Matth.
2602 5765 2924 5820 Ambrosius
2949 5763 3000 5817 in
3034 5769 3262 5816 tractatu
3291 5762 3359 5817 de
3384 5762 3646 5817 svmbolo
3672 5777 3802 5831 cap.

2195 5838 2282 5892 l5.
2315 5836 2485 5895 Cana.

575 5351 601 5380 ⁸
643 5339 807 5398 Forte
829 5339 1144 5409 legendum,
1180 5351 1328 5391 omne
1379 5335 1516 5402 quod
1560 5335 1775 5409 accepit.
1831 5334 1998 5409 Bson.
2027 5365 2097 5376 —-

503 5406 716 5472 Mallem
770 5406 1046 5482 equi—dem,
1079 5427 1260 5463 nomen
1301 5409 1436 5476 quod
1471 5409 1700 5482 occepit.
1737 5407 2098 5482 Retinendum

505 5490 650 5543 enim
683 5479 864 5541 nomen
888 5487 1021 5539 satis
1055 5484 1228 5537 innuit
1257 5480 1504 5550 Apostoli
1539 5479 1690 5534 locus
1723 5480 1965 5548 proxime
2013 5495 2101 5534 se-

500 5577 826 5684 “nfnii'iliills
868 5626 1161 5697 probabilis
1203 5621 1656 5697 sensujcxtnntli
1683 5624 1688 5630 ’
1716 5629 1893 5697 potest
1921 5639 1934 5675 :
1965 5637 2101 5691 quo-

495 5702 642 5759 circa
672 5691 952 5762 [tegendum
980 5698 1118 5752 haud
1140 5697 1325 5765 dubie,
1348 5691 1438 5748 Fit
1468 5694 1677 5765 quidem
1707 5693 1883 5762 homo,
1915 5705 1970 5750 ut
1997 5698 2096 5750 ob-

494 5775 737 5829 servavit
770 5771 1089 5825 Gztrttet‘itts.
1167 5768 1334 5822 BAUN.

573 5858 593 5882 ε
638 5847 864 5908 Propter
904 5844 1041 5895 hanc
1070 5842 1418 5900 sententiam.
1467 5849 1632 5910 atque
1683 5837 2081 5904 praecedentem

494 5919 676 5986 aliam,
722 5916 980 5988 Leporius
1009 5922 1295 5969 accusatus
1333 5921 1418 5970 est
1453 5909 1639 5984 gratiae
1670 5909 1866 5968 divinae
1917 5923 2080 5981 nega-
