4060 6352
270 273 396 336 ωε)

1432 267 1769 333 ιιιιειωε
1806 264 2348 328 ειεκωτιοωιε.

3409 268 3550 326 Isso

266 390 493 448 moriens
545 398 857 447 testaretur.
891 390 1007 447 Non
1046 391 1189 447 enim
1236 392 1436 449 tradito
1478 394 1676 464 spiritu
1722 406 1849 449 caro
1881 394 1923 451 Α
1954 388 2169 444 rissime
2202 388 2547 444 conﬁtemur.
2572 387 2718 444 Sane
2743 385 2810 442 ad
2835 382 3309 445 condemnandam
3336 402 3365 443 a
3398 388 3557 443 nobis

269 497 464 543 utortua
526 496 741 557 poterat
787 487 890 542 hoc
948 488 1223 553 clamare;
1276 488 1516 560 alioquin
1574 498 1851 543 mortuum

1960 484 2127 539 totius
2158 482 2389 539 hmresis
2418 482 2718 548 infamiam.
2749 483 2874 555 quia
2905 482 3207 540 catholicos
3234 497 3335 538 nos
3376 498 3440 538 ex
3466 498 3556 538 ca-

267 578 531 635 Christum
560 579 612 632 in
639 580 868 635 veritate
891 579 1016 650 quis
1035 579 1325 636 crederet?
1345 579 1487 639 Deus
1507 594 1617 637 non
1642 574 1701 637 lu
1726 594 1854 651 pas-
1958 576 2180 635 tltolicis
2220 592 2439 649 semper
2478 575 2776 633 secundum
2807 592 3000 648 puram
3039 576 3429 632 conscientiam
3462 591 3559 629 no-

269 672 503 727 sintiibus
527 671 824 739 hominem,
848 671 941 739 qui
966 672 1020 727 in
1053 671 1275 729 homine
1305 670 1605 729 secundum
1634 686 1854 728 carnem
1960 672 2163 741 vimus,
2194 674 2485 728 anathema
2521 671 2781 728 omnibus
2816 670 3087 727 hzrreticis
3130 670 3386 729 dicimus.
3420 670 3562 725 Pho-

269 764 513 835 dignatus
539 772 623 819 est
654 765 786 833 pati,
824 762 920 821 sed
957 779 1161 835 corpus
1189 765 1243 821 in
1276 773 1473 831 morte,
1503 774 1560 821 et
1596 767 1749 836 juxta
1781 763 1859 819 le-

268 874 381 930 gem
403 873 661 915 excessus
677 859 919 923 humani,
935 858 1193 916 divinitas
1213 876 1337 916 cum
1355 860 1507 916 unita
1525 860 1630 915 sibi
1651 859 1857 924 anima,

269 968 370 1008 non
416 952 735 1008 cruciﬁxum
777 954 1052 1010 hominem
1099 954 1319 1025 reliquit
1362 955 1415 1009 in
1459 968 1713 1024 pmnam,
1759 953 1855 1008 sed

270 1043 565 1100 exanimem
595 1059 817 1109 carnem
843 1044 1089 1105 deseruit
1115 1045 1183 1100 ad
1208 1053 1423 1116 tempus
1451 1063 1466 1102 :
1492 1056 1549 1100 et
1571 1052 1680 1100 tam
1699 1041 1861 1101 Clitiv

271 1146 381 1193 stus
396 1135 542 1192 ﬁlius
561 1137 659 1193 Dei
693 1148 823 1194 tunc
849 1149 1095 1194 mortuus
1115 1138 1290 1210 jacuit
1322 1140 1376 1194 in
1403 1138 1676 1211 sepulcro,
1701 1154 1863 1210 quam

269 1229 406 1285 idem
431 1228 684 1287 Christus
713 1231 856 1297 illius
886 1231 983 1289 Dei
1016 1230 1088 1293 ad
1119 1230 1333 1292 inferna
1358 1230 1673 1298 descendit;
1721 1230 1866 1287 sicut

268 1322 456 1379 beatus
487 1323 779 1394 Apostolus
798 1318 933 1385 dicit
956 1341 970 1376 :
993 1325 1144 1394 Quod
1171 1332 1342 1380 autem
1367 1325 1619 1391 ascendit,
1639 1325 1765 1396 quid
1793 1336 1867 1405 es}

270 1417 365 1472 nisi
403 1418 555 1473 etiam
584 1418 722 1489 quod
753 1419 1021 1474 descendit
1051 1420 1280 1492 primum
1309 1420 1363 1473 in
1392 1419 1665 1492 inferiores
1693 1427 1868 1490 partes

269 1512 460 1567 terrte?
504 1512 603 1578 Qui
631 1511 917 1579 descendit,
945 1513 1057 1585 ipse
1086 1521 1161 1568 est
1195 1514 1284 1583 qui
1312 1513 1548 1568 ascendit
1574 1529 1730 1585 super
1753 1529 1866 1567 om-

272 1623 358 1662 nes
387 1609 542 1661 cretes
573 1605 808 1678 (Ephes.
842 1623 928 1671 tv,
963 1608 1019 1672 9,
1051 1608 1175 1679 l0).
1220 1608 1339 1679 Ipse
1371 1608 1558 1679 utique
1601 1607 1869 1685 Dominus

266 1714 328 1754 ac
358 1699 500 1754 Deus
529 1711 716 1755 noster
754 1697 916 1756 Iesus
944 1698 1197 1757 Ghrisms
1227 1700 1424 1758 unicus
1454 1700 1577 1771 Dei,
1610 1700 1701 1773 qui
1742 1715 1866 1756 cum

1964 762 2102 831 tino,
2154 765 2308 828 Ario,
2347 763 2613 828 Sabellio,
2648 763 2940 830 Eunomio,
2992 761 3303 831 Valentino,
3354 760 3565 833 Apolli-

1964 857 2104 921 nari,
2129 858 2453 923 Manicbtco,
2473 869 2529 914 et
2547 858 2817 915 universis
2839 872 3025 914 contra
3048 872 3236 913 sanam
3259 857 3563 913 doctrinam
3632 898 3640 915 ι

1940 951 2309 1038 .venientibns
2340 968 2353 1003 :
2385 950 2511 1022 quia
2536 952 2638 1006 etsi
2671 951 2807 1021 lapsi
2838 967 3025 1006 sumus
3053 950 3233 1023 lingua
3264 951 3347 1006 vel
3376 964 3563 1016 sensu,

1964 1059 2076 1101 non
2107 1055 2284 1103 tamen
2319 1045 2601 1101 voluntate
2628 1045 2711 1099 vel
2741 1043 2929 1109 corde,
2962 1045 3103 1099 sicut
3142 1043 3404 1113 scriptum
3436 1050 3522 1099 est
3550 1058 3564 1095 :

1972 1140 2076 1209 Qui
2117 1141 2311 1196 labitur
2359 1141 2561 1212 lingua,
2589 1139 2680 1195 sed
2709 1156 2815 1195 non
2844 1156 2909 1196 ea:
2932 1139 3089 1194 corde
3115 1155 3133 1194 :
3155 1142 3269 1210 quis
3314 1147 3387 1192 est
3422 1139 3570 1192 enim

1966 1235 2059 1306 qui
2082 1250 2184 1291 τινα
2218 1219 2477 1307 delinquit
2503 1235 2558 1289 in
2589 1235 2769 1306 lingua
2795 1248 2892 1287 ευ.
2915 1232 3113 1305 (Eneti.
3148 1248 3262 1300 XIX,
3300 1232 3390 1297 to.
3426 1228 3569 1300 17)?

1970 1328 2265 1401 Equidem,
2309 1330 2515 1384 domini
2554 1328 2661 1385 mei
2694 1326 3152 1384 venerandissimi
3183 1337 3239 1382 et
3268 1323 3571 1383 beatissimi

1969 1423 2308 1489 sacerdotes,
2346 1433 2505 1493 prout
2550 1422 2697 1493 potui
2740 1421 2881 1476 lilius
2917 1420 3066 1489 pacis
3092 1419 3391 1475 secundum
3425 1419 3571 1486 Apo-

1971 1520 2173 1575 stolum
2217 1519 2485 1574 dicentem
2521 1535 2534 1572 :
2563 1517 2666 1585 Qui
2699 1515 3038 1571 observaverit
3071 1524 3232 1569 totam
3270 1513 3456 1588 legent.
3489 1511 3574 1582 of-
3614 1574 3623 1587 ι

1972 1615 2149 1691 fendet
2176 1623 2351 1671 autem
2380 1615 2435 1668 in
2465 1630 2647 1682 unum,
2684 1616 2853 1686 factus
2898 1620 2972 1666 est
3002 1610 3234 1669 omnium
3271 1623 3390 1663 reus
3414 1603 3572 1674 (Jac.

1975 1725 2038 1777 tt,
2068 1708 2198 1780 l0);
2224 1724 2330 1764 non
2365 1706 2437 1780 in,
2461 1706 2672 1778 paucis,
2709 1706 2804 1761 sed
2836 1705 2887 1760 in
2925 1700 3222 1779 grandibus
3250 1698 3571 1768 oll‘endens,

265 1790 442 1845 anin‘ia
476 1790 545 1844 ad
577 1790 788 1846 inferna
811 1791 1119 1858 descendit,
1150 1792 1268 1864 ipse
1295 1806 1421 1850 curn
1449 1799 1631 1849 anima
1664 1800 1723 1850 et
1745 1807 1868 1849 cor-
1896 1788 1946 1852 Β
1974 1802 2077 1859 Ieci
2108 1816 2196 1857 me
2231 1816 2295 1857 ex
2330 1779 2454 1858 tot?
2470 1796 2639 1857 corde
2665 1798 2719 1854 in
2749 1797 3021 1854 omnibus
3040 1794 3357 1854 reuto.'Sed
3388 1795 3441 1849 in
3470 1796 3575 1848 hoc

266 1897 396 1953 pore
436 1882 691 1938 ascendit
725 1882 794 1937 ad
829 1884 1068 1949 caelum;
1114 1900 1222 1956 quo
1265 1894 1322 1941 et
1366 1886 1455 1942 hic
1493 1899 1550 1941 et
1590 1887 1645 1941 in
1686 1885 1871 1942 futuro

268 1976 434 2033 Deum
483 1976 872 2048 hominemque
903 1978 1233 2053 perlectum,
1280 1980 1648 2052 eundemque
1698 1979 1871 2037 illium

266 2070 383 2137 Dei,
413 2069 591 2129 Deum
622 2087 811 2135 verum
840 2072 895 2129 in
917 2085 1125 2135 aeterna
1150 2076 1355 2139 saecula
1377 2089 1725 2133 veneremur.

338 2158 428 2221 to.
476 2164 629 2229 llunc
650 2164 812 2236 igitur
831 2166 1122 2227 Dominum
1146 2167 1319 2233 Deum
1343 2184 1549 2235 meum,
1573 2168 1874 2226 scentulum

268 2272 526 2329 magnum
561 2257 781 2329 pietatis
810 2271 1254 2331 sacramentum,
1301 2260 1444 2319 sicut
1469 2262 1527 2318 in
1568 2277 1737 2319 carne
1774 2276 1873 2317 na-

269 2359 404 2419 tum,
438 2349 495 2411 in
525 2366 694 2411 carne
726 2366 971 2423 passum,
1006 2355 1060 2411 in
1098 2369 1265 2412 carne
1290 2364 1590 2423 mortuum,
1624 2355 1681 2411 in
1707 2370 1878 2411 carne

268 2444 618 2511 suscitatam,
646 2445 701 2501 in
720 2460 887 2502 carne
917 2448 1214 2513 elevatum,
1243 2447 1298 2503 in
1323 2450 1491 2505 carne
1509 2448 1876 2520 gloriﬁcatum

264 2540 433 2595 credo
463 2547 629 2609 atque
665 2540 935 2603 conﬁteor
964 2556 980 2596 :
1012 2542 1086 2599 ita
1118 2541 1295 2613 ipsum
1325 2541 1560 2612 proprie.
1589 2541 1646 2597 in
1685 2541 1879 2596 eadem

264 2648 438 2695 carne
472 2634 640 2690 credo
676 2650 800 2691 esse
846 2645 1135 2697 venturum
1170 2634 1240 2695 ad
1271 2634 1583 2693 faciendum
1608 2633 1880 2705 judicium

263 2726 321 2783 in
370 2728 531 2784 vivos
558 2737 614 2787 et
639 2736 919 2796 mortuos;
965 2736 1133 2801 atque
1176 2728 1247 2786 ab
1290 2728 1488 2787 eodem
1534 2741 1637 2800 pro
1681 2729 1882 2785 merito

265 2819 500 2895 proprio
559 2836 1003 2893 unumquemque
1049 2822 1448 2893 sempiternum
1494 2821 1698 2878 habere
1740 2836 1882 2892 prm-

261 2913 471 2979 mium.
498 2912 569 2972 Ut
595 2924 778 2975 autem
803 2924 859 2973 et
880 2916 1006 2971 hinc
1032 2916 1169 2972 nihil
1197 2916 1457 2988 cuiquam
1484 2916 1541 2972 in
1568 2916 1883 2988 suspiciam

261 3011 675 3081 derelinquam.
708 3020 833 3071 tunc
862 3010 1001 3077 disi,
1036 3011 1203 3071 immo
1230 3010 1299 3067 ad
1337 3010 1557 3082 obieeta
1583 3010 1879 3081 respondi,

258 3100 570 3159 Dominum
589 3110 836 3165 nostrum
858 3101 1044 3159 .lesutn
1065 3102 1344 3163 Christum
1369 3103 1669 3161 secundum
1701 3104 1877 3159 hemi-

1975 1898 2272 1970 perl‘cctam
2316 1895 2542 1968 probayi
2575 1894 2900 1949 charitatem
2928 1907 3118 1948 eorum
3147 1889 3240 1962 qui
3273 1904 3361 1945 me
3390 1902 3574 1959 perse-

1974 1992 2086 2048 cuti
2126 1998 2278 2058 sunt,
2327 2004 2434 2044 non
2480 1998 2662 2043 tamen
2702 1986 2908 2057 gratis:
2956 1982 3102 2056 quod
3149 1991 3260 2039 tam
3308 1980 3579 2037 velociter

1977 2083 2141 2155 pleno
2169 2096 2356 2137 amore
2379 2089 2666 2151 susceptus
2702 2078 2805 2133 siin
2835 2075 3179 2143 emendatus,
3208 2088 3371 2142 quam
3395 2072 3581 2131 inten-

1980 2177 2137 2232 tione
2167 2176 2408 2245 perlecta
2438 2180 2493 2228 et
2520 2171 2871 2228 aemulatione
2900 2167 3130 2225 insecuti
3158 2174 3288 2223 sunt
3316 2165 3581 2221 aberrsno

1981 2280 2113 2326 tetn.
2164 2267 2297 2325 Mihi
2337 2273 2548 2327 autem.
2583 2272 2720 2321 teste
2766 2263 2880 2319 Deo
2929 2261 3156 2332 loquor,
3200 2257 3583 2316 desiderabilis

1979 2359 2227 2418 omnium
2272 2368 2329 2416 et
2365 2357 2621 2427 optabilis
2666 2371 2770 2427 pax
2813 2363 2918 2412 est.
2951 2354 3107 2423 Quod
3136 2361 3410 2425 superest,
3436 2365 3584 2406 nunc

1980 2456 2178 2510 lteram
2209 2453 2519 2522 iterumque
2555 2449 2947 2520 deprecamur,
2999 2447 3127 2503 date
3167 2446 3384 2503 veniam
3429 2444 3587 2516 igno-

1982 2544 2187 2602 scendo
2224 2543 2405 2609 nobis,
2436 2552 2492 2596 et
2521 2542 2816 2611 impetrato
2845 2538 3058 2596 orando
3085 2552 3187 2609 pro
3216 2536 3396 2593 nobis.
3441 2538 3587 2608 Opto

1983 2653 2106 2705 vos,
2142 2646 2342 2708 patres,
2375 2636 2429 2690 in
2457 2634 2633 2690 Deum
2660 2633 2864 2689 vivere.

2055 2731 2171 2802 Ego
2212 2730 2484 2799 Leporias
2523 2727 2769 2784 libellum
2813 2739 2939 2781 meo
2976 2736 3143 2780 sense
3190 2723 3477 2788 dictatum,
3526 2722 3583 2778 in

1983 2837 2095 2896 quo
2116 2821 2277 2877 ﬁdem
2299 2835 2496 2887 meam,
2518 2819 2629 2876 Deo
2654 2817 2893 2883 volente,
2909 2818 2962 2873 in
2984 2816 3150 2873 linem
3173 2832 3343 2889 usque
3362 2817 3586 2883 tenebo,

1986 2916 2299 2974 medullitus
2326 2913 2641 2983 exprimere
2660 2913 2854 2969 volens
2869 2926 3059 2969 coram
3079 2913 3288 2967 sanctis
3315 2910 3590 2982 episcopis

1986 3013 2040 3067 in
2071 3010 2317 3067 Ecclesia
2347 3007 2786 3079 Carthaginiensi
2815 3006 3086 3063 relectum
3117 3003 3441 3075 subscripsi.

2062 3103 2179 3174 Ego
2208 3100 2513 3157 Dominus
2537 3099 2676 3156 bene
2707 3097 2867 3156 tidem
2902 3108 3088 3165 teneo,
3111 3094 3401 3163 conﬁteor,
3435 3092 3593 3152 harie-

260 3208 395 3251 nem
431 3192 708 3263 ignorare.
735 3193 842 3253 Sed
875 3210 1022 3257 nunc
1046 3211 1158 3255 nou
1183 3195 1362 3255 soluat
1390 3194 1578 3253 dicere
1603 3211 1713 3251 non
1745 3210 1880 3267 μνω-
1912 3185 1959 3250 C
1989 3176 2097 3269 que
2125 3194 2451 3263 subscripsi.

258 3302 455 3355 sumo,
488 3304 678 3353 verum
713 3289 877 3344 etiam
910 3290 1147 3361 priorem
1171 3289 1579 3347 anathematizo
1608 3290 1882 3358 prolatam

258 3382 315 3437 in
354 3380 467 3436 hac
499 3393 657 3451 parte
687 3384 1016 3439 sententiam
1048 3401 1062 3437 :
1093 3383 1219 3454 quia
1252 3383 1360 3441 diei
1391 3397 1501 3439 non
1535 3381 1686 3450 licet,
1712 3380 1885 3439 etiam

255 3472 579 3531 secundum
620 3474 896 3531 hominem
931 3476 1217 3546 ignorasse
1260 3475 1555 3533 Dominum
1594 3476 1887 3545 propheta.

256 3582 418 3625 rum.
456 3565 758 3627 Causarum
793 3584 922 3624 vero
952 3577 1182 3629 caeteras
1211 3570 1581 3637 ouationes,
1610 3579 1636 3609 ι
1663 3579 1761 3626 aut
1804 3568 1893 3625 in-

259 3660 552 3726 tentione,
577 3670 669 3717 aut
689 3659 1096 3726 exhortatione,
1119 3672 1210 3717 aut
1239 3663 1293 3718 iu
1322 3660 1565 3718 fraterna
1590 3660 1888 3717 collatione

257 3751 634 3835 protulimus.
671 3753 771 3811 Ubi
802 3755 849 3809 si
881 3754 1029 3812 forte
1051 3769 1216 3812 sensu
1248 3755 1422 3826 magis
1449 3769 1612 3826 quam
1645 3752 1754 3811 ﬁde
1775 3753 1891 3809 dis-

255 3846 628 3921 crepavimus
654 3886 669 3911 ,
718 3848 847 3919 quia
878 3847 1097 3919 longum
1140 3855 1228 3909 est
1257 3848 1340 3909 ire
1367 3863 1465 3919 per
1493 3846 1708 3919 singula
1734 3887 1751 3913 ,
1798 3862 1890 3905 se-

259 3943 523 4002 cundum
566 3942 727 4012 hujus
756 3944 1007 4015 epistolae
1050 3944 1238 4013 ﬁdem,
1269 3945 1343 4003 ita
1367 3959 1472 4002 nos
1510 3944 1638 4001 illas
1660 3959 1888 4013 omnes,

257 4041 429 4098 sicut
472 4039 609 4095 ordo
647 4039 913 4098 Ecclesim
947 4042 1238 4099 catholicae
1269 4053 1441 4114 tenet,
1481 4052 1579 4099 aut
1604 4044 1889 4115 suscipere

260 4141 365 4189 aut
410 4131 715 4201 reprobare
756 4142 1055 4202 testantes,
1101 4134 1393 4193 Dominum
1449 4134 1728 4193 Christum
1776 4151 1887 4193 non

257 4227 426 4291 aliud
462 4227 812 4300 proﬁtentes,
839 4240 899 4288 et
922 4231 1071 4290 aliud
1101 4233 1366 4290 habentes
1386 4234 1441 4293 iu
1468 4232 1658 4302 corde.
1703 4233 1889 4291 since-

262 4485 303 4542 r
344 4420 375 4450 ⁸
419 4411 732 4539 Οἱηίθνίυε
766 4412 918 4486 legit,
946 4425 1036 4471 aut
1070 4416 1127 4473 in
1155 4417 1390 4486 lectione,
1437 4424 1531 4472 aut
1558 4415 1616 4473 is
1644 4415 1891 4472 saltasta-

286 4501 440 4540 ione.
526 4501 557 4538 Α
582 4500 650 4539 τω.

582 4500 591 4523 l

286 4501 440 4540 iane.
482 4498 650 4539 usus.

317 4556 372 4632 ff
394 4554 559 4632 ΔΗαξιι
573 4556 937 4632 subscriptio,
971 4575 1092 4631 qua:
1116 4560 1362 4616 omnium
1392 4570 1664 4632 postrema
1695 4567 1815 4616 erat
1842 4559 1897 4615 in

257 4626 538 4702 editione
565 4626 862 4702 Sirnnmdi,
893 4626 1097 4687 rectius
1125 4634 1301 4702 posita
1324 4626 1543 4689 videtur
1568 4636 1671 4688 hoc
1701 4632 1896 4688 locoin

263 4699 693 4825 Suppllemento
723 4698 1097 4757 Conciliorum
1129 4698 1348 4759 Galliae.
1385 4705 1462 4759 lo.

346 4785 373 4810 υ
468 4770 860 4825 ictorVitensis
883 4772 1021 4825 Hist.
1040 4789 1249 4825 persec.
1283 4774 1456 4825 Vand.
1482 4775 1516 4825 li

346 4770 373 4810 ἀ
412 4770 608 4845 Victor
623 4770 860 4845 Vitgnsis
883 4772 1021 4829 Hist.
1040 4789 1249 4842 persec.
1283 4774 1456 4833 Vand.
1482 4775 1582 4845 lib,
1611 4789 1654 4841 ι,
1682 4788 1805 4845 cap.
1836 4776 1870 4831 5

2059 3289 2087 3331 δ
2117 3290 2232 3362 Ego
2259 3290 2439 3346 Bonus
2468 3288 2609 3359 bene
2638 3287 2801 3345 ﬁdem
2829 3298 3010 3354 teneo,
3037 3287 3323 3356 conﬁteor,
3357 3284 3594 3358 ltuieque

1990 3384 2314 3454 subscripsi.

2063 3476 2319 3534 Aurelius
2332 3476 2625 3548 messapus
2645 3475 2905 3531 Ecclesiae
2928 3471 3396 3545 Carthaginiensis
3407 3470 3594 3528 oblato

1993 3588 2025 3628 a
2054 3571 2291 3643 Leporio
2317 3570 2511 3626 libello
2538 3583 2606 3625 ae
2633 3568 2840 3625 relecto
2868 3566 3191 3638 subscripsi.

2062 3665 2404 3736 Augustinus
2450 3664 2741 3733 episcopus
2766 3672 2788 3701 ε
2817 3657 3303 3731 Bipponereiensis
3352 3656 3595 3728 regionis

1990 3760 2180 3818 oblato
2208 3759 2369 3814 nobis
2388 3773 2418 3811 a
2445 3756 2679 3827 laetioris
2700 3755 2891 3811 libello
2907 3752 3226 3825 subscripsi.

2064 3852 2376 3910 Florentius
2420 3850 2712 3924 cpiscopus
2754 3845 2783 3888 δ
2828 3846 3280 3918 Hipponiensium
3326 3843 3597 3901 Βίην-τίω·-

1991 3962 2110 4005 rum
2138 3946 2327 4001 oblato
2359 3944 2516 3999 nobis
2541 3958 2571 3999 s
2604 3941 2841 4014 Leporlo
2867 3940 3059 3997 libello
3088 3938 3412 4009 subscripsi.

2064 4039 2347 4099 Secundus
2371 4038 2666 4107 episcopus
2691 4033 2942 4091 ecclesia
2968 4032 3262 4103 Aqeeusis,
3290 4031 3406 4087 sive
3432 4039 3456 4069 ⁸
3482 4029 3594 4087 lle-

1993 4135 2316 4208 garmitamr
2336 4177 2351 4202 ,
2383 4131 2570 4188 oblato
2610 4128 2769 4185 nobis
2802 4143 2835 4182 a
2864 4125 3096 4198 Leporio
3126 4119 3318 4184 libello
3353 4122 3598 4183 subseri-

1995 4228 2100 4301 psi.

1996 4412 2286 4486 legendum
2318 4408 2739 4481 Hipporet'ettsis.

2039 4484 2101 4567 ,δ
2140 4484 2364 4567 Solinus
2398 4482 2940 4567 _i_ePon.ltist._-cap.
2979 4480 3051 4538 50
3079 4477 3458 4567 :[prenean
3498 4477 3602 4567 flet

2036 4559 2143 4636 ium
2173 4565 2349 4636 postea
2374 4551 2743 4636 dictunﬁitcm
2771 4551 3045 4636 HIPDONE-
3071 4551 3319 4636 alterunt,
3353 4551 3417 4633 de
3441 4551 3604 4606 inter-

2036 4577 2143 4613 tum
2173 4577 2349 4632 postea
2374 4577 2596 4622 αισιιιηι,
2622 4577 2743 4609 ucm
2771 4577 3044 4615 ΠΙΡΡΟΝΕΙ
3071 4577 3319 4619 auarum,
3353 4577 3417 4608 αις
3441 4577 3603 4606 "lter.

2000 4577 2190 4708 7luente
2225 4629 2377 4708 freto,
2402 4628 2748 4708 Plautiano!
2773 4622 3603 4708 nuncupatumnobilissima0p-

2000 4693 2127 4773 pida
2154 4693 2349 4773 equites
2360 4693 2373 4713 ’⁷
2395 4696 2567 4773 Cragi
2595 4696 3087 4773 eondiderun_t.__De
3135 4695 3410 4773 haettrbe
3438 4693 3603 4765 plura

2002 4767 2219 4831 erudite
2238 4772 2499 4829 observat
2522 4768 2838 4829 Ruittertius
2862 4769 2931 4825 ad
2954 4768 3122 4826 Notis.
3145 4767 3318 4825 Atria.
3343 4780 3598 4838 presens.

262 4819 444 4898 hanc-
468 4819 1104 4917 gessissemus;
1109 4819 1312 4901 1755a:
1328 4819 1469 4917 ἷὶἶῖςὶι
1482 4819 1896 4917 iugentia;
1922 4836 1978 4896 D
2003 4819 2223 4917 ῖιὲιξῖῥῖ
2236 4819 2290 4899 ὀί

262 4916 329 4972 in
355 4913 523 4999 netis
550 4915 615 4970 ad
641 4913 760 4971 Vet.
786 4909 1015 4972 Roman.
1040 4917 1224 4974 Itiner.
1245 4933 1365 4989 pag.
1390 4909 1894 4987 ﬁsuspicatur‘bic

2076 4909 2102 4954 δ
2140 4915 2308 4971 Garn.
2336 4911 2486 4985 legit.
2533 4909 3004 4984 Hagarmelitante.
