4076 6352
473 336 608 395 1251

974 332 1068 392 AD
1105 329 1382 390 LEPORII
1423 325 1860 389 PRESBYTERI
1895 323 2243 383 LIBELLUM
2283 318 2832 380 PRECEDENTEM
2869 315 3246 376 APPENDIX.

3636 312 3780 371 12³52

475 435 3773 474 _____________________________________________.

1593 614 2622 736 APPENDIX.

1036 1113 1059 1139 ’ί
1095 1081 1653 1172 EPISTULA
1747 1078 1772 1118 δ
1806 1076 2662 1166 EPISCOPORUM
2757 1071 3246 1176 AFRICIE,

875 1296 1079 1374 Quam
1113 1314 1252 1358 cum
1284 1310 1484 1376 supra
1517 1291 1756 1371 scripto
1785 1287 2047 1368 Leporii
2074 1285 2287 1351 libello
2317 1285 2623 1348 miserunt
2644 1282 2726 1345 ad
2751 1282 3079 1363 episcopos
3106 1280 3346 1345 Gallice.

471 1725 924 1793 Dilectissimis
953 1729 1015 1789 et
1041 1723 1536 1788 bonorabilibus
1577 1721 1886 1785 fratribus
1923 1728 1986 1785 et
2032 1722 2604 1786 consacerdotibus
2635 1722 2933 1785 Paocuw
2964 1722 3024 1782 et
3057 1718 3394 1794 Cnmmo,
3427 1716 3795 1792 AURELIUS,

1063 1829 1500 1902 AUGUSTINUS,
1533 1825 1942 1888 Fwnmv'rws
1984 1829 2049 1888 et
2074 1827 2479 1890 SECUNDINUS
2513 1827 2578 1888 in
2609 1826 2887 1888 Domino
2921 1823 3220 1888 salutem.

545 2042 744 2101 Filium
784 2049 1031 2099 nostrum
1061 2039 1357 2111 Leporium
1391 2039 1533 2111 apud
1561 2049 1796 2094 vestram
1827 2039 2084 2094 sanctita-
2109 2043 2164 2103 Α
2192 2040 2337 2096 Idem
2367 2041 2532 2111 igitur
2553 2049 2610 2098 et
2641 2041 2902 2099 Dominus
2932 2053 2986 2100 et
3014 2046 3261 2104 medicus
3288 2055 3479 2104 noster
3506 2055 3668 2105 utens
3698 2061 3797 2102 va-

471 2148 586 2216 tem
611 2153 709 2210 pro
740 2137 824 2192 sui
849 2134 1054 2191 erroris
1082 2134 1512 2205 praesumptione
1542 2133 1742 2188 merito
1767 2131 2079 2202 idoneeque

473 2243 808 2303 correptum,
841 2245 967 2288 cum
996 2229 1062 2286 ad
1095 2219 1194 2285 nos
1225 2237 1418 2300 postea
1445 2243 1608 2299 quam
1655 2226 1782 2283 inde
1812 2227 2078 2282 exturba-

475 2338 565 2386 tus
584 2338 672 2384 est
699 2326 965 2393 venisset,
989 2323 1281 2380 salubriter
1298 2323 1675 2394 perturbatum
1699 2320 2085 2392 corrigendum

476 2421 892 2490 sanaudumque
937 2419 1298 2488 suscepimus.
1346 2416 1480 2473 Nam
1507 2417 1650 2472 sicut
1689 2430 1789 2472 vos
1817 2415 2086 2471 obediSIis

473 2513 738 2584 Apostolo
771 2521 830 2568 ut
859 2509 1208 2582 corriperetis
1238 2510 1533 2580 inquietos,
1566 2508 1639 2564 ita
1667 2518 1722 2563 et
1754 2523 1854 2564 nos
1875 2519 1936 2563 ut
1958 2524 2088 2563 cono

471 2608 777 2666 solarentur
827 2606 1211 2678 pusillanimes
1255 2621 1320 2661 ac
1364 2605 1780 2675 susciperemus
1834 2601 2084 2658 inllrmos

476 2701 539 2775 (Ι
571 2702 754 2758 Thess.
789 2717 845 2767 ν,
882 2701 1006 2771 14).

547 2796 683 2854 Cum
715 2795 865 2853 enim
908 2801 1325 2866 praeoccupatus
1353 2799 1506 2848 esset
1535 2791 1677 2846 sicut
1708 2790 1875 2844 homo
1906 2789 1960 2844 in
1986 2787 2089 2842 ali-

471 2906 583 2962 quo
603 2889 806 2946 delicto
829 2887 986 2961 (Gal.
1020 2904 1094 2955 v1,
1131 2886 1219 2958 l),
1250 2885 1556 2956 eodemque
1581 2901 1687 2938 non
1722 2897 1911 2954 parvo,
1939 2891 1997 2936 ut
2024 2881 2092 2937 de

473 2984 760 3056 unigenito
789 2983 905 3038 lilio
935 2981 1055 3048 Dei,
1089 2980 1234 3052 quod
1275 2990 1384 3035 erat
1429 2981 1485 3034 in
1520 2977 1784 3051 principio
1836 2975 2088 3041 Verbum,

471 3089 522 3134 et
565 3078 796 3133 Verbum
842 3086 951 3133 erat
995 3077 1136 3146 apud
1181 3075 1379 3138 Deum,
1421 3083 1469 3127 et
1515 3071 1657 3127 Deus
1705 3080 1816 3125 erat
1866 3069 2090 3124 Verbum

479 3171 676 3243 (Joan.
725 3189 765 3238 ι,
821 3171 881 3243 1)
909 3169 1081 3228 :Cum
1130 3178 1303 3224 autem
1349 3167 1484 3222 venit
1527 3163 1796 3237 plenitudo
1849 3164 2092 3235 temporis

473 3263 494 3334 (
523 3262 644 3318 Gal.
679 3279 754 3328 v1,
783 3261 875 3333 4),
919 3261 1140 3317 Verbum
1168 3276 1290 3315 caro
1319 3263 1517 3330 factum
1548 3269 1645 3323 est,
1679 3269 1727 3312 et
1759 3256 2006 3311 habitavit
2037 3255 2093 3309 in

479 3354 626 3409 nobis
655 3353 851 3422 (Joan.
886 3369 925 3419 ι,
963 3353 1084 3425 llr),
1113 3367 1222 3407 non
1249 3360 1398 3408 recta
1428 3351 1678 3422 qumdam
1713 3356 1956 3419 saperet,
1991 3360 2093 3402 nec

2188 2135 2264 2189 sis
2293 2149 2357 2194 ac
2382 2135 2651 2190 ministris
2695 2137 2831 2201 suis,
2863 2139 2954 2209 qui
2985 2139 3126 2196 dixit
3161 2161 3173 2196 :
3210 2141 3326 2214 Ego
3371 2145 3678 2215 percutiam,
3735 2150 3791 2195 et

2189 2245 2281 2303 ego
2311 2229 2508 2284 sonabo
2539 2229 2558 2301 (
2585 2228 2740 2285 Deut.
2772 2247 2944 2298 xxx",
2977 2233 3102 2306 5'5),
3135 2249 3235 2306 per
3263 2250 3364 2292 vos
3392 2236 3657 2305 percussit
3696 2245 3784 2290 tu-

2190 2333 2458 2389 mentem,
2507 2338 2605 2394 per
2649 2338 2748 2380 nos
2787 2325 3001 2382 sanavit
3031 2327 3335 2385 dolentem.
3370 2329 3512 2386 Idem
3538 2346 3653 2387 sua:
3680 2329 3790 2385 do-

2194 2431 2314 2471 mus
2345 2415 2758 2474 administrator
2785 2427 2952 2486 atque
2979 2421 3254 2492 provisor,
3278 2438 3378 2493 per
3397 2438 3497 2479 vos
3518 2423 3801 2480 destruxit

2193 2508 2333 2565 male
2352 2519 2689 2578 constructa,
2713 2526 2812 2582 per
2832 2527 2931 2567 nos
2953 2513 3092 2570 bene
3117 2516 3416 2587 composita
3443 2516 3800 2573 restauravit.

2190 2599 2339 2656 Idem
2371 2601 2608 2670 diligens
2641 2604 2876 2673 agricola
2911 2607 3276 2676 possessionis
3303 2623 3419 2664 sua:
3449 2609 3674 2666 sterilia
3702 2624 3805 2680 per

2192 2707 2290 2748 vos
2338 2693 2640 2751 eradicavit
2668 2707 2727 2751 et
2757 2695 2942 2763 noxia,
2997 2698 3146 2754 utilia
3196 2716 3294 2770 per
3345 2715 3448 2757 nos
3478 2711 3534 2758 et
3565 2701 3800 2758 fecunda

2191 2786 2478 2856 plantavit.
2515 2787 2634 2844 Non
2667 2789 2851 2861 itaque
2885 2791 3070 2862 nobis,
3102 2793 3197 2849 sed
3223 2794 3342 2864 ejus
3391 2794 3796 2852 misericordiae

2193 2877 2384 2934 demus
2413 2879 2669 2951 gloriam,
2704 2882 2759 2937 in
2791 2882 2947 2954 cujus
2977 2899 3140 2942 manu
3170 2900 3360 2944 sumus
3391 2897 3452 2945 et
3476 2904 3579 2946 nos
3601 2898 3652 2945 et
3677 2905 3797 2946 ser-

2193 2986 2382 3028 mones
2430 2975 2626 3030 nostri.
2678 2975 2749 3031 Et
2791 2977 2932 3033 sicut
2969 2978 3024 3033 in
3072 2994 3234 3052 supra
3264 2980 3418 3038 dicto
3451 2981 3573 3038 lilio
3611 2993 3789 3040 nostro

2196 3066 2562 3121 ministerium
2592 3077 2832 3123 vestrum
2881 3070 3162 3127 humilitas
3189 3081 3381 3128 nostra
3414 3074 3680 3142 laudavit,
3709 3076 3789 3131 sic

2193 3162 2358 3218 etiam
2385 3163 2646 3216 sanctitas
2677 3171 2862 3219 vestra
2893 3175 3084 3221 nostro
3115 3167 3428 3224 ministerio
3452 3169 3785 3241 gratuletur.

2266 3253 2504 3309 Paterno
2525 3253 2690 3325 igitur
2719 3266 2775 3312 et
2805 3257 3046 3315 lraterno
3069 3259 3240 3316 corde
3284 3262 3540 3333 suscipite
3567 3279 3599 3317 a
3633 3261 3808 3318 nobis

2196 3347 2540 3404 misericordi
2580 3351 2876 3406 severitate
2906 3363 3236 3410 correctum.
3282 3355 3348 3410 Et
3375 3355 3420 3410 si
3450 3355 3594 3410 enim
3641 3355 3807 3412 aliud

482 3461 610 3502 vera
637 3444 889 3514 sentiret,
919 3460 1120 3516 negans
1151 3445 1316 3500 Deum
1348 3445 1623 3499 hominem
1654 3441 1877 3507 factum,
1911 3457 1980 3496 ne
2013 3441 2093 3494 vi-
2123 3443 2170 3504 Β
2198 3454 2296 3510 per
2342 3454 2463 3507 nos,
2513 3440 2657 3496 aliud
2705 3457 2805 3514 per
2835 3459 2967 3508 vos;
3001 3457 3297 3516 utrumque
3329 3457 3505 3503 tamen
3532 3447 3809 3504 fraterne

489 3539 689 3596 delicet
726 3537 1050 3595 substantia:
1099 3536 1299 3592 divina:
1347 3551 1470 3607 qua:
1512 3535 1736 3606 aequalis
1780 3541 1866 3591 est
1907 3533 2092 3601 Patri,

484 3633 708 3706 indigna
729 3632 960 3688 mutatio
984 3630 1068 3686 vel
1095 3629 1378 3700 corruptio
1399 3637 1721 3699 sequeretur
1741 3644 1756 3684 :
1779 3641 1880 3683 nec
1904 3625 2095 3681 videns

485 3736 738 3798 quartam
781 3740 841 3782 se
881 3723 1340 3782 subintroducere
1369 3723 1422 3778 in
1462 3722 1733 3778 Triuitate
1775 3734 2088 3791 personam,

486 3817 632 3890 quod
656 3834 688 3874 a
714 3819 950 3874 sanitate
979 3817 1215 3890 symboli
1237 3815 1638 3882 catholicaeque
1663 3814 1915 3871 veritatis
1939 3828 2096 3884 pror-

481 3929 574 3968 sus
607 3913 846 3968 alienum
869 3922 954 3970 est
979 3930 992 3966 :
1017 3928 1143 3968 eum
1174 3911 1339 3967 sicuti
1370 3912 1651 3981 potuimus
1673 3909 1966 3980 adjuvante
1988 3909 2096 3966 Do-

485 4005 634 4062 mino
688 4006 1048 4062 instruximus
1095 4005 1148 4060 in
1193 4004 1392 4076 spiritu
1454 4003 1732 4069 lenitatis,
1787 4003 2096 4074 praesertim

485 4097 610 4168 quia
635 4112 760 4153 cum
791 4097 896 4154 hoc
924 4097 1254 4154 admoneret
1282 4111 1378 4152 vas
1407 4095 1718 4162 electionis,
1753 4095 1971 4167 adjecit,
2003 4094 2096 4152 In-

485 4192 696 4247 tendens
738 4201 787 4248 te
823 4191 1017 4263 ipsum,
1071 4209 1134 4245 ne
1178 4198 1226 4245 ct
1259 4199 1314 4244 tu
1347 4191 1555 4245 tenteris
1586 4187 1750 4261 (Gal.
1787 4205 1864 4261 v1,
1899 4188 1994 4260 l):
2028 4205 2097 4246 ne

487 4283 560 4338 ita
601 4299 661 4339 se
689 4282 908 4354 quidam
942 4282 1010 4339 ad
1041 4291 1363 4353 provectum
1412 4283 1720 4353 spiritalem
1773 4282 2096 4352 pervenisse

485 4376 807 4448 gauderent,
833 4385 893 4433 ut
913 4392 974 4434 se
994 4377 1108 4448 jam
1138 4392 1247 4432 non
1273 4390 1437 4448 posse
1469 4375 1668 4431 tentari
1697 4386 1971 4448 tamquam
1998 4374 2098 4431 ho-

487 4473 662 4529 mines
706 4483 1001 4545 putarent;
1033 4472 1352 4544 addiditque
1381 4472 1656 4529 salubrem
1703 4472 2100 4544 paciﬁcamque

486 4568 845 4634 sententiam,
877 4577 938 4623 ut
964 4568 1098 4623 alter
1119 4569 1338 4623 alterius
1359 4583 1514 4623 onera
1536 4576 1820 4639 portemus,
1851 4567 2102 4639 quoniam

485 4663 564 4716 sic
590 4662 992 4734 adimplebimus
1020 4664 1184 4736 legem
1210 4661 1422 4717 Christi.
1456 4662 1557 4730 Qui
1578 4663 1716 4718 enim
1746 4671 1893 4735 putat
1920 4679 1973 4718 se
1993 4679 2103 4718 esse

487 4754 710 4828 aliquid,
741 4773 861 4812 cum
889 4759 957 4812 sit
989 4757 1144 4824 nihil,
1175 4773 1230 4813 se
1256 4757 1432 4828 ipsum
1456 4756 1656 4812 seducit
1685 4755 1887 4828 (Ibid.,
1916 4758 1972 4826 2,
2011 4755 2099 4830 5),

2197 3534 2358 3589 saluti
2383 3535 2750 3590 necessarium
2775 3553 2877 3592 una
2899 3537 3140 3596 charitas
3163 3538 3296 3596 fecit
3311 3557 3323 3593 :
3340 3554 3481 3595 unus
3501 3554 3632 3610 ergo
3654 3540 3809 3596 Deus

2197 3623 2345 3693 fecit,
2391 3627 2647 3697 quoniam
2702 3627 2842 3683 Deus
2886 3629 3111 3686 charitas
3161 3641 3235 3687 est
3266 3631 3518 3705 (lloan.
3569 3647 3653 3699 tv,
3704 3633 3798 3702 ί).

2197 3717 2431 3776 Proinde
2462 3720 2606 3777 sicut
2635 3736 2732 3792 per
2760 3737 2915 3778 suam
2949 3725 3300 3794 prasentiam
3331 3733 3624 3797 susceptus
3656 3732 3738 3780 est
3761 3739 3798 3780 a

2197 3813 2380 3881 nobis,
2414 3813 2494 3870 sic
2524 3829 2626 3886 per
2661 3831 2820 3872 suam
2849 3817 3142 3888 epistolam
3193 3818 3528 3890 suscipiatur
3559 3834 3591 3873 a
3621 3817 3794 3874 vobis.

2198 3909 2294 3965 Cui
2327 3909 2546 3980 quidem
2573 3911 2821 3982 epistolae
2848 3925 3038 3973 nostra
3065 3915 3230 3972 etiam
3261 3931 3424 3972 manu
3453 3913 3800 3971 subscriben-

2198 4001 2327 4057 dum
2351 4003 2690 4073 putavimus,
2724 4005 2895 4077 ipsius
2925 4022 3049 4064 esse
3080 4017 3366 4065 testantes.

2272 4095 2425 4152 Hanc
2451 4096 2570 4168 ejus
2599 4099 3000 4156 correctionem
3038 4101 3384 4158 dilectionem
3416 4111 3660 4159 veSIram
3697 4100 3805 4157 mi-

2200 4191 2346 4247 nime
2374 4189 2688 4249 dubitamus
2718 4203 2774 4249 et
2799 4204 3079 4265 gratanter
3109 4196 3384 4267 accipere,
3415 4206 3471 4252 et
3501 4197 3583 4252 eis
3614 4205 3807 4252 notam

2200 4285 2382 4341 facere
2410 4285 2610 4356 quibus
2639 4285 2758 4358 ejus
2785 4302 2945 4344 error
2967 4288 3283 4345 scandalum
3316 4289 3416 4345 fuit
3450 4307 3462 4344 :
3489 4288 3615 4358 quia
3639 4297 3699 4344 et
3723 4288 3811 4345 illi

2199 4379 2290 4449 qui
2315 4394 2438 4435 cum
2465 4394 2534 4436 eo
2558 4391 2830 4438 venerunt
2853 4381 2921 4438 ad
2949 4397 3048 4438 nos
3072 4397 3197 4439 cum
3243 4382 3339 4439 illo
3369 4384 3597 4440 correcti
3629 4390 3808 4452 atque

2200 4471 2377 4528 sanati
2398 4481 2544 4540 sunt,
2573 4473 2714 4528 sicut
2735 4488 2922 4529 eorum
2945 4473 3448 4544 subscriptionibus
3471 4488 3591 4546 quae
3610 4487 3812 4529 coram

2204 4566 2362 4623 nobis
2388 4566 2545 4623 facta:
2575 4579 2723 4635 sunt,
2754 4577 2971 4625 tenetur
2995 4583 3335 4640 expressum.
3367 4571 3632 4640 Superest
3655 4567 3809 4625 utde

2204 4661 2446 4719 fraterna
2477 4663 2656 4720 salute
2684 4663 2874 4731 laetati,
2907 4665 3195 4736 rescriptis
3223 4663 3584 4722 beatitudinis
3606 4671 3797 4720 vestra:

2207 4772 2307 4812 nos
2337 4756 2579 4821 vicissim
2608 4757 2888 4814 lmtiﬁcare
2912 4758 3235 4830 dignemini.
3267 4758 3534 4830 Optamus
3563 4773 3686 4825 vos,
3715 4755 3803 4810 di-

485 4848 827 4907 dilectissimi
853 4861 909 4908 et
930 4851 1288 4907 honorabiles
1328 4851 1544 4907 fratres.
1575 4849 1748 4918 Quam
1781 4858 1962 4907 tamen
1985 4850 2103 4922 ejus
2131 4847 2177 4912 C
2210 4850 2491 4907 lectissimi
2521 4859 2577 4908 et
2622 4850 2978 4910 honorabiles
3023 4853 3241 4921 fratres,
3290 4853 3345 4910 in
3397 4852 3636 4910 Domino
3665 4854 3809 4908 bene

484 4941 927 5000 emendationem
959 4959 1304 5016 nequaquam
1334 4942 1476 4999 forte
1505 4941 1735 5013 implere
1779 4958 2086 5015 possemus.

486 5033 593 5093 nisi
613 5050 712 5094 vos
742 5047 869 5094 ante
889 5053 1013 5109 quae
1036 5038 1092 5094 ia
1114 5052 1182 5095 eo
1208 5035 1471 5094 mendosa
1497 5036 1716 5094 fuerant
1737 5037 2095 5097 damnaretis.

565 5321 593 5381 ἦ
629 5313 744 5371 Etsi
795 5322 1027 5388 quatuor
1068 5315 1448 5388 episcoporum
1487 5317 1711 5373 nomine
1745 5317 1944 5388 scripta
1971 5325 2092 5384 est,

487 5386 568 5444 sic
597 5387 1018 5461 t_amen_redolet
1044 5387 1246 5461 stylum
1279 5396 1443 5461 atque
1472 5389 1745 5460 ingenium
1777 5386 2091 5461 Augustini,

492 5467 552 5514 ut
571 5459 641 5515 ab
668 5473 737 5515 eo
767 5458 1028 5514 dictatam
1065 5459 1234 5514 fuisse
1263 5458 1488 5516 dubium
1518 5458 1626 5517 non
1659 5458 1928 5517 videatur.
1959 5460 2096 5519 For-

491 5540 638 5587 tasse
667 5539 723 5586 et
752 5530 820 5586 ab
847 5531 969 5586 aliis
1009 5545 1249 5600 quoque,
1283 5533 1364 5585 vel
1403 5532 1639 5588 aliorum
1679 5544 1832 5590 certe
1858 5543 1990 5590 nutu
2027 5548 2092 5590 ac

491 5603 634 5668 vice,
665 5602 979 5669 conscripta
1009 5609 1116 5656 est.
1146 5600 1412 5658 SIRIIOND.

565 5673 589 5712 δ
635 5673 770 5748 lluic
800 5673 1049 5748 epistola:
1081 5674 1266 5748 titulus
1290 5675 1350 5748 in
1384 5675 1501 5748 tunc
1535 5676 1696 5732 verba
1733 5677 1986 5748 prteﬁxus
2008 5686 2093 5735 est

493 5747 563 5822 in
595 5746 782 5822 codice
828 5744 1166 5822 Lgeodicttsi}
1197 5745 1435 5822 Epistula
1485 5748 1682 5822 Aurelii
1705 5744 2048 5822 ,Lzlugustini
2077 5792 2092 5813 ,

496 5817 754 5871 Florentii
781 5828 826 5870 et
856 5817 1161 5879 Secundini,
1203 5817 1271 5870 ad
1302 5820 1698 5875 consacerdotes
1731 5817 2018 5876 Proculum
2045 5829 2092 5875 et

491 5888 809 5958 (.'ylinnium,
845 5889 909 5943 (le
936 5905 1037 5959 quo
1070 5888 1312 5960 chorin,
1343 5892 1432 5961 qui
1461 5910 1554 5962 pro
1582 5911 1640 5946 eo
1669 5895 1808 5963 quod
1833 5910 1932 5947 non
1956 5904 2094 5947 recta

2201 4947 2389 5004 valere
2415 4963 2702 5006 memores
2719 4949 2912 5006 nostri.

2205 5318 2443 5390 qutedam
2465 5327 2689 5388 saperet,
2721 5333 2812 5373 nec
2841 5332 2962 5372 vera
2987 5315 3052 5372 de
3078 5315 3182 5387 [ide
3212 5314 3440 5378 sentiret,
3480 5330 3574 5390 pro
3600 5311 3818 5390 hacsui

2204 5387 2438 5462 corporis
2481 5387 2883 5462 praesumptione
2921 5407 2952 5443 a
2993 5390 3186 5445 sanctis
3220 5388 3525 5462 memoratis
3569 5387 3819 5462 patribus

2203 5459 2434 5518 Praculo
2460 5459 2507 5517 et
2538 5462 2779 5534 Cylianio
2822 5471 3167 5534 correptusget
3196 5459 3260 5514 de
3295 5459 3408 5534 loco
3436 5473 3528 5512 suo
3550 5460 3778 5534 _ejectus
3797 5499 3816 5523 ,

2201 5535 2271 5588 ad
2312 5543 2551 5590 sanctum
2579 5529 2930 5605 Augustinum
2962 5529 3010 5587 et
3034 5532 3169 5605 alios
3193 5531 3487 5605 praemissos
3513 5529 3652 5583 viros
3681 5546 3816 5598 per-

2201 5607 2340 5679 venit
2363 5608 2532 5679 gratia
2555 5601 2811 5677 coniugii.
2848 5604 3004 5679 Unde
3028 5605 3093 5658 ab
3121 5601 3201 5658 eis
3217 5601 3494 5657 salubriter
3518 5611 3816 5679 correctus,

2201 5687 2248 5733 et
2275 5678 2342 5732 ad
2363 5673 2555 5732 sanam
2596 5673 2885 5732 doctrinam
2915 5676 3181 5740 reduetus,
3212 5691 3306 5728 suo
3344 5681 3419 5727 est
3447 5673 3690 5744 episcopo
3719 5689 3819 5743 per

2202 5750 2473 5818 propriam
2520 5749 2796 5820 epistolam
2844 5747 3101 5804 catholico
3145 5746 3439 5803 sentientem
3485 5760 3603 5798 cum
3652 5745 3819 5800 sociis

2201 5823 2587 5877 reconciliatus.
